3350 5100
301 297 342 359 10
819 313 903 359 raas
928 312 950 358 1.

300 437 333 503 S.
351 435 481 512 Sectam,
498 457 567 520 pro
591 438 792 520 opportunis
814 437 1039 520 providentiis
1061 435 1277 514 consuluerit,
1293 452 1478 516 suppresso

299 567 413 626 tamen
431 561 635 645 poenitentis
658 560 797 626 nomine
816 581 846 622 s.
873 561 964 624 Haec
994 560 1136 623 innuisse
1163 555 1310 630 sufficiat,
1336 558 1411 641 quia
1437 555 1480 621 de

298 682 491 769 procedendi
525 685 649 748 ratione
680 682 720 746 ad
752 685 877 747 crimen
904 681 1118 747 evincendum
1145 680 1396 754 sollicitationis,
1419 699 1479 744 suo

296 810 378 882 loco,
405 809 521 874 redibit
543 827 660 873 sermo.

388 933 507 998 Eadem
533 933 640 999 Gonst.
659 933 921 998 Sacramentum
936 933 1065 998 Poenit.
1084 932 1189 1002 edicit,
1215 951 1286 996 esse
1309 935 1478 1015 peccatum

298 1057 391 1120 Rom
418 1059 510 1121 Pont.
536 1063 737 1122 reservatum
761 1055 850 1129 illud,
875 1056 959 1140 quod
987 1062 1118 1140 patrant
1141 1055 1330 1119 calumniosi
1357 1029 1506 1118 denun-¹

298 1183 448 1246 alatores.

387 1308 417 1372 8.
443 1307 555 1382 Quoad
578 1309 780 1373 Sacramenti
804 1309 981 1371 Extremae
1005 1306 1172 1372 Unctionis
1196 1311 1228 1368 et
1251 1305 1479 1370 Eucharistiae

233 1473 239 1486 -
297 1429 617 1504 administrationem,
632 1430 738 1496 Consi.
752 1431 816 1512 Ap.
829 1426 907 1494 Sed.
920 1428 979 1494 sub
995 1449 1026 1492 n.
1040 1428 1133 1500 XIV,
1147 1429 1235 1493 inter
1246 1447 1371 1491 excom.
1384 1427 1476 1510 simp.

298 1555 337 1619 R.
363 1556 400 1619 P.
426 1567 619 1628 reservatas,
644 1526 783 1620 censura
810 1554 940 1640 plectit:
967 1553 1191 1640 ‹Religiosos
1216 1558 1479 1638 praesumentes

297 1682 428 1748 clericis
451 1689 510 1748 aut
542 1682 655 1763 laicis,
684 1689 785 1748 entra
817 1701 936 1748 casum
966 1661 1187 1763 necessitatis,
1213 1682 1477 1748 Sacramentum

296 1806 482 1872 Eutremae
503 1805 675 1873 Unctionis
691 1813 750 1872 aut
762 1806 999 1872 Eucharistiae
1011 1825 1077 1888 per
1091 1805 1252 1872 uiaticum
1268 1806 1476 1886 ministrare,

297 1928 423 2014 absque
447 1930 598 1997 Parocbi
621 1931 756 1997 ticentia
773 1950 803 1994 a.
828 1929 1024 2015 Iampridem
1052 1929 1116 1995 hoc
1138 1931 1345 1995 constitutum
1368 1929 1477 1992 tuerat

297 2055 329 2118 in
355 2055 452 2120 Glem.
476 2053 498 2116 Ι
519 2055 567 2120 De
591 2055 684 2120 Pria.
711 2056 744 2119 in
768 2055 865 2120 Conc.
891 2055 1087 2128 Viennensi;
1112 2062 1146 2118 at
1168 2055 1237 2138 ipse
1261 2054 1409 2120 Clemens
1432 2055 1476 2134 V,

297 2179 452 2244 nonnulla
486 2179 603 2245 adiecit
637 2179 847 2264 exceptiones
878 2179 981 2262 quoad
1011 2179 1188 2244 familiares
1219 2184 1252 2244 et
1286 2179 1477 2246 domesticos

297 2302 446 2367 domuum
464 2303 700 2387 religiosarum,
724 2322 804 2386 quas
828 2305 1037 2388 exceptiones
1061 2304 1217 2368 iteratas
1241 2303 1355 2368 habuit
1378 2303 1474 2368 cone.

297 2425 383 2490 Trid.
418 2427 505 2492 Sess.
529 2426 588 2502 24,
614 2445 688 2508 cap.
714 2427 759 2500 11,
785 2426 834 2491 De
857 2426 922 2509 ref.
946 2432 1026 2492 mat.
1055 2426 1106 2492 his
1129 2426 1257 2492 verbis:
1288 2453 1304 2483 ι
1326 2426 1476 2509 eaccptis

298 2559 411 2617 tamen
434 2552 477 2618 iis
499 2552 559 2637 qui
579 2552 766 2635 praedictis
790 2552 871 2618 locis
887 2548 919 2636 (a
935 2552 1156 2619 iurisdictione
1179 2553 1352 2638 episcopali
1369 2571 1476 2617 exem·

297 2678 371 2762 ptis)
394 2687 454 2742 aut
481 2678 610 2742 militiis
640 2683 718 2743 actu
748 2677 956 2758 inserviunt,
988 2682 1021 2743 et
1049 2678 1142 2743 intra
1172 2697 1293 2744 eorum
1315 2682 1411 2759 septa
1433 2697 1477 2743 ac

297 2801 419 2866 domm
436 2800 596 2875 resident,
618 2800 747 2885 subque
762 2819 882 2865 eorum
898 2800 1087 2866 obedientia
1101 2802 1220 2867 uiuum
1235 2823 1265 2867 a.
1288 2802 1351 2868 Sed
1366 2804 1474 2869 const.

297 2924 412 3006 Apost.
439 2924 536 2990 Sedis
559 2926 707 2989 correxit
736 2924 988 3006 clementinam,
1020 2944 1103 3008 quae
1128 2926 1353 3011 compescebat
1386 2927 1474 2991 hunc

296 3045 430 3111 abusum
461 3048 557 3111 etiam
587 3048 620 3110 in
651 3046 932 3112 administratione
962 3050 1156 3114 sacramenti
1178 3049 1416 3115 Eucharistiae
1437 3050 1477 3114 in

292 3170 457 3254 paschate
479 3176 512 3235 et
535 3170 755 3236 matrimonii.
778 3172 904 3237 Verum
928 3171 1032 3256 quoad
1055 3175 1249 3238 matrimonii
1270 3174 1474 3239 administra·

295 3297 425 3368 tionem,
450 3295 572 3379 aliquid
595 3297 760 3361 constituit
781 3296 877 3361 Cone.
895 3297 984 3363 Trid.
1002 3298 1089 3364 Sess.
1106 3298 1165 3372 24,
1190 3318 1265 3381 cap.
1284 3302 1313 3371 1,
1337 3300 1388 3365 De
1408 3299 1473 3382 ref.

295 3425 388 3501 mat,
407 3419 492 3484 unde
508 3419 698 3503 iampridem
711 3425 861 3485 correcta
876 3419 978 3485 fuisse
994 3421 1123 3486 videtur
1138 3422 1351 3496 Clementiae,
1368 3426 1476 3508 prouti

296 3562 330 3607 n.
353 3540 483 3626 subseq.
509 3541 662 3607 dicemus.

386 3666 585 3733 Advertatur
608 3668 761 3733 eiusmodi
787 3688 959 3735 censuram
990 3670 1088 3733 latam
1111 3669 1211 3734 luisse
1239 3690 1281 3735 ne
1305 3672 1475 3756 regulares

295 3792 368 3862 viri,
386 3798 553 3875 postquam
569 3792 699 3857 admissi
715 3799 790 3858 sunt
811 3794 852 3859 ad
868 3795 1025 3881 agendam
1046 3796 1229 3860 animarum
1246 3814 1358 3860 curam
1373 3800 1474 3880 pasto·

296 3916 408 3988 ralem,
430 3916 502 3979 iura
525 3915 719 3981 invaderent
742 3918 970 4002 parochorum.
993 3920 1043 3984 Ex
1066 3926 1159 3984 textu
1182 3926 1288 3984 autem
1314 3941 1472 3986 excomm.

296 4038 390 4104 modo
414 4039 526 4109 relato,
552 4042 714 4123 sequitur:

433 4161 462 4247 l)
486 4160 572 4225 hanc
587 4180 757 4226 censuram
774 4182 839 4225 uon
859 4164 1031 4227 incurrere
1048 4166 1232 4251 regularem
1249 4168 1355 4232 virum
1371 4168 1473 4232 admi·

295 4288 487 4352 nistrantem
513 4285 595 4349 haec
614 4288 819 4351 sacramenta
835 4289 1050 4372 regularibus,
1067 4292 1162 4355 etiam
1179 4292 1314 4357 alterius
1331 4293 1473 4366 Ordinis,

296 4406 453 4494 (quamvis
465 4405 632 4490 approbati
649 4428 720 4471 cum
737 4410 819 4473 votis
838 4409 1061 4496 simplicibus),
1078 4414 1216 4495 novitiis,
1235 4414 1373 4496 famulis,
1390 4416 1475 4480 aliis·
