3350 5100
426 268 470 314 ns
494 267 633 315 runicus
656 264 901 316 omumanrsus
924 262 961 310 ru
984 263 1101 310 scama
1288 243 1353 311 567

170 392 288 442 exarata
302 387 430 456 Episcopi
444 387 626 457 deputatione
645 389 793 453 munitum,
806 389 894 441 testes
913 387 1051 441 intersint.
1071 385 1229 438 Cavendum
1244 400 1354 454 quoque

172 510 208 549 ne
226 511 261 548 ex
279 493 541 548 denunciationibus
560 503 720 565 quaeratur,
733 511 798 549 num
817 493 1013 549 sollicitationi
1032 493 1237 548 consenserint:
1249 497 1279 546 et
1290 507 1355 546 con·

172 599 413 653 venientissimum
431 600 513 665 foret,
526 601 547 654 si
568 600 602 655 de
621 600 777 654 huiusmodi
797 615 931 655 consensu
951 599 1130 670 quantumvis
1147 602 1247 667 sponte
1265 599 1355 652 mani-

171 706 277 760 festato
295 702 366 759 nihil
387 710 498 761 notetur
517 707 545 760 in
566 707 671 761 tabulis
691 703 738 778 (1).

261 814 286 866 7.
307 813 536 869 Denuuciationis
559 831 629 868 onus
652 819 696 870 est
714 814 861 884 personale
880 819 910 868 et
933 816 968 868 ab
985 815 1048 884 ipse
1066 829 1184 883 persona
1202 811 1355 866 sollicitata

171 920 387 990 adimplendum.
407 921 510 975 Verum
529 921 552 976 si
572 921 745 992 gravissimis
769 921 981 976 difficultatibus
1005 921 1187 990 impediatur,
1206 919 1355 990 quominus

172 1029 225 1084 hoc
244 1031 378 1099 perlicere
396 1031 457 1099 ipsa
476 1031 570 1099 possit,
585 1036 650 1084 tune
668 1030 709 1085 vel
729 1046 780 1101 per
797 1047 835 1098 se,
848 1030 894 1084 vel
913 1044 962 1099 per
981 1029 1137 1100 epistolem,
1149 1027 1195 1082 vel
1207 1042 1257 1097 ρον
1269 1026 1354 1081 aliam

172 1156 319 1210 personam
338 1139 392 1192 sibi
411 1139 571 1194 benevisam
590 1156 670 1194 sunm
689 1137 772 1195 οάοοῐ
785 1139 963 1193 ordinarium
981 1138 1027 1192 vel
1045 1139 1170 1190 sanctem
1190 1135 1288 1190 Sedem
1304 1152 1355 1204 ρον

172 1262 281 1300 sacram
295 1245 552 1312 poenitentiarium,
565 1246 609 1300 vel
623 1247 707 1301 etism
721 1264 770 1315 ρον
783 1247 855 1301 hanc
868 1263 1026 1314 supremam
1039 1243 1259 1315 inquisitionem,
1270 1260 1355 1314 expo-

171 1353 234 1407 sitis
253 1354 381 1406 omnibos
400 1353 626 1418 circumstantiis,
640 1359 669 1408 et
687 1353 787 1408 deiude
804 1371 834 1406 se
851 1353 1022 1422 geratiuxte
1035 1352 1256 1418 instructionem,
1270 1368 1353 1422 quam

171 1461 228 1515 erit
246 1465 404 1530 acceptura.
424 1461 453 1514 Si
466 1477 533 1516 vero
552 1461 702 1516 necessitas
716 1465 824 1529 urgeat,
839 1465 965 1529 aegerat
982 1461 1063 1514 iuxta
1075 1457 1191 1513 consilia
1206 1461 1235 1513 et
1245 1457 1354 1512 monita

171 1569 214 1622 sni
235 1569 404 1624 confessarii.
426 1570 477 1622 Ast
494 1567 516 1622 si
536 1568 617 1623 nullo
634 1569 834 1637 impedimento
849 1568 964 1623 detenta
982 1567 1223 1623 denunciationem
1240 1567 1353 1621 omnino

171 1680 282 1742 renuat,
300 1676 329 1729 in
350 1675 401 1729 boc
420 1691 484 1730 casu
505 1675 623 1746 aliisque
641 1693 727 1744 supra
744 1675 907 1731 memoratis
927 1673 1081 1729 laudandus
1100 1678 1143 1729 est
1161 1673 1355 1738 confessarius,

171 1783 220 1852 qui
239 1797 352 1850 operam
371 1799 449 1835 suam
469 1783 623 1851 poenitenti
643 1798 696 1836 non
715 1781 906 1851 denegaverit,
919 1751 948 1836 ei
966 1780 1011 1835 vel
1030 1779 1207 1835 Ordinarium
1225 1778 1272 1833 rei
1291 1796 1356 1833 san-

171 1893 248 1944 ctam
266 1889 363 1944 Sedem
383 1904 434 1956 pro
446 1890 609 1958 opportunis
627 1888 809 1957 providentiis
826 1888 1009 1952 consuluerit,
1021 1903 1168 1957 suppresso
1181 1890 1277 1940 tamen
1289 1901 1357 1954 poe-

171 1995 290 2051 nitentis
317 1995 437 2050 nomine.
466 1996 610 2050 Formulas
635 1999 729 2051 autem
753 1995 831 2050 hisce
857 1995 885 2049 in
913 1995 1023 2049 casibus
1047 1993 1216 2049 adhibendas
1240 1992 1355 2047 tradunt

172 2103 283 2172 probati
301 2109 439 2166 auctores,
451 2119 520 2174 quos
539 2103 613 2157 inter
631 2102 785 2171 Pignatelli
802 2103 922 2158 consult.
945 2103 1003 2156 104.
1022 2103 1138 2168 Gerena,
1157 2101 1281 2156 Albitius
1300 2105 1352 2155 etc.

262 2209 287 2263 8.
308 2209 368 2264 Non
389 2211 580 2280 infrequenter
597 2211 719 2264 occurrit
738 2228 826 2277 casus,
846 2215 877 2264 ut
896 2209 1080 2266 confessarius
1098 2209 1205 2263 aliusve
1224 2208 1354 2263 ecclesia·

171 2315 259 2369 sticus
277 2317 320 2368 vir·
339 2316 374 2368 ab
396 2314 540 2384 Episcopis
559 2315 685 2386 (quorum
711 2315 809 2386 utique
832 2314 902 2370 baec
925 2318 1049 2384 potestas
1074 2313 1128 2385 est)
1146 2315 1296 2384 deputetur
1320 2314 1353 2368 ad

171 2420 401 2476 denunciationes
420 2420 593 2489 recipiendas
605 2421 634 2475 in
647 2437 677 2475 re
690 2421 724 2474 ad
742 2421 950 2475 sollicitationis
969 2421 1074 2475 crimen
1089 2425 1234 2490 spectante
1249 2421 1354 2492 absque

170 2529 331 2583 interventu
352 2528 461 2583 notarii.
489 2527 560 2582 Huic
579 2529 757 2583 instructioni
784 2528 882 2584 folium
908 2526 1039 2582 adiicitur
1057 2529 1132 2582 circa
1154 2528 1280 2593 modom,
1299 2543 1354 2599 quo

172 2633 249 2687 hisce
268 2634 297 2687 in
315 2634 426 2687 casibus
444 2634 543 2689 confici
563 2634 741 2690 denunciatio
760 2636 851 2691 debet.
871 2635 923 2697 Qui
942 2636 1017 2690 enim
1036 2635 1070 2689 ad
1089 2635 1142 2689 hoc
1158 2634 1353 2703 gravissimum

171 2755 271 2792 munna
290 2738 343 2791 viri
364 2738 484 2793 maxime
505 2740 596 2793 idonei
615 2740 808 2807 destinantur,
827 2740 861 2795 de
880 2746 945 2795 actu
964 2740 1188 2794 denunciationis
1208 2738 1355 2793 iudiciaria

171 2844 280 2899 ratione
299 2843 463 2899 assumendo
482 2844 582 2898 instrui
602 2845 712 2912 debent,
731 2862 764 2899 ac
783 2846 899 2909 moneri,
918 2846 1064 2901 utstatim
1083 2862 1100 2899 a
1118 2848 1233 2914 recepta
1250 2845 1355 2899 denun-

170 2946 294 3000 ciatione
312 2962 373 2999 eam
392 2947 526 3002 continuo
544 2947 578 3001 sd
597 2950 688 3017 ipsum
707 2950 883 3019 Episcopum,
896 2968 913 3003 a
924 2966 980 3021 quo
995 2951 1109 3005 fuerunt
1121 2948 1257 3017 deputati,
1270 2952 1354 3002 caute

171 3052 379 3117 transmittant,
398 3069 488 3123 neque
506 3054 627 3107 conlecti
652 3059 731 3108 actus
749 3054 908 3124 exemplum
927 3054 971 3113 vel
995 3056 1143 3125 vestigium
1167 3054 1281 3126 aliquod
1298 3052 1354 3108 sibi

171 3164 321 3217 retineant.
341 3166 433 3233 Atque
452 3163 481 3215 iu
500 3164 573 3217 bunc
591 3164 650 3217 fere
668 3162 779 3217 modum
798 3164 872 3218 haud
887 3164 1036 3219 difficulter
1055 3164 1239 3219 denunciandi
1251 3180 1353 3224 munus

170 3269 347 3339 edimpletur.
368 3270 497 3325 Profecto
515 3288 532 3325 a
551 3271 675 3325 locorum
688 3271 841 3325 Ordinariis
859 3272 1033 3327 efficiendum
1052 3276 1103 3339 est,
1116 3288 1152 3327 ne
1164 3272 1199 3325 ad
1211 3272 1274 3325 loca
1286 3288 1353 3325 suae

171 3378 356 3433 iurisdictioni
375 3379 501 3433 subiecta
519 3378 660 3449 applicare
678 3384 809 3450 oporteat
820 3380 893 3450 quod
912 3396 961 3449 pro
976 3380 1155 3435 missionibus
1167 3379 1351 3433 Pernambuci

170 3484 199 3537 in
218 3486 350 3539 Americe
368 3486 413 3540 die
432 3489 467 3539 22
490 3486 610 3541 ianuarii
631 3504 674 3542 an.
696 3488 763 3542 1627
783 3487 955 3542 declaratum
974 3488 1041 3541 luit:
1061 3487 1199 3542 Mulieres
1221 3485 1354 3542 videlicet

169 3593 337 3647 sollicitatos
355 3610 411 3647 non
423 3596 513 3649 teneri
524 3596 561 3648 ud
574 3596 825 3662 denunciationem,
837 3596 863 3648 si
873 3596 996 3650 ministri
1008 3594 1200 3665 inquisitionis
1211 3604 1239 3648 et
1249 3596 1354 3648 sicorii

171 3698 304 3771 Episcopi
320 3704 350 3753 in
370 3702 528 3772 lonqinquis
552 3704 713 3771 ropionibus
736 3704 869 3772 decentes
886 3706 948 3757 sine
969 3704 1053 3770 praei
1076 3703 1250 3756 incommodo
1274 3703 1352 3755 adiri

170 3816 316 3875 nequeant.

260 3912 285 3965 9.
306 3912 333 3966 Si
353 3914 383 3967 in
401 3914 671 3981 denunciationibus,
690 3916 762 3987 quod
782 3932 836 3971 non
856 3933 921 3971 raro
938 3916 1086 3985 contingit,
1099 3916 1173 3971 aliae
1191 3916 1351 3971 indicantur

171 4033 306 4086 personae
324 4020 397 4074 torte
415 4020 521 4089 pariter
539 4020 722 4088 sollicitatae,
741 4020 786 4076 vel
805 4038 877 4093 quae
895 4022 929 4077 de
946 4021 1000 4077 hoc
1018 4024 1135 4077 crimine
1159 4022 1350 4077 testimonium

170 4126 244 4179 serre
263 4125 359 4196 aliqua
373 4128 482 4183 ratione
500 4128 616 4197 possint,
628 4127 681 4183 hae
695 4144 804 4199 quoque
822 4146 919 4185 omnes
931 4134 960 4187 st
972 4131 1087 4186 seorsim
1103 4129 1250 4184 iudiciaria
1260 4129 1351 4182 forma

169 4233 297 4300 superius
315 4235 466 4287 enunciata
485 4234 686 4289 examinandae
704 4238 782 4289 sunt:
796 4241 825 4290 et
845 4238 934 4305 primo
954 4254 1002 4306 per
1020 4238 1177 4307 peneralio,
1189 4235 1290 4292 deinde
1301 4250 1352 4305 per
1415 4312 1419 4318 .

261 4408 290 4463 (i)
305 4411 341 4453 lilx
357 4409 442 4454 declar.
458 4412 544 4455 Urbani
558 4412 624 4466 Vlll,
640 4414 682 4455 sub
695 4413 737 4456 ier.
754 4413 782 4466 V,
797 4413 832 4455 die
848 4413 874 4455 l'l
888 4414 960 4469 April.
977 4414 1036 4458 leet.
