3350 5100
802 603 983 669 TITULUS
1016 605 1058 667 ll.

469 856 512 901 ΒΕ
537 856 697 902 edesenus
722 855 757 900 ΙΝ
781 853 911 901 IUDlGlO
935 853 1116 900 ORlMlNALl
1141 851 1396 900 noctusrnsrlco

737 979 875 1026 PARTEM
902 979 1124 1025 HABENTIBUS.

343 1187 560 1244 summarius.
576 1217 612 1232 -
632 1187 692 1243 123.
713 1189 856 1250 Quaedam
876 1205 1011 1256 personae
1031 1188 1060 1241 in
1079 1187 1182 1241 iudicio
1201 1193 1266 1241 sunt
1285 1189 1472 1240 necessariae.
1489 1213 1524 1224 —

432 1297 490 1352 124.
510 1297 650 1358 Quaedam
674 1301 858 1352 accessorius.
883 1325 914 1336 -
937 1297 996 1350 125.
1017 1296 1113 1357 Quoad
1132 1299 1314 1360 accessorius,
1333 1293 1525 1364 quaerendum

431 1409 475 1458 est
492 1420 528 1456 au
544 1414 747 1474 procuratores
765 1409 794 1456 et
810 1403 940 1457 aduocati
959 1402 987 1456 in
1008 1419 1036 1456 re
1058 1383 1202 1456 missinati
1219 1400 1383 1455 admittendi
1404 1400 1468 1452 sint

436 1653 510 1718 123.
531 1656 599 1718 lam
616 1652 825 1732 advertimus,
846 1655 990 1717 intimam
1006 1659 1203 1718 structuram
1221 1651 1328 1718 iudicii
1345 1649 1527 1715 criminalis

345 1780 488 1846 eamdem
520 1800 590 1844 esse
621 1799 659 1844 ec
692 1800 761 1845 eam
797 1781 906 1846 iudicii
942 1780 1066 1852 civilis;
1100 1779 1236 1864 proinde
1266 1785 1334 1845 tres
1365 1797 1558 1865 personae·

344 1913 418 1970 eunt
441 1907 473 1969 in
489 1906 550 1969 isto
566 1905 682 1970 iudicio
704 1906 926 1974 necessariae.
953 1907 1102 1970 nimirum
1128 1911 1315 1978 accusator,
1337 1925 1393 1970 seu
1417 1909 1526 1974 actor.

343 2051 424 2098 reus
436 2037 469 2094 et
479 2031 595 2096 iudex.
612 2033 656 2094 At
670 2029 711 2094 de
727 2029 778 2094 his
794 2031 929 2116 singulis
945 2030 1064 2113 aliquid
1082 2031 1252 2115 specialius
1268 2031 1354 2094 infra
1369 2029 1527 2100 dicemus.

344 2161 380 2222 ut
404 2152 619 2239 significemus
642 2154 782 2238 speciale
805 2153 946 2219 officium
970 2154 1086 2219 harum
1111 2175 1322 2239 personarum
1348 2157 1380 2219 in
1407 2153 1528 2220 iudicio

346 2280 516 2345 criminali.
535 2313 552 2328 -
571 2279 656 2344 Sane
671 2284 769 2344 actor
781 2281 813 2342 in
827 2279 944 2343 iudicio
961 2280 1122 2344 criminali
1139 2281 1322 2364 appellatur
1333 2285 1526 2350 caussatur.

346 2407 398 2490 qui
423 2405 456 2468 in
473 2423 531 2468 sua
547 2404 733 2472 intentione,
758 2409 882 2467 tanturn
907 2403 1047 2468 distata
1070 2423 1166 2488 scopo
1190 2407 1240 2469 cui
1267 2406 1402 2468 inservit
1417 2408 1525 2476 actor.

346 2537 500 2616 quantum
524 2531 574 2594 ius
596 2535 629 2595 et
651 2529 768 2594 bonum
794 2531 955 2615 privatum
980 2525 1134 2595 differunt
1156 2550 1176 2593 a
1200 2531 1425 2615 persecutione
1448 2550 1525 2613 poe-

346 2674 476 2724 narum,
504 2672 598 2737 quem
622 2651 718 2717 finem
742 2651 878 2717 intendit
902 2655 1138 2719 accusatorio
1165 2653 1283 2718 iudicio
1307 2654 1479 2717 criminali.
1508 2686 1525 2701 -

345 2778 475 2844 Exinde
497 2784 669 2841 accusator
691 2781 742 2841 est
764 2781 819 2840 aut
842 2776 998 2858 priuatus
1021 2779 1101 2842 civis
1123 2797 1280 2842 accusans
1300 2779 1428 2841 nomine
1445 2778 1527 2841 Rei-

347 2901 495 2987 publicae
510 2907 566 2966 aut
581 2901 811 2986 maaser-atus.
828 2921 889 2985 pro
904 2901 1035 2965 diversa
1050 2904 1277 2967 constitutione
1298 2904 1377 2967 iuris
1394 2901 1527 2987 publici,

346 3027 453 3111 prouti
477 3045 576 3110 supra
602 3025 843 3110 explicavimus.
875 3060 892 3073 -
923 3025 972 3090 Ad
996 3024 1087 3097 haec,
1113 3029 1188 3109 quia
1211 3025 1363 3092 iudicium
1387 3026 1527 3111 paenale

347 3148 518 3233 aliquando
543 3151 643 3213 initur
666 3168 726 3233 per
745 3150 838 3214 aiam
862 3150 1136 3217 denunciationis
1159 3170 1217 3215 seu
1239 3152 1373 3234 praevie
1396 3150 1528 3215 denun-

347 3274 500 3353 ciatione,
517 3275 563 3337 ita
582 3273 772 3337 recensendi
797 3278 873 3338 sunt
896 3276 990 3338 etiam
1016 3276 1285 3347 denunciatores.
1313 3312 1330 3322 -
1357 3276 1402 3339 De
1425 3294 1526 3341 accu-

347 3397 516 3463 satoribus
539 3405 572 3462 et
594 3398 895 3463 denunciatoribus
918 3418 1050 3483 agemus
1073 3401 1105 3463 in
1130 3401 1277 3483 sequenti
1301 3402 1414 3483 capite.

438 3522 512 3586 124.
539 3524 715 3586 Praeterea
737 3522 822 3586 aliae
846 3542 1005 3607 personae
1032 3532 1107 3589 sunt
1130 3526 1338 3591 accessorius
1361 3544 1417 3589 seu
1442 3543 1526 3607 quae

348 3666 480 3733 operam
497 3646 575 3711 dant
591 3646 645 3710 vel
662 3648 853 3713 accusatori
868 3648 920 3711 vel
940 3667 1000 3713 reo
1015 3649 1068 3711 vel
1091 3649 1197 3714 iudici
1219 3654 1255 3713 ut
1270 3648 1313 3729 hi,
1331 3649 1524 3732 respective,

348 3772 480 3836 valeant
490 3770 616 3855 plenius
627 3791 719 3834 suurn
732 3791 847 3835 munus
861 3771 1034 3855 explicare.
1048 3774 1114 3837 lam
1123 3774 1155 3836 in
1160 3774 1415 3858 proleyomenis
1425 3762 1524 3837 Voll

348 3898 608 3961 enumeravimus
631 3914 789 3979 quaenam
812 3899 876 3960 sint
900 3898 980 3961 istae
1001 3916 1167 3981 personae,
1185 3898 1336 3963 videlicet
1359 3897 1525 3963 docuimus

348 4023 530 4087 aduocatos
557 4026 589 4084 et
610 4028 854 4104 procuratores
885 4022 1039 4086 adiuvare
1065 4030 1209 4087 actorem
1233 4029 1265 4087 et
1293 4042 1401 4097 reum;
1425 4022 1524 4087 audi·

349 4154 446 4219 tores,
459 4166 653 4227 assessores,
666 4147 879 4212 consiliarios
891 4166 1021 4231 operam
1035 4146 1193 4231 praebere
1203 4147 1386 4228 iudicibus;
1398 4146 1524 4210 demum

350 4269 580 4341 cancellarios,
598 4268 780 4348 actuarios,
796 4270 958 4348 notarios,
974 4268 1199 4350 apparitores.
1216 4274 1284 4332 tum
1300 4270 1403 4333 actori
1418 4274 1451 4334 et
1468 4286 1523 4331 reo

347 4394 414 4452 tum
438 4388 533 4454 iudici
558 4409 646 4453 suam
670 4408 801 4472 operam
826 4389 915 4454 dare.
