3350 5100
315 297 361 364 72
839 318 923 366 reas
947 318 968 364 1.

315 459 379 508 cea
396 459 460 508 rno
477 459 722 508 vmmcarroua
737 461 860 509 runrou
876 460 999 508 rorum
1023 459 1229 512 annuarum,
1246 459 1290 507 ar
1313 459 1350 506 m
1373 458 1492 507 ualuis

315 585 445 632 aeuum
471 585 507 632 m
530 585 718 633 assoricus
742 567 782 632 R.
806 565 912 633 Pour.
936 585 1063 633 romeu
1084 565 1219 638 dautes,
1242 563 1295 630 oet
1317 583 1394 630 eam
1412 583 1494 647 pro·

315 693 495 761 mouentes,
512 695 572 755 out
591 690 623 755 ei
646 690 962 776 quomodocumque
982 688 1137 773 fauentes
1154 687 1207 754 oet
1221 686 1446 753 adhaerentes
1460 709 1492 750 ».

317 812 442 878 Prodiit
464 814 526 878 hoc
542 813 709 879 decretum
725 833 768 880 ax
784 813 816 880 S.
835 811 1102 884 Paenitentiama,
1118 811 1276 898 probante
1290 809 1351 876 Pio
1367 811 1426 886 IX,
1446 813 1494 878 uti

316 936 429 1003 videre
452 946 502 1005 ast
524 939 609 1026 apud
632 941 720 1006 Acta
743 940 777 1006 S.
803 938 902 1006 Sedis
925 939 1001 1004 Vol.
1024 937 1119 1012 XVI,
1142 959 1174 1024 p.
1201 937 1274 1003 148.

407 1063 519 1138 Quoad
541 1083 667 1132 uomere
682 1065 810 1138 dautes
828 1064 1085 1131 Paenitentiaria
1107 1063 1296 1135 declaravit,
1317 1063 1495 1128 6661116111-

316 1207 394 1253 rere
416 1207 588 1254 censuram
611 1189 665 1273 qui
689 1207 845 1274 expresse
867 1189 1077 1262 satanianos
1099 1188 1259 1253 assentire
1281 1186 1436 1252 doctrinis
1460 1189 1495 1251 in

316 1318 556 1398 programmate
579 1313 758 1400 explicatis,
776 1319 808 1379 et
831 1333 943 1380 coram
965 1312 1088 1378 duobus
1111 1311 1244 1378 testibus
1266 1311 1495 1397 obligationem

315 1437 514 1503 contrahunt
542 1436 639 1503 dandi
662 1457 811 1524 operam,
840 1442 876 1503 ut
905 1437 987 1502 tales
1008 1435 1177 1502 doctrinae
1207 1441 1437 1522 propagentur,
1463 1441 1497 1501 et

315 1561 453 1628 societas
482 1561 644 1636 dilatetur,
668 1565 745 1630 licet
774 1583 895 1628 revera
926 1581 991 1627 non
1022 1550 1202 1628 assentiant
1231 1581 1293 1627 nee
1322 1561 1496 1646 quidquam

314 1687 446 1754 iaciant.
472 1685 683 1762 D'Annibalc,
710 1689 836 1756 domm.
863 1687 912 1754 ed.
937 1685 985 1764 4²,
1009 1707 1040 1774 p.
1067 1688 1140 1752 141.

383 2009 405 2089 ἓ
427 2007 459 2074 2.
484 2007 535 2074 De
558 2008 759 2075 criminalius
781 2028 870 2094 quoe
894 2008 1047 2095 corporis
1070 2012 1103 2074 et
1124 2007 1262 2073 animae
1280 2006 1425 2072 sulutem

678 2135 717 2200 iu
739 2135 924 2202 discrimen
947 2133 1132 2200 adducunt.
1299 2117 1303 2121 ’

475 2325 526 2368 lluc
547 2325 656 2369 aferunt.
672 2325 734 2369 tituli
750 2325 783 2378 lo,
800 2325 832 2380 11,
849 2325 883 2379 12,
899 2326 933 2378 13,
949 2326 982 2378 14,
998 2324 1032 2378 la,
1046 2327 1071 2368 X
1085 2325 1125 2368 lib.
1139 2325 1170 2378 V,
1184 2322 1233 2367 eti
1248 2325 1269 2365 V
1282 2325 1305 2368 in
1317 2324 1340 2367 6.

316 2556 534 2615 summarium.
552 2588 589 2605 -
605 2561 650 2615 51.
670 2559 708 2615 Da
728 2558 837 2631 hirqui
857 2575 955 2613 manus
974 2558 1113 2613 violentas
1132 2557 1161 2611 in
1179 2557 1285 2627 seipsos
1307 2555 1441 2611 inferunt.
1460 2584 1499 2596 -

353 2731 357 2751 ἱ
403 2668 446 2720 52.
467 2666 597 2721 Duellum
623 2667 757 2737 gravibus
781 2666 878 2736 poenis
903 2666 1101 2735 compescitur.
1120 2692 1154 2707 -
1173 2662 1217 2718 53.
1238 2661 1446 2719 Prohibitiones
1467 2666 1499 2716 et

404 2792 510 2844 poenae
520 2776 691 2831 constitutae
700 2776 729 2831 iu
739 2780 935 2831 torneamenta
944 2780 973 2829 et
982 2774 1154 2843 agitationes
1164 2777 1317 2827 taurorum.
1326 2799 1362 2815 -
1370 2771 1415 2825 54.
1424 2770 1500 2831 Quo-

405 2878 486 2931 modo
505 2878 533 2931 in
553 2895 611 2933 ram
630 2878 794 2933 cantmicam
816 2878 957 2947 pertineat
976 2875 1091 2930 titulus:
1109 2890 1127 2927 e
1147 2876 1189 2930 De
1207 2876 1250 2929 his
1268 2877 1317 2945 qui
1333 2875 1409 2944 filios
1426 2874 1500 2927 occi·

405 2990 476 3039 dunt
488 2990 544 3041 »et
556 2985 671 3043 altem«
685 2987 727 3041 De
738 2986 893 3056 infantibus
905 2996 931 3039 et
945 2984 1088 3055 torpuidie
1102 2984 1235 3054 expositis
1245 2998 1269 3035 a.
1279 3009 1316 3023 -
1327 2982 1371 3035 55.
1386 2978 1498 3035 Poenae

405 3090 435 3145 in
453 3098 637 3161 procurantes
654 3094 794 3147 abortum.

406 3305 458 3372 51.
477 3304 627 3371 Charitas
651 3326 745 3391 quam
762 3307 795 3371 in
814 3306 953 3392 seipsum
978 3306 1113 3389 quisque
1136 3304 1250 3369 fovere
1273 3300 1378 3374 debet,
1395 3318 1496 3387 expo-

316 3430 416 3497 stulat
439 3436 474 3495 ut
497 3426 706 3518 diffugiantur
728 3431 875 3517 pericula
898 3450 980 3515 quae
996 3429 1151 3495 animam
1165 3433 1198 3494 et
1212 3445 1338 3510 corpus
1352 3433 1498 3510 possunt
1528 3462 1531 3465 ·

312 3558 461 3641 perdere
484 3558 521 3624 iu
543 3558 745 3646 peheuuom.
764 3556 865 3623 -Sub
888 3556 951 3621 hoc
975 3559 1126 3640 respectu
1139 3550 1321 3620 euicidium
1345 3556 1394 3618 est
1415 3548 1498 3615 deli-

316 3690 402 3750 ctum
426 3684 466 3749 ab
482 3681 633 3750 Ecclesia
655 3700 854 3768 magnopere
869 3678 1147 3767 conpescendam,
1164 3683 1261 3761 atqua
1279 3674 1395 3761 probat
1416 3674 1499 3741 The·

316 3828 451 3892 saurus,
471 3810 507 3873 P.
525 3809 570 3884 II,
591 3808 693 3893 capi
719 3842 737 3855 ·
761 3806 891 3873 Munus
912 3805 976 3871 sibi
998 3804 1153 3887 inferam
1174 3802 1340 3869 uiolentos
1356 3834 1374 3851 ·
1391 3799 1499 3865 huius·

317 3932 401 3999 modi
425 3934 623 3999 miserrimos
646 3900 809 4004 homines,
834 3932 860 3994 si
891 3949 935 3995 ex
960 3928 1024 3993 hoc
1047 3927 1194 3993 facinore
1224 3923 1398 3996 decedant,
1423 3943 1496 3989 esee

316 4058 492 4142 privandos
508 4056 675 4143 sepultura
690 4054 922 4126 ecclesiastica,
939 4053 1000 4118 nisi
1015 4057 1125 4137 pateat
1140 4070 1196 4116 eos
1211 4069 1276 4115 non
1292 4066 1370 4115 suae
1381 4019 1499 4113 meotis

316 4182 428 4253 fuisse,
442 4200 539 4265 quum
555 4178 616 4245 sibi
631 4184 767 4244 mortem
780 4178 1008 4248 consciverint,
1024 4179 1082 4239 aut
1096 4173 1157 4239 nisi
1173 4174 1266 4259 signa
1281 4170 1498 4257 poenitentiae

316 4307 475 4381 dederint,
501 4308 546 4373 uti
569 4304 657 4371 iubet
682 4303 810 4369 Rituale
835 4304 928 4368 Rom.
950 4302 1000 4366 tit.
1017 4300 1068 4367 De
1082 4318 1178 4386 ecceq.
1195 4334 1211 4349 ·
1227 4298 1278 4365 cf.
1292 4314 1376 4382 quae
1398 4296 1499 4381 expli-

317 4434 462 4502 cavimus
486 4431 562 4498 Vol.
588 4432 648 4501 Ill,
673 4450 704 4493 n.
733 4428 804 4501 181,
829 4434 964 4515 agentes
992 4427 1033 4493 de
1053 4426 1233 4509 sepultura
1263 4420 1498 4491 ecclesiastica.
