3350 5100
467 330 510 375 oa
536 328 674 377 inntens
697 327 941 375 onininsnmns
1228 308 1293 373 307

121 463 229 538 tenas,·
246 457 367 541 quippe
391 455 569 520 necessitas
591 455 710 537 scripti
732 472 910 536 processus
935 456 1113 539 persentita
1133 458 1181 517 est
1197 472 1293 535 quum

120 582 262 647 inductus
286 582 352 648 fuit
373 599 545 665 processus
568 580 791 665 inquisitione.
816 578 892 643 Vol.
917 579 941 642 l.
966 598 997 641 n.
1023 578 1089 643 385
1112 598 1157 661 sq.

199 706 277 770 237.
306 707 410 769 Porro
434 703 642 771 Innocentius
655 705 704 768 Ill
718 706 916 769 instaurator
927 720 1097 789 processus
1109 700 1296 787 inquisitioi

121 832 220 914 legem
246 830 349 894 edidit
380 848 455 913 cop.
480 829 517 893 11
539 828 590 894 De
608 828 707 911 prob.
732 828 767 891 X
787 833 997 908 statuentem,
1026 848 1085 913 per
1116 829 1296 892 actualium

120 960 186 1019 acta
200 974 377 1039 processus
400 954 536 1036 scriptis
552 972 623 1018 esse
639 952 814 1017 exaranda.
832 952 871 1017 In
888 972 1042 1037 processu
1059 956 1165 1017 autem
1189 951 1296 1036 ioqui-

118 1079 209 1144 sitioo
224 1077 435 1162 probationes
458 1076 656 1163 colliguntur
671 1096 717 1142 eoo
732 1074 854 1161 officio,
869 1094 974 1160 neque
989 1072 1024 1139 lit
1039 1076 1129 1141 locus
1153 1075 1296 1141 citationi

121 1203 257 1286 inquisiti
274 1208 309 1267 et
323 1203 540 1267 accusationis
563 1201 798 1273 contestationi,
820 1220 984 1284 quousque
1000 1220 1039 1266 ea
1054 1206 1227 1286 suppetant
1237 1202 1296 1265 rei·

121 1327 189 1390 tatis
204 1326 328 1391 indicia
351 1327 430 1390 satis
452 1326 568 1410 gravia
581 1324 623 1390 ad
638 1322 879 1389 instaurandam
904 1323 1084 1388 iudicialem
1099 1325 1295 1389 instantiam.

124 1452 157 1513 ln
172 1452 277 1535 prima
293 1449 439 1536 periodo,
453 1469 515 1534 qua
531 1450 698 1533 inquirens
713 1449 812 1514 iudex
824 1447 882 1513 sibi
901 1453 1067 1534 comparat
1079 1446 1296 1533 probationes,

122 1576 316 1659 potissimum
341 1574 449 1640 locum
472 1580 588 1640 tenent
608 1578 709 1638 testes
728 1593 797 1657 pro
812 1572 1058 1656 informatione
1075 1574 1193 1639 curiae
1214 1590 1298 1638 ecro-

122 1700 284 1765 minondi.
299 1735 314 1746 -
329 1700 487 1763 Doctores
503 1699 649 1783 practici,
663 1698 761 1763 veluti
776 1698 965 1783 Pellegrini‚
979 1700 1023 1762 ita
1039 1696 1220 1763 inscribunt
1235 1701 1298 1761 tra·

122 1824 290 1886 ctationem
306 1821 348 1885 de
366 1820 429 1886 bac
453 1822 657 1903 inquisitione
672 1821 808 1906 praevia
823 1822 1047 1885 instaurationi
1064 1820 1249 1894 instantiae;
1266 1825 1299 1883 et

123 1949 184 2032 ipse
206 1948 390 2033 Pellegrini
415 1948 436 2012 l.
461 1947 516 2012 cit.
542 1948 626 2013 Seet.
643 1947 666 2011 I
671 1946 706 2021 V,
718 1946 783 2011 af
800 1945 914 2011 refert.
935 1948 1082 2012 «Testes
1106 1966 1165 2033 pro
1185 1948 1298 2013 curiae

122 2074 358 2154 informatione,
375 2092 418 2138 ex
437 2074 599 2139 communi
622 2074 767 2159 practica
789 2074 931 2137 omnium
956 2072 1026 2138 fere
1043 2074 1208 2139 curiarum
1231 2080 1296 2139 tam

124 2199 336 2263 saecularium
352 2216 446 2281 quam
470 2197 775 2277 ecclesiasticarum,
792 2196 994 2283 recipiuntur
1013 2201 1046 2262 et
1069 2200 1298 2265 examinantur

125 2324 224 2389 statim
248 2322 363 2388 habita
386 2323 645 2411 denunciatione,
670 2342 734 2387 non
758 2324 856 2387 citata
879 2328 1019 2408 parte».

205 2448 283 2513 238.
309 2450 354 2513 At
377 2448 432 2511 hic
455 2446 567 2511 sedulo
590 2445 687 2513 debet
709 2446 866 2533 explican'
891 2453 924 2512 et
946 2448 1082 2533 intelligi
1098 2447 1218 2521 modus,
1236 2468 1298 2531 quo

126 2575 325 2659 recipiuntur
340 2575 392 2639 isti
408 2578 516 2638 testes.
535 2571 597 2639 Hic
613 2574 697 2636 enim
715 2579 763 2638 est
779 2573 886 2640 cardo
902 2575 1096 2657 quaestionis
1111 2593 1170 2658 pro
1187 2573 1297 2638 distin-

126 2697 246 2781 guendo
269 2715 428 2782 processu
447 2715 539 2780 pure
553 2696 749 2781 inquisitioo
768 2715 789 2760 a
811 2715 965 2781 processu
984 2697 1092 2762 misto
1109 2695 1166 2781 (l).
1182 2732 1199 2745 -
1219 2697 1296 2762 Nam

126 2821 156 2884 in
178 2841 334 2905 processu
360 2840 452 2904 pare
481 2821 677 2906 inquisitioo
705 2823 750 2885 ita
776 2821 979 2906 recipiuntur
1008 2823 1107 2886 testes
1134 2825 1169 2886 nt
1196 2822 1298 2886 inser-

127 2946 210 3010 dant
231 2947 453 3012 informationi
477 2947 590 3012 curiae
605 2966 670 3010 non
694 2967 787 3011 secus
802 2965 842 3011 ac
866 2947 1068 3030 recipiuntur
1084 2952 1213 3012 ceterae
1229 2965 1300 3032 pro-

126 3067 283 3145 bationes;
309 3076 342 3136 et
364 3071 533 3154 inquisitus
554 3075 633 3136 tunc
655 3070 852 3136 submittitur
875 3072 1016 3136 examini
1047 3071 1173 3156 quando
1201 3071 1299 3140 iudex

126 3195 288 3279 inquirens
304 3196 484 3261 arbitratur
498 3215 534 3260 se
549 3193 742 3261 sufficientia
757 3195 881 3261 habere
897 3195 1023 3270 indicia,
1041 3203 1175 3263 autnon
1194 3198 1298 3264 levem

127 3321 163 3385 de
184 3341 222 3386 eo
245 3323 470 3406 suspicionem,
487 3324 599 3406 utpote
613 3327 747 3385 auctore
762 3322 907 3386 criminis
927 3322 1104 3405 perquisiti.
1122 3323 1164 3388 Et
1178 3322 1300 3408 pluries

128 3449 303 3513 examinari
330 3447 417 3512 valet
443 3450 666 3530 praesumptus
697 3465 783 3518 rens,
809 3449 855 3511 uti
877 3446 1028 3526 diximus,
1053 3466 1116 3511 non
1145 3465 1238 3512 secus
1261 3467 1300 3512 ac

212 3711 253 3782 (l)
270 3711 349 3764 Hanc
361 3709 554 3781 quaestionem
569 3711 797 3778 praetermittunt
812 3711 974 3764 canonistas
990 3713 1107 3780 practici
1119 3711 1300 3780 antiquiores,

130 3817 166 3868 uti
179 3815 367 3881 Farinaccius,
381 3816 467 3870 lulius
479 3815 586 3880 Clarus,
601 3815 763 3884 pellegrini,
779 3815 942 3879 Guazzinnm,
955 3815 1022 3885 quia
1038 3816 1217 3884 explicabant
1232 3833 1301 3886 pro-

130 3924 191 3987 olm,
204 3938 259 3976 non
278 3923 415 3977 radonem
433 3922 669 3976 fundamentalem
682 3923 803 3976 eiusdem
821 3940 958 3993 praxeos:
978 3923 1206 3992 praetermittunt
1218 3939 1302 3977 cano-

131 4027 212 4084 nistas
228 4030 383 4092 theoretici,
400 4035 431 4082 ut
445 4027 569 4098 mining,
582 4027 741 4096 Scbmalzg.
753 4029 820 4098 quia
833 4029 972 4098 explicant
987 4031 1126 4083 oberosta
1142 4045 1300 4098 processum

131 4137 316 4204 inquisitionis,
329 4137 521 4200 accusationis,
535 4137 765 4201 denunciationis
785 4137 955 4190 recentiores
971 4135 1134 4191 canonistas
1148 4139 1188 4190 nti
1203 4137 1301 4204 Bouix,

132 4238 206 4306 Rota,
225 4243 336 4298 Ferrari
357 4244 586 4313 praetermittunt
604 4243 670 4312 quia
689 4247 799 4296 tantum
818 4242 960 4312 explicant
969 4261 1024 4314 pro
1035 4245 1123 4313 praui
1143 4260 1298 4313 processum

131 4346 323 4416 iaquisdim,
343 4354 372 4403 et
391 4353 511 4402 mixtum
530 4365 564 4403 ne
582 4354 739 4403 memorant
763 4349 883 4420 quidem.
906 4349 970 4403 inde
988 4352 1107 4404 obscura
1129 4365 1225 4406 eornm
1244 4357 1301 4406 tra·

133 4455 214 4508 etstio
231 4461 261 4510 et
278 4454 396 4510 minima
407 4459 541 4525 practico.
