3350 5100
443 315 485 361 oa
509 313 648 361 remens
673 312 913 359 cnrmnnmeos
939 312 973 357 m
997 311 1114 357 senem
1303 291 1367 357 397

190 457 222 501 n.
239 436 305 501 483
329 455 376 520 sq.
403 436 518 521 regula
539 436 702 520 generalis
718 444 775 501 est.
793 434 962 520 publicatis
978 432 1243 504 attestationibus,
1261 452 1369 515 super

189 561 312 625 iisdem
334 562 488 625 articulis
509 560 644 626 eosdem
668 560 720 623 eet
737 578 849 624 accos
863 563 960 622 testes
975 557 1124 640 amplias
1139 577 1209 623 non
1224 556 1368 629 admitti,

191 684 256 757 sed,
274 687 307 748 in
329 706 366 748 re
382 685 553 764 criminali,
570 685 653 748 haee
669 683 784 767 regule
800 682 979 745 faciliorem
998 683 1118 765 patitur
1134 684 1368 765 exceptionem,

192 810 266 891 quia
289 828 347 872 reo
369 807 576 873 concedenda
606 813 655 872 est
681 808 786 871 omnis
817 807 910 889 copia
940 805 1156 881 detensionis;
1181 812 1214 871 et
1241 804 1370 869 aliunde

193 934 299 1007 iudex,
315 935 356 999 ob
372 935 578 1020 probationes
594 935 747 999 collectas
763 933 800 997 in
814 933 1042 1016 inquisitione,
1060 952 1123 996 min
1140 930 1269 995 difficile
1285 930 1370 995 dete·

192 1062 240 1144 git
261 1066 317 1123 aut
340 1060 471 1145 repellit
491 1061 620 1123 testium
646 1059 813 1124 mendacia
834 1065 891 1123 aut
913 1057 1055 1137 fraudes,
1077 1076 1159 1139 quae
1183 1076 1268 1120 nova
1291 1054 1370 1120 liunt

192 1187 406 1251 accusationis
429 1190 622 1270 argumenta
646 1186 678 1248 in
702 1204 794 1249 reum
818 1189 917 1248 testes
940 1181 1182 1267 producentem.

284 1313 364 1376 ltem
387 1316 552 1397 promotor
575 1309 703 1381 fiscalis,
728 1312 780 1393 qui
807 1330 908 1373 novos
936 1314 1033 1373 testes
1056 1309 1270 1373 accusationis
1297 1326 1368 1391 pro-

193 1440 312 1504 ducere
337 1438 491 1517 intendat,
507 1458 528 1501 a
543 1437 647 1501 iudice
671 1437 808 1521 postulet
831 1442 958 1519 oportet
979 1436 1089 1499 eadem
1107 1435 1233 1497 ratione
1256 1432 1369 1497 decre-

194 1569 259 1627 tum
282 1562 493 1633 admissionis,
517 1560 601 1643 qued
625 1560 732 1625 iudex.
756 1559 797 1623 ob
821 1560 964 1623 rationes
987 1578 1086 1642 supra
1109 1557 1282 1641 expositas,
1307 1576 1370 1619 non

193 1686 321 1750 facilius
343 1685 493 1749 concedit
515 1684 697 1748 accusatori
722 1702 816 1765 quam
841 1687 1003 1746 accusato.
1024 1717 1040 1728 -
1060 1681 1182 1745 Verum
1199 1679 1371 1744 advertere

194 1815 344 1895 praestat.
370 1830 485 1893 nempe
500 1808 568 1873 fisci
586 1800 762 1891 promoturi
787 1828 852 1871 non
876 1808 1056 1880 ‘usuveniet
1083 1789 1205 1871 lrustra
1220 1826 1256 1869 se
1272 1824 1369 1890 expe-

194 1944 266 2001 tere
288 1936 416 2034 testium
441 1934 678 2018 productiones,
702 1935 728 1996 si
753 1953 817 1996 non
841 1932 1050 1997 obliviscatur
1073 1932 1122 1995 sui
1145 1929 1251 2001 officii,
1281 1932 1372 1995 cuius

195 2065 244 2125 est
266 2062 373 2123 omnia
395 2079 496 2145 agere
509 2059 549 2122 ia
563 2058 709 2123 iustitiae
732 2064 763 2122 et
779 2058 862 2141 teqis
880 2058 1027 2137 tutelam,
1049 2078 1112 2121 non
1133 2076 1176 2121 ex
1196 2076 1370 2141 praeoccu-

195 2191 268 2269 pato
299 2187 405 2250 animo
429 2188 460 2248 in
486 2186 686 2268 inquisitum,
711 2204 805 2267 quem
839 2182 967 2249 curabit
992 2184 1131 2255 absolvi,
1157 2186 1183 2247 si
1209 2204 1284 2247 reus
1307 2184 1369 2247 cri·

195 2312 289 2375 minis
312 2330 354 2375 ex
378 2312 459 2375 actis
483 2312 543 2375 iste
567 2310 741 2373 nullimode
764 2311 988 2373 convincatur.

284 2434 359 2497 329.
380 2435 427 2497 ae
444 2452 523 2497 sane
539 2452 619 2497 vera
634 2435 738 2516 pronti
756 2433 844 2496 iubet
858 2432 999 2531 cit3cod.
1017 2435 1114 2516 tireg.
1132 2437 1193 2496 art.
1211 2430 1286 2501 391,
1304 2432 1371 2515 ipse

196 2567 330 2644 promet.
355 2559 472 2623 fiscalis
496 2566 594 2623 testes
617 2563 744 2624 secreto
768 2561 967 2643 examinatos
991 2560 1023 2621 in
1049 2559 1263 2639 inquisitione,
1288 2561 1370 2622 atte-

195 2692 317 2751 stantes
332 2685 484 2750 adiuncta
501 2687 576 2749 lacti
586 2686 751 2768 graviora,
765 2685 889 2768 expetit
905 2689 938 2748 ut
952 2691 1111 2748 vocentur
1126 2683 1167 2746 ad
1183 2681 1372 2746 confirman-

191 2811 267 2883 dam
283 2811 519 2874 attestationem
536 2829 647 2872 coram
671 2816 834 2878 accusato,
851 2828 907 2872 seu
920 2829 985 2890 per
1005 2807 1319 2889 coosroatationem.
1339 2807 1372 2870 Si

195 2936 257 3000 hoc
273 2937 384 2999 lacere
408 2936 552 3019 negligat
574 2940 749 3018 promotu,
775 2932 891 2997 nedum
914 2935 981 3017 ipse
1005 2937 1174 2996 accusatus
1191 2931 1252 2994 boe
1269 2936 1371 3014 postu·

196 3061 282 3126 landi
300 3063 348 3126 ius
371 3060 479 3130 babet.
497 3061 552 3124 sed
576 3059 752 3144 praestabit
775 3079 820 3122 ecc
843 3059 951 3142 officio
970 3059 1078 3122 iudex.
1098 3059 1175 3121 Nam
1200 3058 1281 3120 haec
1297 3076 1372 3122 con·

195 3184 359 3267 frontatio
373 3187 504 3249 timetur
519 3205 540 3248 a
552 3205 609 3247 reo
621 3184 647 3248 si
659 3184 803 3248 criminis
816 3183 914 3246 habet
925 3184 1171 3256 conscientiam;
1184 3202 1277 3246 secus
1289 3175 1372 3244 ellla-

197 3282 327 3394 gitatur,
351 3311 475 3380 eteius
499 3313 634 3372 interest
657 3308 866 3391 expostulare
889 3312 924 3371 ut
946 3307 999 3370 alii
1024 3312 1138 3378 testes,
1165 3311 1295 3390 praeter
1319 3328 1373 3370 eos
1428 3369 1431 3378 ,

197 3454 241 3499 em
256 3433 365 3518 officio
389 3439 528 3504 vocatos.
546 3434 727 3514 audiantur,
749 3434 769 3495 ii
791 3433 988 3516 potissimum
1012 3433 1067 3514 qui
1093 3452 1144 3496 res
1167 3437 1201 3496 et
1223 3429 1373 3495 adiuncta

197 3559 343 3623 memmi
361 3559 527 3639 penderis
550 3559 691 3623 attestati
716 3562 800 3624 sunt
823 3557 908 3622 Huic
932 3557 1065 3641 regulae
1089 3555 1285 3620 obsecundat
1303 3555 1371 3618 cod.
1448 3523 1454 3535 ’

197 3683 249 3746 cit.
278 3684 376 3767 Greg.
401 3683 453 3766 qui
478 3681 536 3746 sub
561 3681 692 3748 rubrica
716 3718 733 3729 -
760 3682 808 3746 De
831 3681 966 3745 testibus
993 3655 1040 3745 ad
1067 3679 1373 3762 confroatutioaem

196 3807 358 3873 vocandis
374 3843 393 3854 -
410 3780 493 3872 baec
508 3808 628 3872 statuit.
647 3807 717 3872 Art.
736 3806 812 3870 397:
832 3827 849 3868 a
868 3807 1048 3871 Gensentur
1065 3810 1163 3869 testes
1188 3805 1373 3868 necessario

197 3932 331 3997 vocandi
355 3931 394 3997 ad
419 3933 710 3997 contrectationem
734 3932 768 4011 ii,
793 3933 846 4013 qui
870 3932 913 3996 de
935 3932 1009 3996 elau
1032 3934 1226 3996 attestantur
1244 3927 1372 4010 aliquod

196 4060 316 4125 lactum
340 4059 494 4143 speciale;
514 4057 549 4138 ii,
566 4060 620 4140 qui
644 4057 765 4122 factum
780 4061 977 4123 attestantur
993 4057 1174 4139 proximum
1191 4052 1373 4118 immediate

197 4183 396 4268 praecedens
418 4193 472 4248 aut
487 4182 670 4248 immediate
693 4181 890 4264 subsequens
909 4180 1079 4254 delictmn;
1103 4179 1138 4252 ii,
1155 4180 1208 4263 qui
1226 4178 1375 4242 referunt

196 4308 235 4372 de
259 4307 515 4372 confessionibus
538 4305 836 4372 extraiudicialibus
863 4306 1044 4390 expressim
1068 4303 1102 4374 ii,
1127 4323 1147 4368 a
1170 4321 1232 4385 quo
1256 4320 1372 4386 prove·

197 4433 290 4496 niunt
311 4450 374 4504 res,
391 4433 604 4501 instrumenta
627 4436 684 4497 aut
705 4430 897 4496 documenta
912 4429 952 4494 ad
968 4429 1140 4494 veritatem
1161 4423 1373 4510 detegendam
