3350 5100
434 346 478 393 nn
503 346 641 395 runicus
665 345 907 394 οιιιιιιιιιιιιιιιε
933 348 967 393 ιιι
992 348 1109 395 sesnin
1297 332 1362 397 445

183 471 330 535 criminis
349 470 470 537 occulti
484 470 584 537 tradit
602 470 771 535 admodum
788 473 944 543 strictam,
961 492 1039 537 sane
1055 474 1250 539 strictiorem
1268 494 1361 558 quarn

183 616 248 662 non
278 597 444 661 contineat
469 596 684 680 facti-species
708 598 739 661 in
764 616 862 681 saepe
892 598 991 662 citata
1014 598 1198 665 Lucionen.
1224 599 1247 664 8
1276 600 1362 683 Apr.

183 720 282 787 1848.
300 722 456 805 Equidem
473 720 569 787 hodie
584 722 697 806 praxis
712 718 766 788 SS.
784 720 1079 807 congregationum
1096 729 1146 787 est
1168 729 1203 788 ut
1226 724 1364 808 probent

183 846 268 911 hanc
292 848 451 915 rationem
476 846 671 932 procedendi
694 846 821 931 quando
852 849 976 913 crimen
999 866 1110 933 neque
1135 849 1172 915 in
1197 849 1363 916 iudicium

184 974 307 1044 deduci
326 974 444 1057 possit,
467 992 577 1058 aeque
602 974 641 1038 in
661 990 821 1039 mmorcs
842 973 937 1059 vulpi
960 974 1143 1040 deductum
1165 975 1216 1041 sit.

273 1097 349 1162 395.
374 1095 560 1178 Quaeritur,
577 1094 736 1179 quodnam
752 1097 877 1160 crimen
902 1095 1071 1162 dicendum
1087 1098 1128 1162 sit
1147 1099 1325 1165 occultum.
1343 1135 1362 1148 -

186 1219 280 1284 Hanc
302 1219 520 1303 quaestionem
544 1219 608 1282 iam
630 1218 713 1283 alias
733 1218 936 1303 agitavimus,
953 1218 1152 1303 explicantes
1172 1224 1362 1304 potestatem

184 1342 388 1428 dispensandi
404 1345 438 1407 in
454 1342 642 1407 criminibus
657 1344 795 1410 occultis
810 1341 898 1427 (Vol.
916 1344 976 1415 ΙΙΙ,
996 1364 1026 1407 n.
1047 1325 1134 1426 11'2);
1151 1344 1256 1411 sedin
1273 1365 1362 1430 prae·

184 1470 362 1533 sentiarum
374 1487 439 1532 non
455 1473 505 1533 est
516 1467 795 1534 determinandum
811 1468 979 1534 subtiliter
994 1468 1152 1552 quodnam
1169 1471 1294 1533 crimen
1310 1468 1365 1533 ha-

185 1592 300 1659 beatur
316 1594 506 1675 occultum
528 1592 585 1658 sed
600 1612 654 1658 res
670 1592 795 1660 morali
810 1592 904 1657 modo
920 1592 1085 1677 pensanda
1104 1599 1163 1674 est,
1180 1612 1236 1658 seu
1259 1593 1365 1659 relate

185 1717 225 1782 ad
241 1717 418 1783 remedium
441 1717 763 1785 entraordinnrtum
786 1714 1072 1799 cantilenam
1095 1716 1145 1782 De
1167 1717 1231 1798 ref.
1254 1717 1363 1793 Quare

186 1838 263 1905 illud
277 1841 411 1913 crimen,
425 1840 558 1911 adrem,
572 1860 725 1906 vocamus
736 1840 915 1912 occultum,
928 1839 1011 1923 quod
1024 1858 1143 1905 revera
1155 1842 1243 1915 latet,
1257 1860 1363 1925 quam·

186 1969 235 2032 vis
251 1966 291 2032 de
313 1986 353 2033 eo
376 1968 489 2033 forsan
512 1968 659 2051 suspicio
682 1965 768 2031 haud
791 1966 874 2031 levis
889 1965 972 2051 apud
989 1967 1139 2051 populum
1159 1968 1300 2031 excitata
1323 1966 1364 2031 sit

185 2092 334 2175 idemque
356 2090 473 2157 iudicio
496 2092 549 2157 vel
573 2090 705 2175 probari
730 2110 795 2155 non
823 2096 928 2175 potest
957 2088 1179 2156 deficientibus
1210 2094 1364 2176 congruis

183 2214 329 2288 testibus,
345 2223 402 2281 aut
416 2214 548 2282 testibus
564 2212 642 2281 illud
657 2217 805 2281 attestari
820 2214 1041 2287 renuentibus,
1054 2213 1106 2281 vel
1123 2213 1206 2279 idem
1223 2214 1363 2299 probare

185 2360 249 2405 non
266 2340 397 2426 expedit
418 2360 461 2405 ne
476 2341 702 2426 gravissimum
718 2342 844 2406 oriatur
858 2340 1045 2406 scandalum
1070 2345 1102 2404 et
1124 2342 1257 2425 gravius
1274 2359 1364 2425 prae·

185 2465 335 2531 iudicium
359 2466 465 2531 lamae
495 2466 595 2552 ipsius
622 2464 845 2550 delinquentis.
871 2465 951 2529 Tum
979 2464 1019 2529 ob
1046 2464 1170 2529 crimen
1197 2464 1364 2530 oecultum

124 2568 128 2576 ¹
185 2591 240 2657 sed
262 2593 421 2677 Episcopo
444 2590 685 2677 comprobatum
701 2611 762 2676 per
775 2595 967 2675 argumenta
983 2589 1272 2670 ectraiudieiatia,
1288 2590 1366 2657 linet

186 2714 284 2779 edere
306 2717 497 2780 sententiam
525 2714 842 2782 condemnatoriam
865 2732 911 2779 ex
934 2713 1123 2796 informata
1149 2713 1364 2781 commentia.

185 2836 367 2923 Aliquando
397 2858 463 2904 non
489 2838 604 2904 desunt
625 2843 735 2911 testes,
758 2837 815 2903 sed
840 2838 953 2903 nolunt
976 2839 1034 2923 ipsi
1059 2837 1213 2923 detegere
1241 2839 1364 2904 crimen

185 2964 353 3029 omnam
375 2983 418 3028 ne
440 2959 649 3028 offensionem
681 2964 852 3029 incurrant
875 2969 907 3027 et
928 2964 1119 3027 vexationes
1150 2962 1365 3045 delinquentis

184 3088 317 3171 eiusque
339 3088 512 3161 fautorum,
536 3094 592 3152 aut
613 3107 656 3152 ne
679 3087 738 3172 ipsi
762 3087 902 3172 prodant
928 3089 1049 3171 seipsos
1076 3089 1193 3172 quippe
1221 3087 1364 3152 criminis

186 3215 332 3278 conscios
350 3219 383 3278 et
398 3232 550 3288 conrcos;
565 3218 709 3278 attamen
725 3211 765 3276 ab
781 3212 958 3279 Ordinario
982 3185 1192 3278 vehementer
1208 3213 1362 3298 compulsi

186 3339 544 3405 attestationemfacere
552 3337 720 3423 spondent,
729 3337 899 3403 dummodo
909 3339 991 3403 haec
999 3338 1064 3402 alto
1073 3337 1364 3405 corsdaturseereto

187 3470 220 3528 et
242 3485 355 3530 eorum
377 3484 494 3529 nomen
518 3464 609 3529 nulla
631 3483 766 3548 prorsus
789 3465 916 3528 ratione
932 3467 966 3528 et
985 3463 1043 3528 sub
1065 3463 1155 3528 nullo
1179 3469 1362 3549 praetextu,

187 3596 219 3654 et
241 3591 362 3654 nemini
387 3589 555 3674 pandatur.
582 3590 760 3653 Praeterea
783 3589 907 3654 crimen
925 3592 974 3652 est
996 3585 1168 3671 aliquando
1187 3587 1364 3670 publicum

188 3709 344 3797 (sednon
370 3711 574 3792 antonum),
600 3710 808 3775 nihilominus
831 3709 895 3780 illi,
920 3709 973 3792 qui
1000 3708 1121 3772 factum
1151 3710 1362 3793 cognoscunt,

186 3837 423 3901 attestationem
447 3833 559 3900 facere
582 3834 635 3900 vel
652 3834 766 3900 nolunt
789 3835 821 3898 in
847 3832 919 3897 foro
943 3833 1058 3898 eccles.
1078 3832 1130 3897 val
1155 3851 1220 3896 non
1241 3831 1366 3896 faciunt

189 3961 250 4026 nisi
272 3962 319 4027 eis
337 3959 543 4045 spondeatur,
568 3959 706 4025 iudicem
730 3979 842 4024 eorum
865 3957 978 4024 saltem
1002 3977 1119 4022 nomen
1144 3977 1179 4022 se
1202 3975 1364 4039 nunquam

187 4086 259 4152 fore
291 4086 538 4172 publicaturum.
570 4121 589 4133 -
622 4085 714 4149 Tunc
743 4083 863 4148 licetne
893 4081 1072 4168 procedere
1104 4101 1145 4147 ex
1175 4081 1366 4165 insonante

188 4203 417 4274 conscientia?
440 4209 590 4272 Iamvero
614 4207 641 4272 si
672 4206 797 4271 servari
822 4207 922 4290 possit
946 4223 1118 4290 processus
1136 4222 1227 4287 pure
1253 4202 1366 4287 inqui-

187 4331 305 4398 sitinus
320 4332 376 4414 (cf.
393 4332 513 4417 supra),
531 4333 563 4396 in
579 4350 642 4415 quo
658 4335 749 4397 certe
765 4329 860 4396 datur
879 4330 1019 4414 amplior
1034 4327 1172 4395 facultas
1195 4349 1230 4392 se
1254 4326 1365 4392 defen·

189 4455 284 4528 dandi
308 4475 365 4521 rec
389 4462 422 4520 et
444 4457 597 4540 competit
613 4454 789 4521 remedium
813 4455 1046 4539 appellationis,
1063 4453 1193 4539 planum
1218 4458 1276 4525 est,
1301 4471 1365 4516 non
