3350 5100
289 308 293 314 ·
354 275 423 342 256
868 296 951 345 raas
979 297 1015 345 11.

353 418 518 502 temporis,
542 416 678 485 dicenda
700 424 750 485 est
772 437 791 483 e
813 418 896 511 loro¹
910 420 1032 487 eccles.
1055 418 1109 487 vel
1132 421 1246 487 saltem
1268 421 1533 487 anonnullarum
1632 396 1633 485 ᾗ

355 543 593 608 canonistarum
615 543 742 629 placitis
765 545 932 611 transiisse
954 547 987 609 in
1012 542 1119 623 forum
1132 546 1323 612 saeculare.

445 666 483 731 lu
499 669 604 732 causis
619 674 727 733 autem
740 668 961 734 criminalibus
978 669 1172 735 clericorum
1190 670 1291 735 Sacra
1303 670 1402 755 Cong.
1417 670 1488 735 ΕΕ.
1501 677 1533 736 et

355 789 439 870 RR,
454 791 517 854 iam
532 790 573 855 ab
588 792 680 858 initio
695 793 816 859 saeculi
829 794 1042 879 praeterlapsi
1056 792 1144 873 (Vol.
1159 794 1246 875 II,n.
1263 792 1337 878 136)
1353 800 1535 879 competen-

355 916 431 979 tiam
444 921 579 982 exercet
589 918 688 983 veluti
696 919 921 1002 privativum
929 924 963 985 at
975 938 1018 984 ex
1030 918 1240 1000 documentis,
1249 938 1331 1003 quae
1344 938 1423 1004 prae
1431 920 1535 985 oculis

354 1039 462 1115 habui,
487 1042 598 1108 relatis
619 1045 654 1107 in
676 1063 775 1109 causa
791 1043 968 1110 Lubliuen.
985 1043 1073 1109 intra
1097 1042 1234 1118 citanda,
1251 1046 1386 1115 eruitur,
1404 1044 1436 1109 S.
1454 1044 1536 1109 Gon·

354 1169 578 1251 gregationem
601 1186 757 1253 expresse
780 1187 942 1252 nunquam
965 1169 1143 1254 applicasse
1171 1170 1348 1235 institutum
1375 1170 1535 1253 praescri-

356 1292 472 1375 ptionis
494 1292 550 1357 sed
574 1294 797 1362 accusationes
819 1295 922 1378 magis
945 1312 1041 1377 quam
1064 1294 1282 1379 praescriptas
1305 1293 1433 1359 solitam
1462 1312 1534 1359 esse

355 1435 544 1501 nuncupare
561 1451 578 1466 -
596 1417 792 1501 antiquatas
805 1418 858 1483 vel
873 1418 1011 1499 sopitur.
1033 1418 1138 1482 Porro
1154 1438 1226 1482 cum
1243 1436 1297 1483 res
1319 1416 1404 1503 apud
1421 1418 1535 1485 Docto·

355 1560 419 1617 res‚
436 1544 482 1607 uti
504 1542 650 1625 vidimus,
666 1540 802 1628 pacifica
823 1562 890 1607 non
914 1548 1010 1616 esset,
1027 1543 1058 1608 S.
1075 1542 1176 1629 Cong.
1193 1542 1295 1609 noluit
1310 1547 1534 1627 quaestionem
1632 1574 1633 1577 ¹

355 1665 499 1747 definire,
527 1688 621 1751 quam
644 1667 872 1740 tamenhodie
896 1668 1025 1732 diremit
1048 1668 1081 1731 in
1104 1666 1238 1735 decreto
1254 1688 1330 1733 mox
1346 1666 1532 1733 referendo.
1632 1718 1633 1721 ,

354 1792 504 1858 Ceterum
528 1792 602 1875 quia
625 1793 749 1855 romani
765 1792 1054 1877 praescriptionem
1078 1792 1111 1854 in
1135 1810 1173 1855 re
1189 1791 1349 1857 criminali
1365 1810 1532 1875 nunquam
1632 1838 1633 1867 2

352 1916 537 1983 habuerunt
559 1919 648 2000 quasi
672 1918 851 1982 institutum
878 1916 1064 1983 distinctum
1093 1936 1113 1981 a
1142 1916 1230 1982 civili
1260 1918 1532 2002 praescriptione,

353 2060 552 2124 consequens
567 2041 638 2121 luit,
655 2046 690 2106 ut
709 2042 872 2107 renitente
894 2042 963 2125 ipso
986 2041 1122 2121 obiecto,
1139 2041 1210 2106 lere
1226 2038 1432 2124 impossibilis
1447 2040 1533 2105 eius·

355 2163 439 2228 modi
461 2164 598 2229 instituti
621 2164 761 2229 evaserit
776 2164 959 2249 applicatio.
977 2164 1174 2230 Conferatur
1195 2168 1305 2229 votum
1329 2162 1533 2229 Consultoris

353 2289 438 2377 apud
464 2292 550 2356 Acta
580 2288 614 2354 S.
638 2287 745 2381 Septa,
769 2289 834 2354 vol.
858 2290 969 2363 XXX,
1000 2309 1074 2375 pag.
1099 2288 1167 2354 677
1193 2293 1405 2354 -exaratum
1432 2309 1533 2374 super

354 2417 571 2498 quaestionem
595 2418 774 2500 promotam
789 2432 809 2476 a
824 2415 915 2479 curia
930 2414 1107 2480 Lublinen.
1123 2448 1141 2461 -
1159 2410 1354 2499 efflagitante
1370 2418 1407 2477 ut
1422 2412 1529 2478 decla·

354 2546 485 2607 raretur
507 2560 549 2604 an
573 2538 787 2625 praescriptio
812 2538 983 2604 criminum
1006 2538 1134 2625 vigeret
1157 2539 1228 2604 iure
1251 2557 1321 2603 can.
1340 2542 1373 2603 et
1391 2557 1530 2622 quonam
1632 2555 1633 2560 ’

352 2673 497 2750 tempore
529 2666 762 2731 contineretur.
790 2665 961 2730 Consultor
991 2666 1045 2749 qui
1076 2667 1161 2728 viam
1193 2665 1311 2728 stravit
1341 2663 1481 2729 Decreto
1511 2683 1531 2728 a

354 2789 385 2854 s.
403 2787 520 2872 congr.
538 2787 605 2850 nn.
622 2792 656 2852 u
678 2785 751 2850 aa.
777 2785 863 2849 edito
887 2784 942 2850 are
964 2784 1016 2849 aa
1038 2784 1159 2850 Marus
1184 2783 1275 2849 isos
1299 2784 1447 2867 opinatus
1471 2795 1530 2854 aa.

353 2912 640 2996 praescriptionem
667 2910 781 2994 vigere
803 2911 836 2974 in
860 2907 933 2973 loro
961 2907 1078 2972 eccles.
1106 2904 1287 2972 omnimode
1315 2905 1355 2970 ad
1383 2924 1531 2970 normam
1632 2923 1633 2934 ¹

353 3035 434 3100 iuris
449 3035 573 3098 romani
586 3031 641 3118 (l).
659 3031 761 3098 Sacra
772 3032 890 3117 Congr.
904 3032 936 3096 in
950 3032 1002 3096 cit.
1016 3030 1148 3095 decreto
1160 3029 1200 3095 ad
1211 3028 1408 3094 auferendas
1423 3028 1532 3095 dubie
1632 3057 1633 3108 3

353 3163 437 3225 tates
451 3177 608 3243 expresse
629 3158 748 3229 statuit,
761 3155 1027 3241 praescriptionis
1043 3155 1149 3240 legem
1165 3155 1237 3218 iure
1258 3173 1339 3216 rom.
1357 3153 1530 3226 inductam,
1632 3153 1633 3170 *

353 3281 575 3368 applicandam
599 3299 670 3346 esse
691 3282 725 3344 in
749 3280 821 3345 foro
845 3280 974 3352 eccles..
998 3278 1207 3362 eamdemque
1231 3278 1275 3341 ita
1298 3276 1476 3362 explicavit
1498 3279 1533 3341 in

355 3410 408 3474 cit.
436 3407 524 3473 decr.
556 3406 630 3473 dato
664 3404 705 3469 ad
735 3406 929 3490 Episcopum
960 3409 1122 3469 oratorem
1152 3411 1248 3487 atque
1279 3403 1324 3467 ita
1354 3408 1530 3490 concepto:
1632 3423 1633 3492 }

358 3532 534 3598 ‹tralatitii
550 3530 676 3597 seilicet
690 3531 768 3595 iuris
783 3546 865 3602 esse,
883 3529 917 3593 in
932 3530 1036 3594 causis
1061 3526 1282 3595 criminalibus
1302 3526 1534 3594 ecclesiasticis

438 3779 476 3852 (l)
495 3776 628 3840 Quaestio
644 3780 728 3832 antea
740 3777 883 3846 proposita
896 3775 951 3830 fuit
961 3775 1034 3845 apud
1055 3775 1081 3829 S.
1100 3773 1355 3844 Congregationam
1369 3773 1489 3828 Consilii
1503 3779 1536 3829 et
1632 3765 1633 3802 ³

353 3887 463 3958 agitata
481 3890 525 3942 est
542 3885 572 3940 in
590 3885 661 3955 solio
675 3911 688 3924 -
700 3885 848 3939 dublinen.
868 3884 926 3938 diei
943 3883 985 3938 22
998 3885 1070 3953 Aup.
1085 3881 1176 3948 1896,
1195 3880 1242 3934 nbi
1255 3879 1436 3950 explicantur
1448 3881 1533 3938 ratio·
1632 3929 1633 3944 ,

354 4011 403 4048 nes
412 4009 484 4063 qnae
493 3989 633 4046 difficilem
643 3995 672 4045 et
681 3990 815 4044 incertam
826 3987 1167 4058 redduntapplicationem
1179 3985 1302 4040 instituti
1312 3985 1422 4040 romani
1433 3987 1463 4040 in
1472 3987 1534 4040 loro
1632 3995 1633 4064 l

353 4096 452 4152 eccles.
466 4096 532 4166 quia
551 4100 669 4165 utraque
687 4094 806 4148 societas
822 4092 907 4148 habet
920 4094 963 4147 ius
976 4091 1118 4162 publicum
1130 4091 1183 4146 sibi
1198 4089 1339 4160 proprium
1349 4107 1357 4156 ς
1369 4095 1398 4145 et
1410 4089 1476 4144 dnm
1489 4097 1534 4145 est
1632 4065 1633 4156 J

353 4203 538 4256 necessarium
557 4202 728 4255 constituere
741 4201 933 4270 exceptionem
946 4195 1181 4268 praescriptionis,
1195 4203 1291 4251 tamen
1309 4195 1381 4250 hanc
1393 4196 1448 4250 eibi
1461 4195 1535 4251 ordi-
1632 4239 1633 4278 3

353 4325 421 4363 nare
430 4309 513 4363 debet
526 4310 568 4361 ius
580 4308 681 4362 eccles.
692 4324 742 4377 pro
754 4325 804 4360 sua
817 4306 917 4361 indole.
928 4306 1059 4366 Quaestio
1072 4305 1187 4359 delinita
1197 4319 1252 4357 non
1263 4309 1306 4358 est
1318 4321 1336 4357 n
1349 4303 1375 4357 S.
1389 4304 1491 4374 Congr.
1503 4303 1533 4356 C.

354 4417 420 4487 quia
438 4416 540 4486 prodiit
559 4431 728 4484 responsum.
747 4430 764 4466 c<
783 4416 999 4468 Transnu'ttatar
1017 4417 1055 4468 ud
1076 4413 1103 4464 S.
1126 4413 1153 4466 C.
1174 4411 1231 4466 EE.
1252 4421 1278 4466 et
1298 4411 1358 4466 ΕΒ.
1373 4426 1401 4466 r.
