3350 5100
442 345 486 392 DE
510 345 649 392 lunlclls
673 341 917 392 calummaris
942 340 978 385 IN
1001 337 1118 386 eructa
1306 315 1372 382 503

189 469 299 534 atalia.
317 504 335 514 -
353 468 391 532 In
408 486 562 552 processu
578 471 686 531 autem
708 464 827 544 minio,
845 461 1017 526 incohatur
1032 459 1222 524 contestatio
1239 454 1373 541 impedi-

190 595 291 658 menti
307 593 340 656 in
356 591 465 656 libello
487 590 701 657 accusatorio
724 588 849 654 edendo
865 593 936 672 post
952 587 1117 670 praeviam
1134 583 1373 667 inquisitionem

190 724 223 783 et
245 715 415 803 perficitur
439 719 471 779 in
495 714 708 791 examinibus,
733 713 849 797 quibus
872 716 1051 778 conventus
1074 707 1252 774 subiicitur.

280 842 355 906 475.
380 839 579 906 Contestatio
604 847 653 903 est
676 839 772 901 ianua
795 836 914 916 iudicii,
939 834 1085 900 sedtum
1109 837 1193 904 ante,
1211 835 1277 896 tum
1302 834 1373 914 post

190 968 468 1045 contestationem,
492 967 519 1028 si
542 965 651 1049 aliqua
675 983 748 1049 spes
770 958 936 1046 affulgeat,
968 958 1151 1025 faciendum
1175 962 1225 1023 est
1248 957 1374 1040 experi-

190 1095 333 1156 mentum
357 1090 559 1164 concordiae,
577 1107 661 1174 quae
685 1087 803 1173 pendet
826 1105 870 1150 ex
892 1086 1029 1169 simplici
1052 1085 1191 1169 partium
1212 1101 1372 1146 consensu

191 1219 223 1281 in
239 1217 345 1281 causis
368 1215 409 1280 de
431 1214 656 1298 sponsalibus,
674 1214 714 1280 de
729 1213 869 1277 divortio
891 1211 1088 1293 semipleno.
1113 1211 1156 1274 At
1176 1207 1250 1272 dum
1268 1206 1373 1272 obstat

189 1341 450 1424 impedimentum
467 1339 642 1410 dirimens,
659 1336 881 1404 sollicitandus
901 1342 951 1400 est
966 1353 1142 1399 consensus
1157 1335 1296 1418 partium
1314 1352 1372 1418 pro

190 1463 361 1528 obtinenda
385 1462 629 1528 revalidatione.
655 1461 704 1527 cf.
729 1462 895 1546 Gasparri,
920 1460 970 1524 De
993 1457 1142 1524 matrim.
1166 1477 1201 1521 n.
1225 1455 1322 1520 1125.

279 1587 355 1651 476.
380 1589 482 1652 Facta
505 1588 569 1651 litis
592 1585 825 1650 contestatione
854 1582 1092 1667 procedendum
1117 1588 1166 1646 est
1189 1579 1229 1646 ad
1252 1579 1372 1666 proba-

188 1712 293 1775 tiones
316 1708 533 1775 conficiendas
551 1717 583 1774 et
598 1711 660 1774 hae
684 1712 827 1774 maxime
850 1710 1030 1772 consistunt
1045 1707 1077 1770 in
1095 1707 1246 1770 examine
1260 1705 1373 1769 coniu-

190 1853 264 1920 gum
281 1838 314 1897 et
328 1834 468 1898 testium.
483 1867 501 1880 -
519 1831 711 1898 (litationem
727 1830 835 1902 edere,
849 1849 913 1913 qua
928 1826 1119 1914 praefinitur
1134 1826 1203 1892 dies
1219 1827 1374 1911 compari-

189 1960 285 2023 tionis
312 1965 343 2023 et
370 1960 478 2028 locus.
507 1961 661 2043 competit
686 1958 883 2023 moderatori
907 1963 1052 2022 actorum
1080 1975 1137 2020 seu
1164 1953 1373 2024 instructori,
1465 2009 1468 2015 Δ

189 2082 421 2174 αυάἰῐοιῒαωοη
436 2081 610 2148 defensore
626 2084 831 2146 matrimonii.
851 2083 1012 2146 Examina
1032 2099 1111 2144 vero
1135 2080 1310 2162 explentur
1333 2077 1373 2142 ad

189 2225 319 2270 normas
347 2206 427 2271 iuris
450 2207 645 2278 communis,
670 2211 703 2272 et
731 2206 785 2269 hic
812 2210 937 2269 tantum
966 2205 1184 2270 subnectimus
1215 2202 1298 2286 quod
1322 2207 1371 2268 est

188 2330 343 2411 speciale.
361 2365 378 2378 -
399 2333 436 2394 ln
460 2333 574 2414 primis
596 2337 645 2396 est
667 2332 834 2415 singulare
857 2331 890 2394 in
913 2331 964 2394 bis
985 2331 1099 2399 causis,
1117 2329 1373 2412 interrogatoria

188 2454 407 2538 proponenda,
431 2456 501 2518 sive
525 2455 724 2540 coniugibus,
748 2457 818 2520 sive
841 2455 985 2529 testibus,
1010 2456 1078 2518 sive
1101 2454 1222 2538 peritis,
1244 2452 1371 2516 concin-

188 2581 296 2645 nanda
320 2601 391 2645 esse
407 2602 426 2644 a
442 2580 506 2645 def.
532 2586 645 2655 mat1·.;
670 2587 703 2645 et
726 2581 809 2645 baec
833 2558 1087 2664 interrogatoria
1106 2580 1223 2645 clausu
1239 2582 1273 2641 et
1288 2577 1372 2644 obsi·

186 2710 294 2787 pnala
309 2703 394 2768 tradi
410 2705 620 2775 cancellario,
644 2703 820 2787 eademque
844 2702 1021 2787 aperienda
1037 2721 1108 2767 esse
1123 2721 1143 2765 a
1159 2700 1264 2765 i'udice
1280 2700 1369 2764 dum-

186 2832 280 2891 taxat
301 2828 335 2890 in
358 2834 433 2893 actu
457 2830 626 2899 examinis,
649 2827 798 2892 adstante
827 2847 954 2911 quoque
987 2826 1166 2892 Defensore
1189 2832 1284 2890 matr.
1310 2824 1372 2889 Sed

189 2968 248 3032 pro
266 2950 529 3033 responsionibus
552 2951 685 3016 redditis
705 2950 746 3015 ab
769 2952 965 3023 examinato,
983 2951 1144 3035 integrum
1162 2955 1259 3014 estet
1275 2949 1370 3014 iudici

187 3092 233 3138 em
255 3074 364 3158 officio
388 3081 420 3139 et
443 3074 607 3139 defensori
631 3081 725 3141 matr.
750 3076 871 3141 addere
894 3076 1159 3161 interrogatoria.
1187 3076 1372 3160 Interroga·

186 3198 271 3263 toria
302 3203 336 3264 et
365 3201 593 3282 responsiones
622 3200 664 3265 ab
695 3202 841 3265 actuario
872 3208 1053 3267 exarantur
1081 3202 1112 3264 iu
1140 3203 1231 3266 actis.
1264 3204 1370 3265 Antea

187 3325 393 3388 examinatur
420 3330 601 3396 accusator.
633 3332 743 3410 postea
774 3346 851 3390 reus
881 3332 1074 3407 conventus,
1107 3330 1139 3389 et
1170 3327 1319 3409 apposita.
1339 3329 1371 3388 et
1447 3370 1450 3375 -

185 3446 338 3513 distincta
367 3453 593 3531 proponuntur
624 3450 887 3534 interrogatoria,
917 3451 962 3514 uti
993 3450 1131 3515 diximus
1163 3454 1369 3534 praeparata.

185 3567 219 3631 Si
246 3573 382 3651 uterque
407 3570 527 3633 coniux
551 3569 792 3635 matrimonium
815 3576 949 3634 accusat
971 3575 1005 3634 et
1027 3572 1117 3653 qnasi
1140 3590 1221 3635 reus
1252 3588 1368 3635 conve-

185 3694 274 3757 nitur
293 3692 448 3759 defensor
464 3700 570 3769 main,
588 3696 641 3767 hic
657 3715 722 3759 non
738 3695 934 3760 submittitur
949 3695 1092 3779 formali
1112 3696 1276 3771 eruamini,
1294 3696 1369 3777 quia

187 3817 256 3900 ipse
278 3816 486 3883 deductiones
510 3818 588 3883 facit
612 3820 645 3881 in
668 3820 734 3883 suis
757 3819 1107 3895 animadversionibns;
1127 3825 1226 3885 testes
1248 3826 1369 3893 autern,

183 3956 264 4021 quos
285 3939 425 4020 deducit,
442 3944 672 4007 examinantur
694 3945 785 4007 iuxta
807 3944 973 4024 speciales
997 3965 1128 4010 normas
1153 3944 1244 4009 inodo
1266 3946 1373 4031 expli*

185 4070 284 4163 cates.
310 4065 368 4129 Cit.
395 4068 494 4130 lustr.
520 4067 551 4132 S.
569 4066 689 4152 (longo.
707 4069 828 4133 Ooncil.
845 4069 927 4133 haec
950 4070 1077 4136 statuit:
1105 4071 1276 4137 «interim
1293 4070 1367 4135 dum

184 4208 259 4272 pars
283 4190 347 4253 erit
371 4190 603 4271 examinanda,
630 4193 698 4276 ipse
723 4194 939 4259 cancellarius
967 4195 1131 4261 exscribat
1158 4197 1190 4259 in
1214 4215 1367 4281 processu

184 4314 320 4396 primam
351 4315 641 4399 interrogationem
665 4323 698 4381 et
720 4318 872 4403 deinceps
905 4320 1048 4404 singulas
1072 4338 1113 4384 ex
1137 4320 1267 4393 ordine,
1291 4327 1372 4403 post

152 4424 159 4432 ’
183 4456 279 4520 quos,
302 4437 423 4503 scribet
445 4440 687 4520 responsiones
709 4460 731 4505 u
754 4442 866 4507 indice
889 4442 1078 4509 dictandas.
1103 4446 1134 4509 Si
1159 4446 1243 4528 quod
1267 4447 1370 4512 inter-
