3350 5100
291 271 334 337 78
607 340 610 351 ,
818 295 902 342 rans
928 293 949 340 1.

292 417 525 482 Constitutione
548 416 609 482 diei
626 416 670 482 13
687 416 762 482 lca.
780 418 893 502 1596;
909 417 1079 485 dummodo
1103 421 1295 508 agitationes
1319 425 1402 489 isiae
1417 423 1470 491 fie-

290 546 365 605 rent
385 543 514 609 cectuao
534 541 699 624 pertento,
716 548 749 607 et
765 547 861 608 extra
884 544 956 610 dies
974 545 1087 628 festos.
1105 543 1157 612 cf.
1175 547 1319 613 Barbosa
1335 554 1367 612 et
1387 549 1470 616 Gon·

289 665 376 730 cales
406 662 531 732 Coram.
564 668 601 731 in
629 667 659 730 a.
686 673 705 732 t.
731 701 750 715 -
775 668 900 733 Verum
932 670 965 732 in
997 670 1102 736 Const.
1128 671 1193 753 Ap.
1220 671 1318 738 Sedis
1345 673 1468 738 nullum

288 791 425 875 amplius
448 795 596 875 superest
618 793 788 878 vestigium
812 793 909 858 huius
932 796 1283 860 excommunicationis.

377 915 532 1000 Equidem
559 937 696 1002 magnae
722 918 808 983 laudi
835 917 965 984 ducitur
988 920 1165 993 Ecclesiae,
1195 939 1277 1005 quae
1304 942 1364 1007 per
1387 923 1470 988 salu·

288 1041 401 1106 tiferas
424 1062 543 1127 poenas
567 1043 768 1127 spiritualem
795 1048 874 1109 tunc
896 1046 1053 1130 temporis
1080 1065 1279 1132 magnopere
1302 1045 1469 1130 efficacem

288 1185 396 1231 mores
411 1168 601 1252 populorum
617 1167 657 1232 ad
672 1167 855 1250 barbariem
871 1188 991 1253 pronos
1007 1171 1204 1236 continuerit
1219 1171 1251 1234 in
1271 1169 1378 1236 officio
1395 1171 1468 1237 cha-

289 1293 393 1355 ritatis
416 1292 552 1356 socialis.
570 1293 621 1356 lta
636 1294 669 1356 in
684 1293 777 1356 titulo
796 1313 815 1352 e
834 1290 888 1357 De
902 1291 1090 1378 capillaciis
1106 1315 1123 1355 >
1142 1294 1188 1358 illi
1212 1295 1359 1360 homines
1383 1315 1468 1360 com-

288 1416 535 1498 prehenduntur
558 1418 610 1500 qui
634 1422 708 1482 arte
732 1415 899 1481 callebant
921 1415 1069 1482 armam
1091 1417 1143 1482 vel
1168 1416 1309 1482 ballistis
1332 1417 1469 1504 locatus

284 1541 479 1620 proiciendo·
500 1561 599 1612 suaa,
617 1541 719 1605 etiam
735 1541 855 1626 oaapai
870 1541 1045 1622 ponderis,
1063 1546 1122 1606 aut
1137 1541 1254 1628 plobos
1267 1541 1400 1624 ferreos
1415 1545 1467 1608 cel

284 1664 470 1748 pluotbeos.
489 1660 636 1733 Oenones
659 1667 876 1749 permiserunt
900 1665 962 1729 hac
985 1669 1056 1730 arte
1080 1665 1225 1731 dimicari
1249 1667 1406 1733 adversus
1421 1670 1468 1732 in-

288 1785 408 1862 fideles,
433 1789 563 1853 minime
584 1807 665 1852 vero
688 1787 845 1854 adversus
868 1787 1079 1860 Christianos,
1103 1790 1150 1853 uti
1182 1788 1279 1854 edicit
1307 1781 1378 1853 l'nn.
1403 1790 1465 1860 ΙΙΙ,

289 1932 314 1976 c.
341 1913 367 1981 1,
393 1912 423 1974 li.
448 1917 468 1976 t.
493 1913 528 1977 X
549 1910 603 1995 (V,
629 1912 683 1997 15)
707 1912 718 1997 (
742 1913 763 1996 l.

378 2039 431 2102 54.
457 2037 604 2102 Ecclesia
626 2058 727 2123 usque
743 2038 880 2104 sollicita
904 2039 964 2102 fuit
987 2057 1028 2102 ne
1052 2039 1221 2103 christiani
1237 2039 1384 2104 homines
1401 2040 1466 2104 cri-

287 2163 372 2225 mina
404 2167 630 2246 perpetrantes
652 2164 814 2247 graviora,
840 2167 972 2246 praeter
1000 2163 1158 2227 iacturam
1187 2181 1369 2248 corporum,
1393 2164 1465 2227 ani·

286 2304 411 2348 marum
428 2271 524 2348 etiam
545 2284 605 2349 sibi
620 2291 776 2369 pararent
792 2284 965 2349 discrimen
989 2289 1172 2360 aeternum;
1190 2304 1292 2369 quare
1308 2265 1339 2351 in
1356 2289 1404 2352 tit.
1424 2286 1466 2351 ΙΟ

174 2435 180 2447 ’
287 2412 340 2476 cit.
357 2411 412 2475 lib.
429 2411 471 2483 V,
488 2412 595 2496 egitur
611 2431 628 2470 a
644 2409 698 2476 De
715 2411 766 2475 laia
781 2409 841 2493 qui
856 2409 943 2493 filios
959 2409 1115 2476 occa'duat
1133 2431 1151 2474 u
1178 2409 1230 2476 ubi
1253 2411 1464 2496 parricidium

286 2557 403 2601 severe
426 2537 651 2629 compescitur.
672 2535 763 2600 Tunc
785 2537 940 2620 temporis
964 2537 997 2599 in
1020 2536 1127 2600 omnia
1155 2537 1292 2601 crimina
1316 2536 1466 2603 Ecclesia

286 2660 463 2726 exercebat
493 2679 682 2739 censuram,
708 2658 748 2722 ob
779 2661 1028 2744 competentiam
1052 2679 1115 2743 qua
1149 2659 1248 2745 pollet
1278 2662 1311 2724 in
1343 2659 1465 2727 eisdem

286 2783 485 2859 coercendis,
508 2784 642 2851 ratione
660 2784 803 2866 peccati,
828 2786 873 2847 uti
898 2782 992 2848 docet
1015 2785 1086 2849 lnn.
1114 2786 1160 2849 lll
1186 2785 1224 2849 ia
1246 2804 1320 2869 cop.
1347 2784 1393 2851 13
1415 2786 1466 2853 De

286 2910 357 2975 tud.
374 2910 415 2973 X.
434 2944 452 2957 -
472 2908 520 2975 ct.
538 2908 613 2974 Vol.
631 2909 691 2981 Ill,
708 2927 740 2971 n.
759 2907 811 2971 49.
827 2942 845 2955 -
865 2908 1048 2993 Progressa
1064 2910 1178 2974 aetatis
1194 2910 1227 2973 in
1240 2909 1335 2994 plura
1346 2909 1465 2975 delicta

286 3033 597 3097 animadversionem
605 3031 664 3097 sibi
677 3032 863 3104 vindicavit,
874 3034 972 3098 veluti
986 3034 1191 3118 privativam,
1202 3035 1339 3099 societas
1351 3034 1463 3105 civilis.

285 3162 318 3223 et
342 3157 490 3223 Ecclesia
512 3177 577 3222 non
602 3156 767 3241 refragata
797 3163 856 3238 est,
881 3176 978 3242 quum
1009 3158 1173 3225 indirecte
1205 3161 1380 3240 curaverit,
1405 3178 1465 3243 per

375 3353 414 3423 (l)
440 3352 566 3406 Vetitum
592 3357 654 3405 erat
681 3356 770 3406 artem
795 3352 879 3405 istam
903 3353 1002 3407 doecre
1020 3352 1169 3407 saracenos
1195 3371 1244 3409 seu
1270 3353 1410 3419 infideles,
1435 3359 1465 3408 et

285 3458 357 3512 hanc
381 3458 411 3510 in
435 3475 583 3511 saracenos
608 3474 657 3512 seu
682 3458 808 3513 infideles
833 3474 964 3513 exercere
989 3462 1099 3513 tantum
1124 3459 1286 3529 permissum
1313 3462 1389 3525 arat,
1408 3474 1465 3513 non

285 3568 384 3619 contra
400 3564 497 3619 fideles
516 3566 566 3617 sub
586 3579 675 3633 poena
693 3564 990 3619 excommunicationis
1010 3566 1028 3617 t.
1048 3582 1078 3631 a,
1098 3582 1156 3633 arg.
1176 3583 1237 3635 cap.
1258 3566 1279 3617 6
1297 3566 1339 3619 De
1352 3564 1416 3619 Iud.
1438 3574 1465 3618 et

287 3674 434 3725 Saracenis
455 3673 491 3725 X.
511 3672 555 3739 (V,
576 3670 614 3738 dl,
633 3672 680 3724 ubi
700 3671 785 3724 etiam
804 3668 971 3737 prohibetur
984 3670 1159 3732 Christianis,
1172 3688 1207 3725 ne
1227 3688 1305 3725 arma
1323 3670 1464 3727 deferrent

284 3780 318 3833 ad
331 3778 464 3846 infideles,
477 3784 563 3849 atque
575 3780 605 3831 in
618 3794 722 3847 genere
734 3795 797 3832 cum
811 3778 855 3831 his
868 3778 978 3849 aliquod
992 3779 1189 3833 commercium
1198 3795 1349 3844 armorum,
1360 3795 1465 3833 renam·

285 3903 339 3955 que
352 3886 386 3939 ad
398 3886 502 3941 bellurn
515 3889 739 3955 comparaturum
752 3885 864 3939 inirent.
879 3885 949 3939 Nam
963 3888 1150 3957 effraenatum
1165 3886 1362 3941 commercium
1374 3902 1464 3939 armo·

285 4009 345 4044 rum
365 3992 392 4045 id
410 3992 504 4057 efficit,
524 3996 554 4045 ut
573 3990 668 4061 populi
688 3992 800 4045 barbari
820 3997 850 4047 at
872 3991 998 4047 infideles
1021 3993 1106 4047 armis
1131 3992 1308 4047 instruantur
1333 3993 1465 4048 aduersus

284 4104 383 4166 gentes
401 4098 498 4154 fideles
516 4104 545 4153 et
567 4098 670 4153 civiles.
686 4098 821 4160 Quocirca
840 4100 883 4152 ius
903 4098 1044 4167 publicum
1063 4097 1141 4153 illius
1159 4098 1270 4165 aetatis,
1289 4115 1375 4168 opera
1395 4099 1464 4153 iuris

284 4222 354 4270 can,
364 4204 449 4259 altius
457 4204 641 4259 humanitatis
650 4207 713 4260 iura
722 4208 855 4260 tuebatur
864 4222 947 4275 quam
958 4205 1039 4259 hodie
1050 4206 1106 4272 fiat,
1117 4210 1200 4273 prout
1211 4204 1330 4259 luctuosi
1346 4209 1464 4260 eventus

284 4311 392 4371 docent,
405 4310 515 4380 quando
533 4315 613 4365 tanto
631 4310 744 4364 laudum
763 4310 882 4379 strepitu
901 4310 934 4364 ad
954 4310 1045 4364 sidere
1058 4310 1196 4364 tolluntur
1210 4309 1360 4365 hodiernae
1376 4310 1463 4380 leges,

282 4432 356 4486 quae
375 4416 539 4486 populorum
558 4418 601 4469 ius
620 4417 761 4485 publicum
780 4416 968 4471 moderantur.
