3350 5100
640 330 848 381 annnanruu
871 331 906 379 v.
1297 310 1368 378 619

180 456 311 513 scendum
330 460 424 511 utrum
443 456 570 525 sigillum
589 454 805 523 etsubscriptio
823 454 881 508 sint
899 452 1015 525 parochi
1033 454 1182 511 scribentis
1198 455 1305 509 satisne
1322 459 1367 511 est

179 560 372 616 testimonium
391 560 548 630 patrissat
566 560 665 614 matris
683 560 778 629 sponsi
797 562 848 613 ant
865 557 987 613 aliorum
1004 574 1040 613 ex
1058 558 1168 613 familia
1185 557 1367 615 alterutrius?

268 670 341 723 Del.
360 668 401 721 11.
420 667 451 722 In
469 667 557 723 tertia
574 666 676 722 ultima
694 666 831 732 §decreti
853 666 1069 735 praescribitur:
1088 666 1175 721 ‹Pro
1192 667 1318 721 textibus
1335 666 1372 721 im

180 773 262 830 abac
280 776 400 830 materia
419 775 591 845 recipiantur
609 774 699 845 magis
717 774 921 843 consanguinei
943 791 1027 845 quarn
1046 776 1145 841 exteri,-
1162 774 1231 845 quia
1253 790 1367 843 praesu-

180 886 324 937 emuntur
342 881 444 937 melius
461 881 606 936 informati
619 898 644 935 e.
664 878 721 935 Sub
740 880 856 935 nomine
873 880 1108 950 consanguinei>
1124 880 1286 950 intelligire
1303 896 1368 949 pos·

178 992 245 1042 sunt
262 988 367 1058 proprii
386 987 537 1057 genitores,
551 988 604 1041 etsi
617 986 770 1057 aliquando
789 986 926 1041 interesse
939 985 1044 1041 habere
1061 985 1211 1041 viduantur
1222 985 1256 1041 de
1269 985 1366 1039 matri·

179 1094 265 1149 monii
284 1093 477 1156 conclusione;
498 1097 529 1149 et
546 1093 611 1149 ideo
629 1094 683 1164 ipsi
702 1109 764 1148 sese
783 1092 930 1158 exhibent,
947 1096 998 1147 aut
1015 1097 1116 1147 emant
1129 1096 1161 1146 ut
1176 1091 1336 1147 indicentur
1347 1108 1365 1145 a

178 1200 286 1267 sponsis
304 1199 402 1254 iisdem
421 1200 455 1253 ad
474 1199 557 1256 fidem
575 1190 732 1253 faciendam
752 1198 786 1253 de
804 1198 924 1251 istorum
949 1201 1042 1252 status
1066 1194 1219 1253 libertate?
1244 1198 1281 1251 Et
1298 1196 1366 1250 defi·

178 1306 317 1361 cientibus
335 1306 521 1377 genitoribus,
539 1306 563 1360 si
576 1306 652 1361 vices
671 1304 789 1359 istorum
809 1309 897 1375 agant
907 1306 1010 1359 naues
1021 1304 1068 1359 vel
1081 1305 1182 1374 patrui,
1196 1307 1365 1373 poteruntne

178 1415 271 1482 iidem,
289 1431 407 1492 quorum
425 1416 564 1471 interesse
582 1413 728 1485 cognitum
747 1418 798 1468 ant
816 1414 992 1484 suppositum
1010 1412 1056 1481 sit,
1076 1412 1167 1467 audiri
1187 1428 1240 1467 ceu
1259 1412 1365 1467 testesl

268 1526 341 1579 Dub.
372 1522 427 1577 ΙΙΙ.
454 1522 535 1597 (lirca
553 1520 698 1577 dimidium
717 1520 810 1575 dictae
829 1526 847 1586 ἕ
865 1520 1007 1575 adiicitur:
1026 1519 1097 1575 «Et
1114 1519 1242 1574 notamus
1265 1525 1366 1575 exacte

178 1643 195 1685 u
210 1628 352 1683 describat
370 1642 516 1698 personam
529 1625 619 1693 testis,
631 1642 715 1697 quem
728 1626 751 1679 si
766 1629 927 1695 cognoscat,
940 1628 1038 1679 atatim
1055 1624 1195 1679 clausula:
1214 1626 1284 1679 milri
1295 1626 1365 1679 bene

176 1738 351 1805 <aequitum
370 1734 414 1797 sin
427 1732 520 1787 minus
539 1748 657 1787 examen
676 1747 731 1785 non
751 1732 880 1801 recipiat,
892 1732 947 1787 nisi
966 1748 1030 1787 cum
1045 1748 1164 1802 persona
1176 1732 1366 1803 testiculique

177 1859 193 1894 ι
207 1840 265 1895 alia
277 1843 440 1911 compareat
457 1838 573 1909 cognita
591 1836 701 1893 noterio
715 1842 744 1893 et
757 1854 829 1909 ques
848 1842 971 1893 testetur
982 1839 1017 1894 de
1029 1838 1143 1893 nomine
1155 1843 1186 1893 et
1198 1838 1365 1908 cognomine

179 1948 295 2017 «ipsius
313 1948 395 2003 testis
406 1961 432 2004 >-
452 1946 597 2009 Quatenus
614 1945 645 2001 in
663 1943 760 2017 eliqua
778 1945 899 2000 dioecesi
919 1946 976 2000 sint
1000 1945 1096 2016 plures
1114 1949 1144 2000 et
1167 1945 1269 2001 remoti
1288 1946 1363 2015 pagi,

178 2061 208 2110 et
225 2054 397 2110 consuetudo
415 2055 512 2123 vigeat
530 2054 604 2126 quod
621 2054 717 2123 sponsi
736 2055 853 2109 mittant
871 2058 922 2108 aut
939 2070 1034 2109 secum
1055 2055 1160 2109 ducant
1184 2056 1253 2109 duos
1276 2057 1365 2111 testes

178 2162 349 2217 cancellario
361 2164 391 2216 et
403 2160 526 2215 civitatis
541 2159 708 2230 episcopalis
727 2160 896 2215 residentiae
908 2160 983 2214 band
995 2165 1086 2227 notos,
1097 2166 1128 2216 et
1139 2178 1195 2215 non
1207 2162 1364 2232 reperiatur

179 2284 306 2338 persona,
320 2283 391 2339 quae
403 2266 514 2323 eosdem
533 2271 684 2337 agnoscam
702 2266 738 2320 ad
750 2265 867 2321 vitanda
883 2268 982 2336 gravia
995 2266 1171 2321 incommoda
1183 2266 1302 2337 populis,
1313 2267 1363 2338 qni

177 2379 288 2444 tempus
305 2378 336 2430 et
354 2374 501 2444 pecuniam
519 2375 624 2429 frustra
646 2376 786 2440 tererent,
811 2376 952 2443 quatenus
976 2373 1085 2427 remitti
1109 2372 1258 2439 deberent3
1280 2378 1310 2428 et
1327 2374 1363 2427 ad

177 2479 305 2533 vitandas
323 2479 521 2550 querimoniae,
540 2494 613 2548 quae
630 2477 716 2531 facile
735 2482 944 2543 enascerentur,
962 2481 1116 2547 possuntne
1139 2477 1227 2548 recipi
1244 2478 1362 2532 istorum

178 2585 338 2644 testimonia
356 2585 502 2640 innitendo
521 2584 609 2656 legali
629 2585 762 2639 axiomati
777 2583 851 2654 quod
868 2583 990 2640 <Nemo
1002 2585 1191 2653 praesumitur
1203 2583 1294 2640 malus
1307 2585 1361 2638 nisi

196 2687 331 2745 rebaturi
342 2704 370 2748 a.

177 2707 195 2760 p
266 2797 338 2848 Dub.
357 2795 410 2847 IV.
429 2793 499 2849 Cum
516 2810 601 2863 saepe
620 2793 707 2848 etiam
734 2793 884 2862 contingat
906 2791 996 2864 quod,
1021 2796 1136 2862 peracto
1161 2796 1238 2848 statu
1263 2792 1363 2856 libero,

178 2899 274 2972 aliqua
300 2899 479 2969 superveniat
502 2902 611 2970 sponsis
636 2901 864 2967 circumstantia,
888 2903 924 2955 ob
949 2917 1033 2971 qnam
1056 2904 1125 2955 tunc
1151 2899 1362 2955 matrimonium

178 3003 298 3074 amplius
316 3003 410 3060 locum
428 3021 483 3058 non
501 3003 595 3072 babet,
614 3021 679 3072 uno,
698 3005 814 3072 duobus,
834 2978 990 3062 vel'tribus
1006 3006 1159 3069 mensibus,
1173 3005 1198 3059 si
1211 3005 1362 3074 praecipue

178 3113 280 3179 agetur
298 3109 332 3165 ds
350 3110 476 3180 personis
493 3109 609 3165 humilis
627 3109 796 3167 conditionis
815 3115 845 3168 et
863 3128 936 3182 qnae
954 3110 1050 3166 curiae
1067 3110 1143 3165 haud
1160 3116 1246 3167 nome
1257 3113 1316 3170 sint
1327 3127 1362 3168 eo

178 3217 250 3287 quod
269 3217 304 3271 ad
321 3217 446 3272 diversos
465 3234 551 3288 pagos
570 3217 752 3287 pertineant?

268 3324 339 3377 Dub.
357 3321 385 3379 V.
398 3323 487 3385 Quum
500 3321 528 3378 in
541 3323 715 3380 dioecesibus
727 3324 941 3396 quamplurimis
959 3342 1026 3380 usus
1037 3325 1188 3382 inoleverit
1198 3326 1361 3396 recipiendi,

176 3428 205 3482 iu
218 3429 347 3484 examine
360 3446 410 3500 pro
422 3435 498 3486 statu
517 3431 617 3497 libero,
635 3431 780 3486 hominum
799 3432 989 3503 depositiones
1006 3432 1179 3488 selummodo
1192 3450 1228 3488 ex
1240 3449 1275 3488 eo
1288 3433 1361 3506 quod

176 3536 206 3591 in
231 3538 357 3606 praefato
379 3537 494 3593 decreto
518 3537 638 3594 edicitur
658 3539 820 3598 ‹Testes›
839 3540 906 3611 quin
931 3539 1064 3595 mulieres
1089 3541 1274 3610 excipiantur,
1298 3557 1361 3611 pos·

177 3648 278 3700 suntne
296 3644 386 3699 audiri
405 3645 492 3700 etiam
510 3645 662 3700 mulieres'l

265 3751 337 3806 Dub.
356 3751 400 3804 VI.
414 3751 495 3806 Hand
506 3768 571 3806 raro
583 3752 678 3807 evenit
690 3753 764 3824 quod
777 3752 860 3808 bomo
872 3757 923 3808 aut
934 3753 1037 3808 mulier
1048 3751 1220 3808 domicilium
1234 3754 1361 3822 posuerit

175 3856 204 3910 in
223 3856 287 3912 loco
302 3859 338 3912 ab
356 3857 475 3927 originis
492 3857 604 3913 diverso
623 3875 672 3928 per
691 3859 787 3914 decem
806 3864 857 3916 aut
875 3859 971 3930 plures
989 3875 1078 3914 annos
1096 3859 1150 3914 etsi
1169 3858 1290 3929 patriam
1309 3865 1361 3914 aut

175 3964 261 4018 aliam
279 3963 423 4020 civitatem
441 3971 491 4020 aut
509 3982 613 4036 pagum
632 3966 789 4037 reliquerit,
808 3984 873 4021 cum
897 3967 954 4021 iam
978 3967 1143 4043 adoleverit
1168 3966 1280 4022 Satisne
1303 3968 1360 4024 erit

173 4072 292 4141 probare
310 4071 472 4128 libertatem
491 4073 642 4143 predictis
660 4074 756 4129 decem
775 4078 826 4128 aut
845 4073 974 4144 pluribus
985 4077 1078 4142 annis,
1090 4076 1242 4131 transactis
1253 4075 1283 4130 in
1296 4073 1360 4130 loco

174 4176 218 4230 sui
235 4175 329 4230 ultimi
347 4176 492 4242 domicilii,
510 4181 561 4231 aut
579 4178 721 4248 oportebit
739 4179 833 4245 etiam,
853 4195 909 4234 non
932 4181 1064 4236 obstante
1081 4181 1205 4236 eiusdem
1223 4178 1360 4251 perlongo

174 4285 319 4340 absentiae
337 4287 462 4354 tempore
474 4301 492 4338 a
505 4285 598 4354 patria
608 4302 668 4353 sua,
681 4285 727 4340 vel
739 4301 789 4340 suo
809 4271 899 4355 primo
918 4303 991 4357 pago
1009 4304 1161 4358 exposcere
1172 4288 1255 4342 fldem
1268 4292 1359 4343 statua

173 4389 258 4445 liberi
275 4389 330 4443 viri
348 4391 398 4444 sut
415 4386 542 4444 mulieris
561 4389 594 4444 ad
614 4389 765 4444 ineundum
784 4388 1015 4444 matrimonium?
