3350 5100
280 283 325 348 76
802 303 886 351 ruas
908 303 932 350 1.

282 444 402 510 poenas
426 424 572 492 extendit
585 425 627 490 ad
642 431 857 512 provocantes
879 432 913 493 et
927 431 1140 512 cooperantes
1161 425 1261 493 etiam
1284 427 1463 492 certamine

283 569 347 616 non
362 555 492 626 secuto;
515 551 575 616 hos
590 555 763 636 praeterea
779 549 914 617 subiecit
930 551 1254 618 excommunicationi
1271 553 1292 618 t.
1307 569 1336 618 s.
1352 557 1386 618 et
1400 553 1465 638 pri·

280 675 403 740 vatioui
427 676 543 742 eccles.
560 675 756 762 sepulturae,
773 675 953 742 decernens
968 675 1043 741 loca
1057 676 1127 762 ipsa
1150 676 1338 742 certaminis
1359 676 1461 742 inter·

282 796 367 863 dieto
391 797 540 864 obnoxia.
566 798 630 864 Sed
652 799 715 864 hoc
738 796 946 864 interdictum
977 817 1043 863 non
1064 798 1202 884 amplius
1228 799 1343 884 urgeri
1363 798 1462 867 valet.

282 921 356 1004 quia
379 941 399 987 a
422 923 528 990 Oonst.
553 923 618 1005 Ap.
644 922 743 989 Sedis
766 930 923 988 renovata
945 929 994 989 est
1020 922 1372 997 excommunicationis,
1395 941 1463 989 non

281 1061 361 1110 vero
377 1043 540 1110 interdicti
555 1063 705 1112 censura.
720 1079 734 1094 ·
752 1045 858 1112 Metus
873 1050 982 1111 autem
995 1047 1143 1132 gravium
1155 1065 1334 1132 poenarum
1346 1042 1462 1118 effecit,

285 1177 321 1238 ut
336 1171 445 1244 animi,
462 1189 527 1236 non
543 1173 621 1237 satis
637 1173 742 1258 parati
753 1171 793 1237 ad
810 1171 1032 1247 obediendum,
1046 1177 1236 1258 praetextus
1250 1173 1466 1256 exquirerent

282 1295 396 1380 quibus
426 1315 516 1362 suam
547 1295 799 1362 inobedientiam
823 1315 984 1364 excusare
1006 1302 1216 1376 conarentur.
1240 1295 1333 1364 Unde
1362 1295 1464 1364 disse-

281 1425 399 1489 minari
415 1430 592 1508 coeperunt
607 1425 781 1509 opiniones,
799 1412 1046 1510 comprobantes
1059 1443 1183 1490 morem
1194 1422 1368 1497 duellandi,
1383 1444 1463 1509 quo-

280 1550 478 1634 tiescumque
503 1549 613 1616 bonor
635 1549 864 1616 vindicandus
886 1549 950 1614 hoc
972 1549 1207 1636 expostularet.
1231 1547 1352 1614 Bened.
1375 1549 1464 1614 XIV

280 1672 388 1738 Consi.
405 1661 651 1746 Detestabitev'n,
668 1671 727 1738 has
750 1674 928 1740 sententias
950 1674 1140 1759 proscripsit
1163 1677 1196 1738 et
1218 1691 1339 1758 poenas
1358 1673 1462 1752 auxit,

282 1797 404 1872 iubens,

419 1921 449 2008 l)
475 1921 545 1988 Non
569 1921 712 2009 gaudere
727 1921 803 1989 iure
817 1923 905 2009 asyli
920 1924 1007 1988 sacri
1023 1923 1076 2008 qui
1093 1922 1266 1990 decertans
1285 1925 1319 1989 iu
1342 1922 1462 2004 duello,

281 2047 443 2111 bominem
460 2045 673 2127 interfecerit,
689 2047 748 2112 etsi
769 2053 914 2112 mortuus
938 2049 979 2112 sit
1001 2053 1098 2112 extra
1112 2047 1219 2113 locum
1235 2045 1403 2113 conflictus
1418 2069 1463 2112 ex

282 2170 421 2237 vulnere
443 2177 551 2237 umen
574 2177 708 2257 accepto
731 2173 763 2236 iu
788 2171 913 2247 duello;

416 2295 451 2383 2)
469 2296 593 2362 Taliter
603 2315 684 2361 vero
696 2295 904 2362 interfectum
916 2297 1041 2383 privari
1053 2297 1220 2382 sepultura
1231 2296 1463 2369 ecclesiastica,

284 2422 344 2489 etsi
360 2419 489 2488 dederit
502 2421 632 2487 indubia
643 2423 861 2508 poenitentiae
874 2425 976 2509 signa,
993 2426 1027 2488 et
1040 2421 1275 2488 absolutionem
1287 2421 1465 2489 obtinuerit

281 2568 302 2612 a
324 2550 466 2634 peccatis
489 2552 523 2615 et
545 2568 564 2613 a
587 2550 752 2624 censuris;

416 2671 450 2754 3)
474 2672 618 2756 Denique
637 2692 788 2757 pomum
811 2673 1002 2759 privationis
1024 2672 1216 2758 sepulturae
1238 2674 1363 2739 incurri
1386 2679 1465 2740 ante

281 2798 394 2865 iudicis
417 2801 611 2863 seutentiam
634 2798 893 2864 declaratoriam.
1055 2778 1062 2790 ’

371 2922 424 2989 Uti
448 2923 511 2987 iam
535 2922 663 2988 adverti
684 2920 789 3007 quoad
809 2941 976 2995 censuras,
994 2942 1170 3008 progressu
1191 2924 1346 3009 temporis
1369 2924 1462 2995 latas,

282 3046 379 3112 hodie
401 3051 525 3111 tantum
549 3049 639 3133 viget
661 3049 953 3113 excommunicatio
977 3046 1017 3112 R.
1033 3044 1128 3112 Pont.
1145 3047 1336 3133 simpliciter
1358 3066 1464 3114 reser-

282 3176 358 3235 vata
372 3169 431 3236 sub
447 3191 479 3235 n.
493 3172 541 3236 ill
560 3170 592 3235 in
609 3170 718 3237 Consi.
735 3171 801 3255 Ap.
816 3172 922 3238 Sedis.
938 3206 956 3221 ·
970 3172 1110 3239 Textum
1124 3178 1232 3238 autem
1244 3171 1328 3256 quod
1345 3174 1464 3238 attinet

282 3312 382 3378 supra
404 3294 543 3361 relatum
567 3295 662 3361 huius
686 3314 855 3376 censurae,
879 3294 1079 3371 advertatur,
1106 3314 1362 3363 ‹srurnrcmme
1379 3315 1461 3380 pro·

281 3424 439 3485 vocantes
461 3424 494 3485 et
507 3418 594 3486 ittud
617 3424 863 3502 acceptantes»
888 3420 1256 3485 excommunicationem
1279 3420 1462 3493 incurrere,

281 3542 389 3609 duello
404 3545 501 3610 etiam
518 3562 583 3609 non
598 3548 722 3619 secuto;
736 3543 911 3629 complices
923 3562 1004 3608 vero
1018 3544 1201 3617 incurrere,
1217 3542 1325 3610 duello
1339 3550 1462 3618 secuto,

282 3670 328 3735 uti
351 3668 446 3735 docet
468 3668 668 3735 D'Annlbale
694 3666 879 3736 Commeat.
905 3667 936 3732 b.
957 3669 978 3732 t.
1000 3686 1095 3753 quem
1118 3672 1298 3751 sequuntur
1319 3687 1461 3734 commu·
1504 3707 1508 3719 ·

283 3794 370 3859 niter
393 3792 448 3859 alii
466 3797 745 3859 commentatores.
763 3826 777 3841 ·
795 3789 858 3857 Sed
881 3790 1060 3878 complices
1075 3790 1283 3878 intelligimus
1298 3793 1353 3876 qui
1367 3812 1462 3879 opem

282 3916 440 4001 praebent
451 3916 663 4000 prouimom,
677 3914 777 3980 veluti
792 3915 922 4000 patrini,
938 3919 1047 3990 testes,
1065 3915 1118 3999 qui
1133 3916 1262 3981 litteras
1274 3921 1464 4002 provocato

284 4042 350 4115 rias
362 4038 522 4115 deferunt,
540 4042 616 4106 item
628 4038 756 4112 Medici,
769 4040 933 4125 Chirurgi,
948 4038 1182 4114 Confesmmns,
1194 4060 1238 4105 ex
1249 4044 1366 4127 rogatu
1377 4040 1464 4109 duel-

261 4164 429 4238 ,landun
446 4162 565 4229 eisdem
582 4183 674 4250 opem
697 4163 805 4237 laturi,
831 4184 874 4229 ex
890 4166 971 4229 lust.
987 4162 1020 4230 S.
1038 4159 1101 4230 Off.
1117 4163 1174 4230 die
1189 4162 1239 4230 28
1253 4163 1342 4231 Maii
1357 4165 1461 4231 1884.

284 4288 347 4363 Qui
363 4287 405 4353 de
419 4287 590 4354 industria
605 4292 766 4372 spectant,
780 4286 916 4353 subsunt
931 4306 1099 4359 censurae,
1113 4288 1140 4352 si
1156 4305 1221 4352 non
1234 4286 1341 4354 obiter
1355 4294 1466 4355 trans-

282 4417 399 4480 erentes
421 4414 629 4499 reperiantur
651 4415 684 4478 in
711 4413 782 4478 loco
806 4409 984 4494 conflictus,
1009 4412 1062 4477 vel
1085 4418 1233 4498 spectent
1256 4432 1276 4479 e
1298 4412 1462 4489 fenestris,
