3350 5100
348 304 415 377 376
858 329 941 380 raas
965 328 1015 383 111.

345 458 474 524 sidiam
496 458 583 523 iuris
613 459 690 524 satis
720 457 814 523 docet
844 458 898 523 cit.
930 463 1050 524 artat
1078 458 1174 524 latius
1204 478 1262 521 nos
1293 456 1521 541 explicavimus

346 583 409 648 vol.
435 584 476 654 ΙΙ,
501 602 534 672 n.
558 580 634 647 321.

436 710 510 776 308.
536 709 680 793 Sequens
707 713 768 773 art.
797 709 863 773 XX
887 710 1027 776 consulit
1048 708 1182 775 testibus
1204 708 1446 774 contumacibus
1468 712 1522 772 aut

346 836 426 900 alias
441 833 631 918 impeditis,
654 833 783 897 iubens:
810 854 829 892 c
855 834 987 905 Quoties
1020 840 1113 900 testes
1143 834 1336 900 indicentur
1366 833 1407 899 ob
1429 832 1521 915 faeta

346 966 406 1025 aut
428 960 591 1025 adiuncta
614 959 835 1024 essentialiter
857 958 956 1024 alitio
981 958 1100 1024 merito
1129 977 1261 1038 causae,
1286 958 1346 1041 qui
1369 926 1523 1022 enemim

345 1085 465 1151 subiici
486 1091 657 1169 nequeant
680 1104 718 1151 eo
742 1085 835 1169 quod
858 1090 1035 1150 censeatur·
1059 1084 1152 1149 houd
1175 1084 1338 1167 empedtre
1352 1088 1390 1149 ut
1409 1102 1522 1149 occen-

346 1217 424 1293 tur5
446 1215 507 1275 aut
521 1210 605 1294 quie
619 1209 730 1275 vocati
752 1208 915 1290 abnuant,
940 1208 1065 1275 mentio
1088 1208 1287 1279 eorumdem
1309 1210 1346 1293 fit
1368 1209 1406 1272 tn
1429 1226 1522 1272 acris

345 1342 376 1401 et
399 1341 542 1401 curetur
564 1335 725 1418 mepptere
747 1354 868 1401 eorum
891 1333 1037 1415 defectui
1049 1354 1116 1417 per
1131 1334 1359 1399 attestationes
1374 1332 1522 1399 aliorsum

222 1518 224 1521 Α
347 1462 489 1544 testium,
503 1462 616 1547 qui-de
628 1480 770 1534 annino,
784 1466 844 1527 eut
856 1462 927 1526 atie
938 1462 1072 1527 ratione
1083 1460 1239 1527 moetas
1250 1460 1288 1525 id
1299 1460 1391 1545 quod
1403 1459 1521 1543 eosqui-

345 1587 482 1652 riter».
508 1588 647 1652 intentio
671 1588 800 1652 articuli
825 1592 875 1653 est
901 1606 966 1672 per·
987 1607 1031 1660 se,
1056 1588 1325 1673 perspectissime.
1352 1586 1400 1651 Of.
1424 1604 1523 1670 supra

344 1730 377 1774 n.
401 1710 477 1776 234.
496 1746 514 1757 -
532 1708 606 1776 Ood.
625 1710 677 1775 cit.
695 1711 793 1795 Greg.
817 1716 949 1794 praeter
972 1710 1186 1776 conditionem
1209 1729 1369 1795 personae
1393 1710 1426 1774 in
1449 1728 1523 1773 con·

343 1838 457 1923 spicue
479 1837 636 1922 dignitate
654 1839 848 1904 constitutae
872 1842 905 1902 et
926 1837 1002 1901 inde
1017 1837 1184 1902 adeundae
1207 1836 1247 1902 ab
1271 1838 1339 1921 ipso
1355 1834 1460 1901 iudice
1484 1834 1524 1899 ad

344 1965 414 2028 eius
436 1964 674 2029 attestationem
699 1962 930 2048 excipiendam,
946 1963 1118 2048 perpendit
1140 1982 1249 2028 casum
1274 1960 1467 2026 infirmitatis
1491 1966 1524 2024 et

344 2088 427 2153 haec
453 2094 547 2154 cavet
572 2093 634 2153 art.
659 2087 735 2154 271:
762 2107 779 2151 u
802 2087 840 2153 Si
863 2089 952 2155 testis
979 2092 1027 2154 est
1055 2088 1173 2155 morbo
1204 2088 1387 2170 impeditus
1416 2086 1523 2151 tudem

343 2215 530 2283 instructor
558 2195 802 2280 attestationem
835 2220 1041 2298 emeeptumes
1072 2214 1119 2279 ad
1149 2215 1261 2279 tecum
1292 2213 1420 2279 aceedit
1450 2212 1523 2277 eim

239 2416 245 2425 ,
346 2339 634 2421 commorationis,
657 2340 688 2404 si
709 2338 747 2403 ia
770 2339 843 2404 eim
865 2338 1020 2405 distractu
1043 2347 1217 2420 moretum
1239 2356 1334 2403 secus
1356 2358 1413 2403 res
1436 2356 1523 2403 eom·

343 2442 495 2531 mittetur
508 2465 616 2531 iudici
628 2465 723 2530 illiue
738 2466 804 2530 toci
820 2485 850 2528 a.
863 2464 943 2531 272:
963 2484 981 2528 ‹
996 2465 1046 2529 Ex
1063 2465 1268 2530 attestatione
1283 2464 1376 2547 periti
1395 2462 1520 2548 physici

344 2594 377 2657 in
400 2597 474 2657 acta
497 2611 614 2657 causae
637 2591 810 2657 inserenda
832 2590 1033 2676 probandum
1057 2597 1117 2671 est,
1132 2589 1278 2655 morbum
1302 2609 1367 2654 non
1390 2587 1522 2653 officere

344 2716 515 2783 facultates
537 2716 706 2789 mentales,
730 2715 942 2799 eumdemque
966 2712 1126 2780 infirmum
1143 2713 1320 2797 adaequate
1338 2715 1521 2798 interroga-

343 2841 435 2905 toriis
458 2840 646 2905 satisfacere
670 2839 790 2904 valere.
815 2839 849 2904 Si
872 2840 966 2923 periti
991 2837 1142 2902 iudicium
1165 2840 1207 2902 sit
1229 2855 1358 2920 anceps,
1384 2854 1521 2899 examen

344 2969 506 3052 excipitur
528 2986 593 3031 non
617 2965 722 3031 delato
746 2967 936 3038 iuramento,
961 2984 1057 3048 quum
1078 2965 1179 3048 possit
1198 2963 1300 3048 repeti
1326 2981 1473 3032 examen,
1495 2963 1522 3025 si

343 3091 459 3157 deinde
481 3094 571 3157 testis
594 3092 699 3157 factus
722 3093 763 3156 sit
785 3091 920 3156 idoneus
935 3112 967 3154 ».

433 3217 508 3281 309.
534 3217 628 3281 Modo
651 3217 775 3300 aliquas
795 3211 925 3301 regulas
947 3215 1142 3280 desumimus
1165 3214 1273 3281 acod.
1291 3215 1343 3280 cit.
1364 3213 1464 3300 arey.
1482 3213 1522 3278 de

345 3342 469 3405 ratione
485 3341 683 3426 proponendi
699 3341 961 3425 interrogatoria.
981 3341 1032 3404 Ex
1047 3346 1108 3404 art.
1125 3341 1191 3406 274
1207 3340 1289 3405 haec
1306 3339 1420 3424 regula
1440 3341 1523 3404 erni·

342 3469 406 3544 tur,
431 3464 568 3528 iudicem
592 3467 820 3529 instructorem
843 3466 1018 3529 immunem
1043 3483 1113 3528 esse
1135 3463 1255 3528 debere
1279 3483 1299 3526 a
1321 3462 1425 3528 studio
1448 3481 1520 3546 par·

342 3591 422 3655 tium
444 3595 477 3654 et
500 3593 608 3654 omnia
630 3589 770 3656 fideliter
782 3590 822 3653 ad
839 3596 913 3655 acta
936 3590 1111 3655 amandare
1128 3592 1195 3654 slve
1211 3609 1294 3674 quae
1313 3589 1435 3662 favent,
1452 3590 1521 3652 sire

341 3735 423 3801 quae
445 3722 565 3781 nocent
587 3717 747 3809 inquisito.
775 3751 791 3763 -
814 3716 886 3780 Hac
900 3715 940 3780 de
957 3734 1064 3788 causa,
1081 3715 1279 3779 advertimus
1303 3719 1520 3799 promotorem

342 3839 484 3906 fiscalem
507 3862 570 3906 non
594 3841 707 3907 adesse
730 3842 807 3906 huic
829 3842 981 3906 examini.
1000 3843 1070 3905 Art.
1095 3841 1176 3906 275:
1205 3839 1389 3904 ‹Abstinet
1412 3837 1520 3922 (iudex
1549 3908 1554 3920 x

342 3966 530 4052 instructor)
546 3985 566 4032 a
581 3987 782 4052 quacumque
805 3969 1061 4052 interrogatione
1077 3985 1159 4050 quae
1175 3986 1239 4031 non
1260 3967 1417 4032 innitatur
1440 3965 1520 4029 actis
1648 4009 1649 4030 2

342 4113 468 4165 causae,
485 4098 540 4158 aut
555 4113 638 4178 qnae
658 4094 806 4180 indigitat
821 4093 971 4159 distincte
987 4095 1182 4177 inquisitum,
1199 4091 1298 4156 veluti
1315 4092 1392 4156 sacti
1408 4096 1518 4155 aucto-

342 4238 428 4295 rem;
445 4218 620 4286 abstinete
636 4221 828 4305 suggestivis
845 4218 1154 4304 interrogationibus
1171 4238 1201 4281 ».
1219 4220 1290 4282 Art.
1307 4217 1383 4283 276:
1403 4219 1519 4281 «Ante

342 4364 480 4408 examen
511 4346 735 4430 excipiendum
760 4343 964 4411 interdicitur
995 4345 1090 4410 iudici
1119 4342 1308 4410 instructori
1339 4343 1538 4426 qualecum,

342 4488 404 4551 que
427 4469 672 4536 extraiudiciale
695 4469 889 4553 colloquium
912 4469 952 4534 de
983 4472 1099 4534 merito
1126 4488 1244 4534 causae
1268 4472 1301 4532 et
1323 4473 1446 4532 tantum
1471 4469 1515 4529 in-
