3350 5100
594 267 699 315 innox
722 266 926 315 srnorrrous
1282 248 1351 315 689

173 388 214 441 28.
236 387 418 457 Explicantur
438 388 588 459 principia,
610 402 682 459 quae
701 388 883 443 moderantur
902 387 1047 441 simoniam
1073 387 1141 440 iuris
1160 387 1230 442 eccl.

281 500 310 549 et
334 494 405 549 haec
428 501 472 549 est
496 496 585 549 vetita
608 498 674 565 qaia
696 496 851 567 prohibito,
879 500 908 549 et
933 494 960 547 in
986 493 1097 547 casibus
1120 498 1231 548 tantum

281 602 419 673 expressis
420 638 1181 655 ..................
1217 618 1282 671 paq.
1319 602 1355 654 40

173 710 215 763 29.
236 710 279 762 An
299 708 389 763 adbuc
408 713 438 764 et
455 708 591 779 quomodo
610 708 729 763 vetitum
748 708 785 760 sit
805 707 911 777 aliquid
930 708 1058 775 accipere
1077 708 1113 760 ab
1126 707 1234 776 ingres·

283 816 355 869 suris
373 820 477 869 statum
496 814 657 885 religiosum
685 853 1229 868 .............
1267 828 1286 871 a
1322 814 1357 869 43

174 921 216 977 30.
237 923 279 975 Ad
292 923 438 977 simoniam
451 926 522 977 iuris
536 923 604 977 leel.
619 922 742 990 pertinet
754 920 866 975 titulus:
881 922 924 975 De
936 922 1078 991 moqirtris
1093 932 1119 977 et
1131 939 1166 976 ne
1177 923 1233 975 oli·

279 1034 346 1101 quid
365 1034 496 1100 exigiatur
513 1048 565 1101 pro
587 1032 700 1085 lieentia
717 1032 852 1093 docendi,
871 1035 900 1085 et
918 1031 991 1084 alius
1009 1031 1109 1084 titulus
1138 1033 1234 1087 subse-

282 1152 378 1207 quens.
423 1174 1230 1189 ...................
1269 1152 1286 1189 a
1322 1136 1357 1189 44

174 1242 216 1296 31.
238 1243 276 1297 De
296 1244 391 1313 poenis
409 1244 437 1295 in
458 1242 624 1297 simoniacos
645 1244 672 1295 in
693 1258 795 1311 genere
823 1282 1098 1295 .......
1105 1246 1142 1294 “.
1180 1281 1187 1294 .
1225 1283 1231 1293 .
1269 1258 1286 1298 a
1319 1243 1355 1296 ib.

173 1349 216 1407 32.
237 1350 265 1403 ln
285 1351 387 1419 specie,
405 1350 438 1404 de
459 1350 553 1419 poenis
573 1352 600 1403 in
618 1334 682 1403 'reos
701 1350 837 1403 simoniae
856 1350 945 1403 realia
961 1350 992 1402 in
1011 1349 1184 1404 beneflciis.
1222 1388 1230 1403 .
1267 1365 1285 1406 »
1321 1350 1357 1403 46

173 1457 217 1511 33.
236 1458 274 1513 De
294 1457 390 1527 poenis
410 1457 438 1511 in
457 1473 519 1512 reos
537 1458 672 1511 simoniae
692 1457 898 1526 confidenticlr‘e
912 1494 1232 1509 ........
1268 1470 1287 1511 r
1321 1456 1358 1509 47

173 1562 216 1616 34.
236 1562 274 1617 De
294 1563 390 1631 poenis
408 1562 437 1615 in
457 1577 518 1616 reos
536 1560 673 1615 simoniae
692 1562 726 1613 ob
745 1563 904 1630 ingressam
922 1560 950 1611 in
970 1560 1151 1628 Reliqicnam
1179 1598 1186 1610 .
1224 1598 1232 1613 .
1268 1576 1286 1614 ›
1322 1558 1358 1613 48

173 1669 216 1723 35.
237 1670 287 1723 Rei
307 1670 442 1724 simoniae
460 1668 569 1739 quando
588 1668 644 1721 sint
664 1668 782 1721 infames
804 1667 920 1720 infamia
938 1667 1007 1721 iuris
1009 1704 1231 1719 ......
1269 1685 1285 1719 ›
1319 1667 1356 1721 ib.

174 1774 216 1828 36.
238 1776 276 1830 De
296 1775 474 1829 restitutione
494 1774 537 1829 vel
556 1773 732 1827 abdicatione
753 1774 834 1841 pretii
858 1774 1002 1829 simoniaci
1005 1810 1232 1825 ......
1269 1789 1286 1829 >
1322 1773 1358 1827 49

376 2012 393 2069 5
416 2007 437 2060 i.
459 2008 499 2061 De
519 2007 581 2059 labe
600 2007 753 2059 &moniam
770 2024 787 2058 a
808 2008 891 2059 rebus
908 2009 998 2059 sacris
1020 2008 1153 2060 arcendo.

173 2201 216 2255 37.
237 2202 297 2254 Huc
321 2204 430 2269 spectat
455 2200 554 2254 titulus
573 2202 589 2255 4
608 2202 687 2255 Liar.
717 2202 744 2265 V,
763 2202 846 2255 Decr.
868 2202 951 2270 tiraq,
972 2200 1025 2253 IX.
1044 2213 1061 2254 «
1081 2200 1127 2255 Nc
1143 2200 1230 2253 ΡΜ·

282 2308 332 2361 lari
345 2311 497 2361 m'ceasuos
510 2308 556 2362 ael
569 2308 880 2363 Ecclesiossabannao
897 2324 981 2362 eoam
994 2308 1179 2362 concedant».
1214 2322 1280 2377 puy.
1317 2306 1354 2361 52

173 2412 215 2467 38.
237 2412 306 2467 item
324 2414 424 2467 titulus
442 2415 631 2485 subsequens:
649 2430 666 2467 e
680 2416 721 2469 De
733 2417 876 2485 maqierrr'e
890 2424 915 2467 et
927 2432 961 2468 ae
974 2416 1084 2484 aliquid
1095 2415 1230 2483 amicatur

279 2539 332 2592 pro
352 2522 467 2578 licentia
485 2524 639 2580 meandi»
644 2557 1232 2577 ..............
1268 2536 1285 2576 a
1320 2518 1356 2574 5³

172 2626 215 2680 39.
235 2627 456 2696 compescuntur
474 2637 618 2697 quaenam
637 2629 773 2696 fumantes
785 2645 822 2680 aa
834 2627 1018 2694 indulcentur
1032 2627 1153 2696 aliisque
1164 2643 1232 2696 qro-

280 2735 324 2786 riis
342 2735 536 2803 spiritualibus
555 2772 1230 2788 ................
1267 2748 1285 2789 a
1318 2733 1355 2786 ib.

370 2971 387 3030 ἓ
407 2969 430 3017 2.
452 2967 493 3020 Dc
513 2966 582 3020 locis
600 2968 688 3020 sacris
707 2971 844 3021 adversus
863 2967 1019 3035 soemleqos
1037 2968 1155 3021 tuendis.

174 3161 216 3212 40.
237 3161 377 3215 Feruntur
403 3177 507 3230 poenroe
532 3162 560 3214 in
585 3161 780 3229 extrahentes,
799 3165 904 3234 absque
922 3163 1018 3228 uenia,
1036 3163 1170 3234 reliquias
1196 3179 1230 3217 ex

282 3265 459 3321 catacumbis
478 3269 599 3322 romanie
600 3305 1182 3324 ..............
1216 3287 1283 3340 paq.
1320 3269 1357 3324 55

174 3370 215 3425 41.
235 3371 454 3441 compescuntur
473 3373 609 3428 violantes
628 3373 786 3428 clausuram
805 3374 971 3429 monialium
1000 3414 1230 3429 ......
1267 3390 1285 3428 a
1320 3375 1356 3428 56

174 3476 339 3531 42.1terirm
358 3479 490 3533 mulieres
509 3478 647 3534 violantes
666 3480 824 3535 clausuram
846 3480 1027 3550 Regularium
1046 3481 1185 3534 Virorum.
1222 3522 1230 3536 .
1266 3499 1284 3535 a
1320 3480 1356 3534 59

173 3581 216 3636 43.
237 3583 346 3640 Poenae
360 3585 387 3638 in
401 3585 539 3641 violantes
556 3587 763 3642 immunitatem
784 3587 857 3659 asyli
871 3587 970 3642 eccles.
989 3605 1058 3641 ausu
1071 3589 1231 3654 temerarie,

281 3697 330 3743 aut
349 3691 454 3747 violare
472 3693 600 3748 iubentes
603 3729 1229 3750 ...............
1267 3711 1284 3749 »
1319 3695 1356 3748 60

246 4490 303 4542 Soc.
326 4491 410 4556 Larsa,
430 4491 489 4543 Lib.
511 4491 542 4556 ΙΙ,
562 4492 615 4546 vol.
637 4491 681 4544 lv.
