3350 5100
428 329 471 374 ua
495 328 632 375 runrcus
657 328 898 381 oRtlssNALIBUs
922 330 958 376 ur
981 330 1097 377 seuera
1285 310 1349 382 407

654 650 768 718 04444
794 651 870 716 Vll.

565 826 611 880 ua
629 826 776 882 caussa
797 810 1035 881 4441441444.

176 1022 393 1081 Samiarium.
410 1054 447 1065 -
465 1024 526 1078 341).
549 1024 713 1094 Explicatur
737 1030 789 1078 art.
810 1024 919 1079 XXXV
939 1029 968 1080 et
988 1026 1139 1093 inprimis,
1166 1030 1287 1085 notatur,
1307 1026 1352 1081 hic

264 1146 420 1186 sermonem
439 1130 501 1183 fieri
520 1129 553 1183 de
572 1130 713 1184 sententia
731 1132 885 1201 definitiva.
899 1160 934 1171 -
947 1130 1007 1184 341.
1027 1130 1185 1201 Quotuplex
1204 1130 1274 1187 haec
1292 1148 1352 1187 esee

266 1238 360 1307 possit.
374 1268 407 1278 -
420 1238 482 1290 342.
497 1237 537 1291 De
549 1238 650 1317 affectu
668 1255 718 1293 seu
730 1239 764 1293 de
777 1239 942 1308 exceptione
961 1240 1005 1293 rei
1023 1239 1218 1293 1411144144-
1233 1237 1295 1291 343.
1308 1242 1352 1291 An

265 1350 295 1397 et
315 1344 453 1414 quomodo
478 1345 673 1413 pronunciatio
697 1345 856 1399 sententiae
881 1343 1032 1411 habeatur,
1054 1350 1165 1399 servato
1187 1344 1274 1399 veluti
1296 1361 1352 1399 uno

265 1460 403 1515 consentu,
416 1448 560 1503 conclusio
571 1451 778 1521 disceptationis
797 1468 907 1506 causae.
921 1480 956 1493 -
969 1452 1032 1504 344.
1049 1452 1086 1505 De
1101 1456 1179 1521 parte
1191 1452 1353 1521 dispositiva

264 1559 434 1613 sententiae:
454 1559 612 1628 explicatur
630 1570 722 1613 textus
741 1560 862 1614 articuli.
882 1589 918 1602 -
936 1560 996 1615 345.
1018 1562 1061 1613 An
1084 1560 1209 1615 addenda
1230 1561 1268 1613 sit
1289 1578 1353 1630 pars

264 1672 411 1722 narrative
432 1672 462 1723 et
481 1672 592 1721 motiva.
614 1696 647 1707 —
666 1667 727 1721 346.
748 1668 840 1729 Quare
864 1668 1000 1722 articulus
1022 1667 1144 1721 XXXVl
1165 1668 1270 1734 iubeat,
1292 1684 1354 1722 sen·

265 1774 383 1829 tentiam
402 1776 570 1828 denunciari
588 1780 727 1828 accusato.
740 1803 776 1815 -
791 1774 853 1827 347.
874 1774 912 1828 De
933 1775 1012 1828 modo
1031 1790 1086 1844 quo
1106 1776 1194 1829 fertur
1213 1775 1354 1827 sententia

264 1884 408 1951 definitiva
428 1900 444 1935 a
463 1882 596 1936 tribunali
613 1881 768 1951 collegiali.

266 2080 341 2144 340.
369 2080 406 2143 14
430 2086 491 2144 art,
513 2081 575 2144 iam
599 2081 703 2145 relato
728 2080 870 2153 XXXV,
888 2079 971 2163 quod
995 2080 1250 2147 adsentantium
1275 2076 1353 2146 defl-

176 2208 309 2270 nitivam
332 2207 483 2271 statuitur
508 2206 701 2271 «editur
726 2208 892 2271 sententia
923 2206 1082 2272 dictando
1115 2225 1353 2272 ursrosrrrvsu

177 2332 391 2405 eoncettoiio,
409 2350 574 2413 appresso
592 2330 686 2413 facta
708 2332 888 2403 mentione,
904 2332 941 2395 in
958 2351 1040 2397 casa
1055 2332 1294 2405 damnationis,
1312 2331 1355 2395 de

177 2457 343 2523 canonica
364 2457 539 2523 sanctione
560 2456 598 2521 in
621 2462 818 2523 accusatum
842 2458 1017 2541 applicata
1034 2480 1063 2521 ».
1088 2458 1152 2523 Hic
1174 2477 1281 2523 sermo
1305 2462 1354 2522 est

177 2579 217 2644 de
232 2581 392 2646 sententia
408 2579 590 2665 definitiva,
608 2582 683 2664 quia
698 2582 902 2662 quaestiones
917 2586 950 2645 et
964 2581 1042 2645 hinc
1058 2581 1234 2645 sententies
1251 2580 1352 2646 inter·

176 2705 360 2772 locutorias
375 2725 433 2770 seu
447 2706 667 2772 incidentotes
690 2707 723 2768 14
743 2707 828 2770 omni
846 2711 938 2790 parte
954 2725 1124 2789 processus
1140 2706 1264 2770 exoriri
1281 2674 1369 2770 con-⁸

177 2831 271 2915 tingit
294 2838 336 2904 et,
361 2836 517 2896 econtra
543 2832 712 2910 sententia,
737 2829 777 2895 de
800 2849 864 2914 qua
886 2832 918 2894 in
943 2831 1091 2904 articulo
1108 2830 1278 2895 ordinatur
1303 2830 1354 2895 vel

177 2955 218 3020 ad
241 2955 484 3022 absolvendam
507 2956 559 3020 vel
583 2956 630 3020 ad
653 2956 952 3022 condemnandum
975 2962 1169 3021 accusatum.

268 3081 344 3146 341.
372 3081 473 3152 Haec,
501 3083 547 3146 uti
573 3081 755 3154 innuebam,
787 3087 837 3146 est
867 3087 923 3146 aut
953 3081 1160 3150 absolutoria
1191 3087 1247 3146 441
1277 3101 1354 3148 oon·

178 3205 403 3271 deinnatoria.
426 3241 443 3252 ·
469 3205 686 3272 Absolutoiia
709 3181 826 3270 veleb
850 3205 1046 3290 impetitione
1070 3207 1277 3280 accusatoris,
1302 3206 1354 3271 vel

177 3328 218 3394 ab
241 3330 393 3395 instantia
414 3336 539 3395 tanturn
564 3330 706 3396 iudiciali
729 3329 877 3396 absolvit.
905 3333 941 3395 lu
961 3332 1077 3414 primo
1102 3352 1177 3397 casu
1197 3331 1354 3398 absolutio

178 3450 346 3538 significat,
363 3460 546 3518 accusatum
571 3454 625 3517 vel
647 3461 811 3538 repertum
836 3473 908 3518 esse
930 3455 1142 3521 innocentem
1165 3455 1217 3518 vel
1241 3455 1353 3521 saltem

179 3584 343 3664 repertum
368 3599 433 3644 uon
456 3579 556 3644 fuisse
579 3579 802 3662 culpabilem
817 3581 898 3643 etin
914 3601 1046 3665 genere,
1067 3586 1264 3646 4444441444
1284 3601 1356 3647 non

174 3703 343 3786 probante
366 3710 554 3780 4444441444,
578 3706 639 3770 etsi
660 3706 746 3770 nihil
766 3705 984 3789 praestiterit,
1009 3705 1233 3773 absolvendas
1257 3711 1313 3771 est.
1336 3741 1353 3752 -

179 3827 218 3891 ln
241 3829 349 3895 attero
372 3848 449 3893 casu
472 3827 650 3895 absolvitur
673 3835 797 3893 tantum
824 3828 864 3892 ab
888 3829 1061 3910 instantio,
1086 3830 1161 3912 quia
1183 3827 1355 3912 aliquando
1405 3801 1407 3805 Ι

178 3952 307 4016 reitatis
330 3953 446 4034 gravia
468 3951 628 4017 habentur
649 3951 768 4017 indicia
791 3953 928 4017 sednon
952 3955 1022 4018 visa
1041 3959 1115 4017 sunt
1137 3952 1217 4017 adeo
1241 3954 1356 4036 gravia

179 4079 214 4136 ut
235 4079 406 4138 accusatus
428 4073 608 4146 damnetur,
625 4081 659 4138 at
677 4075 784 4160 placet
805 4074 903 4139 iudici
926 4076 1029 4160 magis
1048 4073 1263 4160 supersedere
1284 4093 1356 4139 sen-

180 4199 302 4264 tentiae
317 4199 518 4284 definitivae,
532 4219 695 4284 quousque
711 4201 775 4264 4114
787 4205 980 4285 argumenta
996 4202 1240 4284 perquirantur;
1254 4219 1355 4283 quare

180 4324 354 4408 respondet
376 4344 422 4390 eia
444 4325 606 4391 hactenus
625 4326 777 4392 deductis
799 4331 984 4395 accusatum
1003 4345 1066 4390 non
1082 4345 1175 4410 posse
1196 4344 1258 4390 nec
1281 4343 1352 4390 con-

179 4453 339 4518 demnari
354 4473 415 4517 nec
430 4451 567 4518 absolui.
586 4452 633 4517 cf.
651 4453 874 4534 Matteuccius‚
890 4451 949 4537 Off.
967 4453 1045 4520 Car.
1059 4472 1134 4536 cap.
1147 4451 1204 4524 54,
1217 4471 1250 4515 n,
1266 4449 1322 4516 78.
1336 4487 1354 4498 -
