<?xml version="1.0" encoding="UTF-8"?>
<!DOCTYPE html PUBLIC "-//W3C//DTD XHTML 1.0 Transitional//EN"
    "http://www.w3.org/TR/xhtml1/DTD/xhtml1-transitional.dtd">
<html xmlns="http://www.w3.org/1999/xhtml" xml:lang="en" lang="en">
 <head>
  <title>
</title>
<meta http-equiv="Content-Type" content="text/html;charset=utf-8" />
  <meta name='ocr-system' content='tesseract 3.04.00' />
  <meta name='ocr-capabilities' content='ocr_page ocr_carea ocr_par ocr_line ocrx_word'/>
</head>
<body>
  <div class='ocr_page' id='page_1' title='image "./praelectionesin00legagoog_0198.png"; bbox 0 0 3350 5100; ppageno 0'>
   <div class='ocr_carea' id='block_1_1' title="bbox 367 294 1024 359">
    <p class='ocr_par' dir='ltr' id='par_1_1' title="bbox 367 294 1024 359">
     <span class='ocr_line' id='line_1_1' title="bbox 367 294 1024 359; baseline -0.008 0"><span class='ocrx_word' id='word_1_1' title='bbox 367 294 433 359; x_wconf 83' lang='lat'>196</span> <span class='ocrx_word' id='word_1_2' title='bbox 877 309 960 356; x_wconf 71' lang='lat' dir='ltr'>raes</span> <span class='ocrx_word' id='word_1_3' title='bbox 988 307 1024 354; x_wconf 94' lang='lat'>11.</span> 
     </span>
    </p>
   </div>
   <div class='ocr_carea' id='block_1_2' title="bbox 363 430 1638 1767">
    <p class='ocr_par' dir='ltr' id='par_1_2' title="bbox 365 430 1545 1003">
     <span class='ocr_line' id='line_1_2' title="bbox 367 430 1543 518; baseline -0.008 -17"><span class='ocrx_word' id='word_1_4' title='bbox 367 437 471 502; x_wconf 87' lang='lat' dir='ltr'>relate</span> <span class='ocrx_word' id='word_1_5' title='bbox 496 436 528 518; x_wconf 90' lang='grc'>1)</span> <span class='ocrx_word' id='word_1_6' title='bbox 544 435 585 500; x_wconf 88' lang='lat' dir='ltr'>ad</span> <span class='ocrx_word' id='word_1_7' title='bbox 608 436 657 499; x_wconf 88' lang='lat' dir='ltr'>ius</span> <span class='ocrx_word' id='word_1_8' title='bbox 680 435 858 516; x_wconf 74' lang='lat' dir='ltr'>naturale5</span> <span class='ocrx_word' id='word_1_9' title='bbox 880 433 914 516; x_wconf 81' lang='lat'>2)</span> <span class='ocrx_word' id='word_1_10' title='bbox 930 433 970 498; x_wconf 90' lang='lat' dir='ltr'>ad</span> <span class='ocrx_word' id='word_1_11' title='bbox 994 434 1043 496; x_wconf 91' lang='lat' dir='ltr'>ius</span> <span class='ocrx_word' id='word_1_12' title='bbox 1061 433 1248 514; x_wconf 80' lang='lat' dir='ltr'>positivum</span> <span class='ocrx_word' id='word_1_13' title='bbox 1271 430 1543 496; x_wconf 72' lang='lat' dir='ltr'>ecclesiasticum.</span> 
     </span>
     <span class='ocr_line' id='line_1_3' title="bbox 368 553 1545 644; baseline -0.008 -19"><span class='ocrx_word' id='word_1_14' title='bbox 368 559 531 644; x_wconf 88' lang='lat' dir='ltr'>Perpendi</span> <span class='ocrx_word' id='word_1_15' title='bbox 562 560 646 624; x_wconf 90' lang='lat' dir='ltr'>enim</span> <span class='ocrx_word' id='word_1_16' title='bbox 678 557 774 623; x_wconf 89' lang='lat' dir='ltr'>debet</span> <span class='ocrx_word' id='word_1_17' title='bbox 794 576 838 622; x_wconf 91' lang='lat' dir='ltr'>an</span> <span class='ocrx_word' id='word_1_18' title='bbox 866 556 984 622; x_wconf 84' lang='lat' dir='ltr'>exinde</span> <span class='ocrx_word' id='word_1_19' title='bbox 1011 559 1074 620; x_wconf 90' lang='lat' dir='ltr'>rite</span> <span class='ocrx_word' id='word_1_20' title='bbox 1101 557 1301 622; x_wconf 86' lang='lat' dir='ltr'>satisfactum</span> <span class='ocrx_word' id='word_1_21' title='bbox 1329 556 1371 620; x_wconf 87' lang='lat' dir='ltr'>sit</span> <span class='ocrx_word' id='word_1_22' title='bbox 1397 553 1545 640; x_wconf 84' lang='lat' dir='ltr'>regulae,</span> 
     </span>
     <span class='ocr_line' id='line_1_4' title="bbox 366 680 1544 770; baseline -0.007 -19"><span class='ocrx_word' id='word_1_23' title='bbox 366 705 448 770; x_wconf 91' lang='lat' dir='ltr'>quae</span> <span class='ocrx_word' id='word_1_24' title='bbox 463 685 648 770; x_wconf 81' lang='lat' dir='ltr'>expostulat</span> <span class='ocrx_word' id='word_1_25' title='bbox 658 691 726 748; x_wconf 89' lang='lat' dir='ltr'>tres</span> <span class='ocrx_word' id='word_1_26' title='bbox 737 701 904 769; x_wconf 88' lang='lat' dir='ltr'>personas,</span> <span class='ocrx_word' id='word_1_27' title='bbox 919 681 1043 749; x_wconf 83' lang='lat' dir='ltr'>iudicis</span> <span class='ocrx_word' id='word_1_28' title='bbox 1056 701 1182 768; x_wconf 84' lang='lat' dir='ltr'>nempe,</span> <span class='ocrx_word' id='word_1_29' title='bbox 1194 680 1321 748; x_wconf 65' lang='lat' dir='ltr'>maore</span> <span class='ocrx_word' id='word_1_30' title='bbox 1332 698 1389 744; x_wconf 88' lang='lat' dir='ltr'>seu</span> <span class='ocrx_word' id='word_1_31' title='bbox 1401 697 1544 744; x_wconf 67' lang='lat' dir='ltr'>metesa-</span> 
     </span>
     <span class='ocr_line' id='line_1_5' title="bbox 366 802 1545 890; baseline -0.009 -14"><span class='ocrx_word' id='word_1_32' title='bbox 366 809 451 876; x_wconf 77' lang='lat' dir='ltr'>tora&#39;a</span> <span class='ocrx_word' id='word_1_33' title='bbox 464 815 498 874; x_wconf 90' lang='lat' dir='ltr'>et</span> <span class='ocrx_word' id='word_1_34' title='bbox 511 809 573 879; x_wconf 77' lang='lat' dir='ltr'>rei,</span> <span class='ocrx_word' id='word_1_35' title='bbox 587 809 619 871; x_wconf 93' lang='lat' dir='ltr'>in</span> <span class='ocrx_word' id='word_1_36' title='bbox 635 805 754 874; x_wconf 89' lang='lat' dir='ltr'>iudicio</span> <span class='ocrx_word' id='word_1_37' title='bbox 776 806 942 872; x_wconf 87' lang='lat' dir='ltr'>habendas</span> <span class='ocrx_word' id='word_1_38' title='bbox 965 825 1037 872; x_wconf 87' lang='lat' dir='ltr'>esse</span> <span class='ocrx_word' id='word_1_39' title='bbox 1060 805 1227 871; x_wconf 87' lang='lat' dir='ltr'>distinctas</span> <span class='ocrx_word' id='word_1_40' title='bbox 1243 824 1302 890; x_wconf 93' lang='lat' dir='ltr'>pro</span> <span class='ocrx_word' id='word_1_41' title='bbox 1318 823 1377 868; x_wconf 88' lang='lat' dir='ltr'>suo</span> <span class='ocrx_word' id='word_1_42' title='bbox 1392 802 1545 870; x_wconf 87' lang='lat' dir='ltr'>distincto</span> 
     </span>
     <span class='ocr_line' id='line_1_6' title="bbox 365 934 876 1003; baseline -0.006 -3"><span class='ocrx_word' id='word_1_43' title='bbox 365 954 511 1001; x_wconf 90' lang='lat' dir='ltr'>munere.</span> <span class='ocrx_word' id='word_1_44' title='bbox 536 934 605 1001; x_wconf 75' lang='lat' dir='ltr'>cfr.</span> <span class='ocrx_word' id='word_1_45' title='bbox 628 934 692 999; x_wconf 88' lang='lat' dir='ltr'>vol.</span> <span class='ocrx_word' id='word_1_46' title='bbox 715 935 740 1003; x_wconf 84' lang='grc' dir='ltr'>Ι,</span> <span class='ocrx_word' id='word_1_47' title='bbox 766 954 798 996; x_wconf 90' lang='lat' dir='ltr'>n.</span> <span class='ocrx_word' id='word_1_48' title='bbox 821 934 876 999; x_wconf 89' lang='grc'>50.</span> 
     </span>
    </p>

    <p class='ocr_par' dir='ltr' id='par_1_3' title="bbox 363 1053 1638 1767">
     <span class='ocr_line' id='line_1_7' title="bbox 457 1053 1638 1146; baseline -0.009 -20"><span class='ocrx_word' id='word_1_49' title='bbox 457 1060 488 1146; x_wconf 83' lang='lat' dir='ltr'>l)</span> <span class='ocrx_word' id='word_1_50' title='bbox 505 1061 560 1125; x_wconf 87' lang='lat' dir='ltr'>Ius</span> <span class='ocrx_word' id='word_1_51' title='bbox 573 1058 734 1125; x_wconf 77' lang='lat' dir='ltr'>naturale</span> <span class='ocrx_word' id='word_1_52' title='bbox 749 1056 833 1142; x_wconf 94' lang='lat' dir='ltr'>quod</span> <span class='ocrx_word' id='word_1_53' title='bbox 848 1063 981 1142; x_wconf 87' lang='lat' dir='ltr'>spectat,</span> <span class='ocrx_word' id='word_1_54' title='bbox 997 1057 1089 1122; x_wconf 85' lang='lat' dir='ltr'>salva</span> <span class='ocrx_word' id='word_1_55' title='bbox 1104 1063 1212 1122; x_wconf 85' lang='lat' dir='ltr'>manet</span> <span class='ocrx_word' id='word_1_56' title='bbox 1227 1055 1406 1121; x_wconf 85' lang='lat' dir='ltr'>substantia</span> <span class='ocrx_word' id='word_1_57' title='bbox 1422 1053 1547 1118; x_wconf 84' lang='lat' dir='ltr'>ordinis</span> <span class='ocrx_word' id='word_1_58' title='bbox 1637 1105 1638 1108; x_wconf 63' lang='lat'>,</span> 
     </span>
     <span class='ocr_line' id='line_1_8' title="bbox 364 1180 1546 1270; baseline -0.009 -19"><span class='ocrx_word' id='word_1_59' title='bbox 364 1186 532 1258; x_wconf 86' lang='lat' dir='ltr'>iudicialis,</span> <span class='ocrx_word' id='word_1_60' title='bbox 563 1187 639 1268; x_wconf 88' lang='lat' dir='ltr'>quia</span> <span class='ocrx_word' id='word_1_61' title='bbox 667 1187 701 1248; x_wconf 91' lang='lat' dir='ltr'>in</span> <span class='ocrx_word' id='word_1_62' title='bbox 724 1203 865 1270; x_wconf 86' lang='lat' dir='ltr'>persona</span> <span class='ocrx_word' id='word_1_63' title='bbox 896 1183 1010 1250; x_wconf 90' lang='lat' dir='ltr'>iudicis</span> <span class='ocrx_word' id='word_1_64' title='bbox 1040 1203 1160 1248; x_wconf 87' lang='lat' dir='ltr'>revera</span> <span class='ocrx_word' id='word_1_65' title='bbox 1194 1180 1439 1267; x_wconf 80' lang='lat' dir='ltr'>distinguendae</span> <span class='ocrx_word' id='word_1_66' title='bbox 1470 1184 1546 1242; x_wconf 89' lang='lat' dir='ltr'>sunt</span> 
     </span>
     <span class='ocr_line' id='line_1_9' title="bbox 364 1305 1545 1394; baseline -0.008 -20"><span class='ocrx_word' id='word_1_67' title='bbox 364 1309 446 1375; x_wconf 89' lang='lat' dir='ltr'>duae</span> <span class='ocrx_word' id='word_1_68' title='bbox 469 1327 638 1394; x_wconf 84' lang='lat' dir='ltr'>personae,</span> <span class='ocrx_word' id='word_1_69' title='bbox 654 1307 759 1371; x_wconf 87' lang='lat' dir='ltr'>altera</span> <span class='ocrx_word' id='word_1_70' title='bbox 781 1306 905 1387; x_wconf 88' lang='lat' dir='ltr'>iudicis,</span> <span class='ocrx_word' id='word_1_71' title='bbox 921 1306 1028 1370; x_wconf 89' lang='lat' dir='ltr'>altera</span> <span class='ocrx_word' id='word_1_72' title='bbox 1050 1306 1263 1379; x_wconf 89' lang='lat' dir='ltr'>accusatoris;</span> <span class='ocrx_word' id='word_1_73' title='bbox 1287 1306 1404 1390; x_wconf 88' lang='lat' dir='ltr'>quippe</span> <span class='ocrx_word' id='word_1_74' title='bbox 1427 1305 1460 1366; x_wconf 93' lang='lat' dir='ltr'>in</span> <span class='ocrx_word' id='word_1_75' title='bbox 1481 1321 1545 1366; x_wconf 90' lang='lat' dir='ltr'>una</span> 
     </span>
     <span class='ocr_line' id='line_1_10' title="bbox 364 1428 1544 1519; baseline -0.008 -20"><span class='ocrx_word' id='word_1_76' title='bbox 364 1454 505 1519; x_wconf 88' lang='lat' dir='ltr'>persona</span> <span class='ocrx_word' id='word_1_77' title='bbox 531 1433 668 1519; x_wconf 84' lang='lat' dir='ltr'>physica</span> <span class='ocrx_word' id='word_1_78' title='bbox 691 1428 805 1496; x_wconf 86' lang='lat' dir='ltr'>haberi</span> <span class='ocrx_word' id='word_1_79' title='bbox 828 1437 962 1516; x_wconf 90' lang='lat' dir='ltr'>possunt</span> <span class='ocrx_word' id='word_1_80' title='bbox 985 1431 1155 1496; x_wconf 84' lang='lat' dir='ltr'>distinctae</span> <span class='ocrx_word' id='word_1_81' title='bbox 1177 1430 1259 1496; x_wconf 85' lang='lat' dir='ltr'>dnae</span> <span class='ocrx_word' id='word_1_82' title='bbox 1282 1448 1441 1514; x_wconf 79' lang='lat' dir='ltr'>personae</span> <span class='ocrx_word' id='word_1_83' title='bbox 1465 1429 1544 1492; x_wconf 90' lang='lat' dir='ltr'>iuri-</span> 
     </span>
     <span class='ocr_line' id='line_1_11' title="bbox 364 1553 1544 1629; baseline -0.006 -5"><span class='ocrx_word' id='word_1_84' title='bbox 364 1559 456 1624; x_wconf 87' lang='lat' dir='ltr'>dicae</span> <span class='ocrx_word' id='word_1_85' title='bbox 487 1578 544 1623; x_wconf 90' lang='lat' dir='ltr'>seu</span> <span class='ocrx_word' id='word_1_86' title='bbox 575 1558 728 1629; x_wconf 88' lang='lat' dir='ltr'>morales,</span> <span class='ocrx_word' id='word_1_87' title='bbox 752 1559 798 1623; x_wconf 88' lang='lat' dir='ltr'>uti</span> <span class='ocrx_word' id='word_1_88' title='bbox 823 1556 1009 1622; x_wconf 86' lang='lat' dir='ltr'>considerat</span> <span class='ocrx_word' id='word_1_89' title='bbox 1039 1557 1085 1622; x_wconf 88' lang='lat' dir='ltr'>De</span> <span class='ocrx_word' id='word_1_90' title='bbox 1109 1556 1198 1622; x_wconf 88' lang='lat' dir='ltr'>Luca</span> <span class='ocrx_word' id='word_1_91' title='bbox 1220 1556 1270 1621; x_wconf 87' lang='lat' dir='ltr'>De</span> <span class='ocrx_word' id='word_1_92' title='bbox 1296 1555 1368 1620; x_wconf 79' lang='lat' dir='ltr'>iud.</span> <span class='ocrx_word' id='word_1_93' title='bbox 1394 1553 1484 1620; x_wconf 76' lang='lat' dir='ltr'>Dec.</span> <span class='ocrx_word' id='word_1_94' title='bbox 1511 1553 1544 1628; x_wconf 86' lang='lat' dir='ltr'>l,</span> 
     </span>
     <span class='ocr_line' id='line_1_12' title="bbox 363 1681 1544 1767; baseline -0.006 -19"><span class='ocrx_word' id='word_1_95' title='bbox 363 1703 398 1748; x_wconf 79' lang='lat' dir='ltr'>a.</span> <span class='ocrx_word' id='word_1_96' title='bbox 421 1683 471 1748; x_wconf 81' lang='lat'>27</span> <span class='ocrx_word' id='word_1_97' title='bbox 493 1701 562 1767; x_wconf 82' lang='lat' dir='ltr'>seq.</span> <span class='ocrx_word' id='word_1_98' title='bbox 579 1682 689 1756; x_wconf 84' lang='lat' dir='ltr'>Quare</span> <span class='ocrx_word' id='word_1_99' title='bbox 713 1684 745 1745; x_wconf 93' lang='lat' dir='ltr'>in</span> <span class='ocrx_word' id='word_1_100' title='bbox 761 1700 916 1765; x_wconf 89' lang='lat' dir='ltr'>processu</span> <span class='ocrx_word' id='word_1_101' title='bbox 939 1700 1020 1765; x_wconf 92' lang='lat' dir='ltr'>pure</span> <span class='ocrx_word' id='word_1_102' title='bbox 1043 1681 1249 1765; x_wconf 72' lang='lat' dir='ltr'>inquisitiva</span> <span class='ocrx_word' id='word_1_103' title='bbox 1267 1681 1320 1763; x_wconf 93' lang='lat' dir='ltr'>qui</span> <span class='ocrx_word' id='word_1_104' title='bbox 1344 1684 1544 1743; x_wconf 77' lang='lat' dir='ltr'>exerceatur</span> 
     </span>
    </p>
   </div>
   <div class='ocr_carea' id='block_1_3' title="bbox 363 1803 1638 1890">
    <p class='ocr_par' dir='ltr' id='par_1_4' title="bbox 363 1803 1638 1890">
     <span class='ocr_line' id='line_1_13' title="bbox 363 1803 1638 1890; baseline -0.003 -18"><span class='ocrx_word' id='word_1_105' title='bbox 363 1806 523 1872; x_wconf 88' lang='lat' dir='ltr'>adversus</span> <span class='ocrx_word' id='word_1_106' title='bbox 560 1805 718 1870; x_wconf 87' lang='lat' dir='ltr'>nonnulla</span> <span class='ocrx_word' id='word_1_107' title='bbox 749 1806 905 1890; x_wconf 80' lang='lat' dir='ltr'>graviora</span> <span class='ocrx_word' id='word_1_108' title='bbox 939 1804 1085 1878; x_wconf 88' lang='lat' dir='ltr'>crimina,</span> <span class='ocrx_word' id='word_1_109' title='bbox 1121 1808 1235 1889; x_wconf 88' lang='lat' dir='ltr'>utputa</span> <span class='ocrx_word' id='word_1_110' title='bbox 1268 1803 1440 1878; x_wconf 83' lang='lat' dir='ltr'>haeresim,</span> <span class='ocrx_word' id='word_1_111' title='bbox 1478 1823 1545 1867; x_wconf 88' lang='lat' dir='ltr'>uon</span> <span class='ocrx_word' id='word_1_112' title='bbox 1637 1865 1638 1868; x_wconf 74' lang='grc'>,</span> 
     </span>
    </p>
   </div>
   <div class='ocr_carea' id='block_1_4' title="bbox 362 1929 1546 2387">
    <p class='ocr_par' dir='ltr' id='par_1_5' title="bbox 362 1929 1546 2262">
     <span class='ocr_line' id='line_1_14' title="bbox 362 1929 1546 2016; baseline 0 -20"><span class='ocrx_word' id='word_1_113' title='bbox 362 1934 503 1998; x_wconf 82' lang='lat' dir='ltr'>instante</span> <span class='ocrx_word' id='word_1_114' title='bbox 532 1932 676 2005; x_wconf 87' lang='lat' dir='ltr'>infamia,</span> <span class='ocrx_word' id='word_1_115' title='bbox 699 1940 756 1998; x_wconf 89' lang='lat' dir='ltr'>aut</span> <span class='ocrx_word' id='word_1_116' title='bbox 785 1931 913 2016; x_wconf 90' lang='lat' dir='ltr'>publico</span> <span class='ocrx_word' id='word_1_117' title='bbox 946 1931 1189 2005; x_wconf 86' lang='lat' dir='ltr'>denunciatore,</span> <span class='ocrx_word' id='word_1_118' title='bbox 1222 1951 1340 1995; x_wconf 87' lang='lat' dir='ltr'>revera</span> <span class='ocrx_word' id='word_1_119' title='bbox 1368 1931 1477 1996; x_wconf 75' lang='lat' dir='ltr'>iudam</span> <span class='ocrx_word' id='word_1_120' title='bbox 1508 1929 1546 1996; x_wconf 83' lang='lat' dir='ltr'>ltt</span> 
     </span>
     <span class='ocr_line' id='line_1_15' title="bbox 363 2053 1546 2128; baseline 0 -8"><span class='ocrx_word' id='word_1_121' title='bbox 363 2057 459 2121; x_wconf 85' lang='lat' dir='ltr'>etiam</span> <span class='ocrx_word' id='word_1_122' title='bbox 472 2062 660 2128; x_wconf 71' lang='lat' dir='ltr'>ecwaotor,</span> <span class='ocrx_word' id='word_1_123' title='bbox 677 2061 711 2120; x_wconf 89' lang='lat' dir='ltr'>et</span> <span class='ocrx_word' id='word_1_124' title='bbox 725 2056 888 2121; x_wconf 87' lang='lat' dir='ltr'>distinctio</span> <span class='ocrx_word' id='word_1_125' title='bbox 903 2053 1043 2122; x_wconf 84' lang='lat' dir='ltr'>habetur</span> <span class='ocrx_word' id='word_1_126' title='bbox 1058 2054 1277 2120; x_wconf 88' lang='lat' dir='ltr'>tantummodo</span> <span class='ocrx_word' id='word_1_127' title='bbox 1296 2055 1439 2121; x_wconf 82' lang='lat' dir='ltr'>moralis</span> <span class='ocrx_word' id='word_1_128' title='bbox 1456 2055 1546 2120; x_wconf 89' lang='lat' dir='ltr'>inter</span> 
     </span>
     <span class='ocr_line' id='line_1_16' title="bbox 364 2148 1139 2262; baseline -0.003 -20"><span class='ocrx_word' id='word_1_129' title='bbox 364 2198 460 2242; x_wconf 86' lang='lat' dir='ltr'>unam</span> <span class='ocrx_word' id='word_1_130' title='bbox 484 2183 516 2242; x_wconf 90' lang='lat' dir='ltr'>et</span> <span class='ocrx_word' id='word_1_131' title='bbox 538 2177 634 2242; x_wconf 89' lang='lat' dir='ltr'>aliam</span> <span class='ocrx_word' id='word_1_132' title='bbox 658 2197 840 2262; x_wconf 88' lang='lat' dir='ltr'>personam.</span> <span class='ocrx_word' id='word_1_133' title='bbox 1137 2148 1139 2152; x_wconf 27' lang='lat'><strong><em>¹</em></strong></span> 
     </span>
    </p>

    <p class='ocr_par' dir='ltr' id='par_1_6' title="bbox 454 2300 1545 2387">
     <span class='ocr_line' id='line_1_17' title="bbox 454 2300 1545 2387; baseline -0.001 -20"><span class='ocrx_word' id='word_1_134' title='bbox 454 2303 769 2368; x_wconf 84' lang='lat' dir='ltr'>Nihilominuscrdo</span> <span class='ocrx_word' id='word_1_135' title='bbox 791 2302 993 2383; x_wconf 91' lang='lat' dir='ltr'>iudiciorum,</span> <span class='ocrx_word' id='word_1_136' title='bbox 1018 2321 1080 2386; x_wconf 94' lang='lat' dir='ltr'>quo</span> <span class='ocrx_word' id='word_1_137' title='bbox 1104 2303 1217 2368; x_wconf 91' lang='lat' dir='ltr'>melius</span> <span class='ocrx_word' id='word_1_138' title='bbox 1241 2300 1436 2387; x_wconf 85' lang='lat' dir='ltr'>respondeat</span> <span class='ocrx_word' id='word_1_139' title='bbox 1464 2323 1545 2367; x_wconf 90' lang='lat' dir='ltr'>suae</span> 
     </span>
    </p>
   </div>
   <div class='ocr_carea' id='block_1_5' title="bbox 361 2425 1638 2515">
    <p class='ocr_par' dir='ltr' id='par_1_7' title="bbox 361 2425 1638 2515">
     <span class='ocr_line' id='line_1_18' title="bbox 361 2425 1638 2515; baseline -0.002 -21"><span class='ocrx_word' id='word_1_140' title='bbox 361 2429 531 2510; x_wconf 87' lang='lat' dir='ltr'>functioni,</span> <span class='ocrx_word' id='word_1_141' title='bbox 556 2428 740 2515; x_wconf 83' lang='lat' dir='ltr'>expostulat</span> <span class='ocrx_word' id='word_1_142' title='bbox 762 2425 918 2513; x_wconf 89' lang='lat' dir='ltr'>personas</span> <span class='ocrx_word' id='word_1_143' title='bbox 941 2427 1055 2493; x_wconf 88' lang='lat' dir='ltr'>indicis</span> <span class='ocrx_word' id='word_1_144' title='bbox 1079 2434 1111 2494; x_wconf 89' lang='lat' dir='ltr'>et</span> <span class='ocrx_word' id='word_1_145' title='bbox 1136 2429 1256 2495; x_wconf 87' lang='lat' dir='ltr'>actoris</span> <span class='ocrx_word' id='word_1_146' title='bbox 1279 2427 1446 2493; x_wconf 85' lang='lat' dir='ltr'>distinctas</span> <span class='ocrx_word' id='word_1_147' title='bbox 1470 2446 1545 2493; x_wconf 89' lang='lat' dir='ltr'>esse</span> <span class='ocrx_word' id='word_1_148' title='bbox 1637 2477 1638 2480; x_wconf 16' lang='grc' dir='ltr'>η</span> 
     </span>
    </p>
   </div>
   <div class='ocr_carea' id='block_1_6' title="bbox 360 2552 1638 3505">
    <p class='ocr_par' dir='ltr' id='par_1_8' title="bbox 361 2552 1638 3137">
     <span class='ocr_line' id='line_1_19' title="bbox 362 2552 1542 2639; baseline -0.001 -20"><span class='ocrx_word' id='word_1_149' title='bbox 362 2574 427 2620; x_wconf 92' lang='lat' dir='ltr'>non</span> <span class='ocrx_word' id='word_1_150' title='bbox 450 2560 574 2622; x_wconf 88' lang='lat' dir='ltr'>tantum</span> <span class='ocrx_word' id='word_1_151' title='bbox 596 2554 721 2621; x_wconf 85' lang='lat' dir='ltr'>morali</span> <span class='ocrx_word' id='word_1_152' title='bbox 737 2554 830 2618; x_wconf 93' lang='lat' dir='ltr'>modo</span> <span class='ocrx_word' id='word_1_153' title='bbox 847 2554 903 2619; x_wconf 91' lang='lat' dir='ltr'>sed</span> <span class='ocrx_word' id='word_1_154' title='bbox 914 2554 1076 2639; x_wconf 51' lang='lat' dir='ltr'>physic&amp;</span> <span class='ocrx_word' id='word_1_155' title='bbox 1091 2553 1175 2637; x_wconf 91' lang='lat' dir='ltr'>quod</span> <span class='ocrx_word' id='word_1_156' title='bbox 1194 2552 1402 2638; x_wconf 85' lang='lat' dir='ltr'>probavimus</span> <span class='ocrx_word' id='word_1_157' title='bbox 1420 2552 1494 2618; x_wconf 90' lang='lat' dir='ltr'>Vol.</span> <span class='ocrx_word' id='word_1_158' title='bbox 1515 2555 1542 2625; x_wconf 87' lang='grc' dir='ltr'>Ι,</span> 
     </span>
     <span class='ocr_line' id='line_1_20' title="bbox 361 2676 1638 2779; baseline -0.002 -34"><span class='ocrx_word' id='word_1_159' title='bbox 361 2700 394 2745; x_wconf 87' lang='lat' dir='ltr'>n.</span> <span class='ocrx_word' id='word_1_160' title='bbox 403 2681 457 2747; x_wconf 87' lang='lat'>51.</span> <span class='ocrx_word' id='word_1_161' title='bbox 470 2716 481 2727; x_wconf 93' lang='lat'><em>-</em></span> <span class='ocrx_word' id='word_1_162' title='bbox 492 2681 577 2746; x_wconf 89' lang='lat' dir='ltr'>Sane</span> <span class='ocrx_word' id='word_1_163' title='bbox 589 2682 657 2765; x_wconf 86' lang='lat' dir='ltr'>ip&#39;se</span> <span class='ocrx_word' id='word_1_164' title='bbox 671 2678 832 2747; x_wconf 79' lang='lat' dir='ltr'>Pontifex,</span> <span class='ocrx_word' id='word_1_165' title='bbox 847 2698 1085 2765; x_wconf 86' lang='lat' dir='ltr'>recognoscens</span> <span class='ocrx_word' id='word_1_166' title='bbox 1097 2680 1130 2743; x_wconf 89' lang='lat' dir='ltr'>in</span> <span class='ocrx_word' id='word_1_167' title='bbox 1143 2679 1259 2779; x_wconf 82' lang='lat' dir='ltr'>iudicio</span> <span class='ocrx_word' id='word_1_168' title='bbox 1271 2679 1455 2761; x_wconf 84' lang='lat' dir='ltr'>inquisitivo</span> <span class='ocrx_word' id='word_1_169' title='bbox 1468 2676 1544 2743; x_wconf 88' lang='lat' dir='ltr'>fieri</span> <span class='ocrx_word' id='word_1_170' title='bbox 1637 2690 1638 2705; x_wconf 34' lang='lat' dir='ltr'>l</span> 
     </span>
     <span class='ocr_line' id='line_1_21' title="bbox 361 2802 1541 2890; baseline -0.003 -21"><span class='ocrx_word' id='word_1_171' title='bbox 361 2805 585 2890; x_wconf 82' lang='lat' dir='ltr'>exceptionem</span> <span class='ocrx_word' id='word_1_172' title='bbox 610 2805 745 2889; x_wconf 84' lang='lat' dir='ltr'>regulae</span> <span class='ocrx_word' id='word_1_173' title='bbox 767 2803 962 2874; x_wconf 85' lang='lat' dir='ltr'>ordinariae,</span> <span class='ocrx_word' id='word_1_174' title='bbox 979 2803 1131 2883; x_wconf 84' lang='lat' dir='ltr'>advertit,</span> <span class='ocrx_word' id='word_1_175' title='bbox 1155 2805 1258 2886; x_wconf 90' lang='lat' dir='ltr'>ipsum</span> <span class='ocrx_word' id='word_1_176' title='bbox 1286 2802 1423 2869; x_wconf 87' lang='lat' dir='ltr'>iudicem</span> <span class='ocrx_word' id='word_1_177' title='bbox 1448 2803 1541 2887; x_wconf 86' lang='lat' dir='ltr'>quasi</span> 
     </span>
     <span class='ocr_line' id='line_1_22' title="bbox 361 2926 1542 3011; baseline -0.001 -19"><span class='ocrx_word' id='word_1_178' title='bbox 361 2928 433 2994; x_wconf 82' lang='lat' dir='ltr'>lieri</span> <span class='ocrx_word' id='word_1_179' title='bbox 455 2929 637 2994; x_wconf 90' lang='lat' dir='ltr'>ministrum</span> <span class='ocrx_word' id='word_1_180' title='bbox 657 2926 817 3010; x_wconf 76' lang='lat' dir='ltr'>poeticae</span> <span class='ocrx_word' id='word_1_181' title='bbox 827 2926 956 3009; x_wconf 77' lang='lat' dir='ltr'>samue,</span> <span class='ocrx_word' id='word_1_182' title='bbox 974 2945 1056 3011; x_wconf 87' lang='lat' dir='ltr'>quae</span> <span class='ocrx_word' id='word_1_183' title='bbox 1072 2927 1210 3011; x_wconf 88' lang='lat' dir='ltr'>aliquem</span> <span class='ocrx_word' id='word_1_184' title='bbox 1227 2928 1273 2992; x_wconf 88' lang='lat' dir='ltr'>uti</span> <span class='ocrx_word' id='word_1_185' title='bbox 1290 2946 1380 2991; x_wconf 90' lang='lat' dir='ltr'>reum</span> <span class='ocrx_word' id='word_1_186' title='bbox 1396 2932 1542 3007; x_wconf 88' lang='lat' dir='ltr'>accuset,</span> 
     </span>
     <span class='ocr_line' id='line_1_23' title="bbox 362 3051 1541 3137; baseline 0 -20"><span class='ocrx_word' id='word_1_187' title='bbox 362 3052 560 3137; x_wconf 90' lang='lat' dir='ltr'>proindeque</span> <span class='ocrx_word' id='word_1_188' title='bbox 580 3054 681 3137; x_wconf 87' lang='lat' dir='ltr'>ipsam</span> <span class='ocrx_word' id='word_1_189' title='bbox 705 3051 823 3117; x_wconf 86' lang='lat' dir='ltr'>famam</span> <span class='ocrx_word' id='word_1_190' title='bbox 846 3070 981 3117; x_wconf 88' lang='lat' dir='ltr'>munere</span> <span class='ocrx_word' id='word_1_191' title='bbox 997 3051 1087 3136; x_wconf 83' lang='lat' dir='ltr'>iungi</span> <span class='ocrx_word' id='word_1_192' title='bbox 1104 3052 1320 3118; x_wconf 74' lang='lat' dir='ltr'>commuteris.</span> <span class='ocrx_word' id='word_1_193' title='bbox 1341 3052 1436 3117; x_wconf 81' lang='lat' dir='ltr'>Ratio</span> <span class='ocrx_word' id='word_1_194' title='bbox 1454 3053 1541 3117; x_wconf 91' lang='lat' dir='ltr'>enim</span> 
     </span>
    </p>

    <p class='ocr_par' dir='ltr' id='par_1_9' title="bbox 360 3152 1638 3505">
     <span class='ocr_line' id='line_1_24' title="bbox 362 3152 1638 3260; baseline -0.002 -21"><span class='ocrx_word' id='word_1_195' title='bbox 362 3174 402 3239; x_wconf 91' lang='lat' dir='ltr'>ob</span> <span class='ocrx_word' id='word_1_196' title='bbox 418 3194 514 3259; x_wconf 84' lang='lat' dir='ltr'>quam</span> <span class='ocrx_word' id='word_1_197' title='bbox 529 3195 623 3239; x_wconf 91' lang='lat' dir='ltr'>nemo</span> <span class='ocrx_word' id='word_1_198' title='bbox 639 3174 755 3239; x_wconf 89' lang='lat' dir='ltr'>audeat</span> <span class='ocrx_word' id='word_1_199' title='bbox 777 3194 952 3247; x_wconf 85' lang='lat' dir='ltr'>assumere,</span> <span class='ocrx_word' id='word_1_200' title='bbox 971 3174 1082 3259; x_wconf 85' lang='lat' dir='ltr'>(tradit</span> <span class='ocrx_word' id='word_1_201' title='bbox 1098 3174 1308 3260; x_wconf 85' lang='lat' dir='ltr'>Augustinus)</span> <span class='ocrx_word' id='word_1_202' title='bbox 1325 3180 1361 3241; x_wconf 84' lang='lat' dir='ltr'>ul</span> <span class='ocrx_word' id='word_1_203' title='bbox 1377 3173 1541 3259; x_wconf 79' lang='lat' dir='ltr'>cuiquam</span> <span class='ocrx_word' id='word_1_204' title='bbox 1637 3152 1638 3157; x_wconf 6' lang='grc' dir='ltr'>ἵ</span> 
     </span>
     <span class='ocr_line' id='line_1_25' title="bbox 360 3289 1541 3383; baseline 0 -19"><span class='ocrx_word' id='word_1_205' title='bbox 360 3300 434 3383; x_wconf 82' lang='lat' dir='ltr'>ipae</span> <span class='ocrx_word' id='word_1_206' title='bbox 454 3299 498 3365; x_wconf 81' lang='lat' dir='ltr'>ait</span> <span class='ocrx_word' id='word_1_207' title='bbox 519 3305 698 3365; x_wconf 69' lang='lat' dir='ltr'>ocmsotor</span> <span class='ocrx_word' id='word_1_208' title='bbox 720 3306 751 3365; x_wconf 86' lang='lat' dir='ltr'>et</span> <span class='ocrx_word' id='word_1_209' title='bbox 772 3300 890 3380; x_wconf 70' lang='lat' dir='ltr'>iudom</span> <span class='ocrx_word' id='word_1_210' title='bbox 915 3306 964 3364; x_wconf 88' lang='lat' dir='ltr'>est</span> <span class='ocrx_word' id='word_1_211' title='bbox 987 3300 1062 3383; x_wconf 89' lang='lat' dir='ltr'>quia</span> <span class='ocrx_word' id='word_1_212' title='bbox 1088 3300 1234 3367; x_wconf 71' lang='lat' dir='ltr'>humana,</span> <span class='ocrx_word' id='word_1_213' title='bbox 1253 3289 1457 3364; x_wconf 85' lang='lat' dir='ltr'>imbecillitas</span> <span class='ocrx_word' id='word_1_214' title='bbox 1481 3319 1541 3365; x_wconf 88' lang='lat' dir='ltr'>nos</span> 
     </span>
     <span class='ocr_line' id='line_1_26' title="bbox 361 3422 1540 3505; baseline -0.001 -17"><span class='ocrx_word' id='word_1_215' title='bbox 361 3424 464 3504; x_wconf 90' lang='lat' dir='ltr'>docet,</span> <span class='ocrx_word' id='word_1_216' title='bbox 488 3423 659 3488; x_wconf 69' lang='lat' dir='ltr'>mininam</span> <span class='ocrx_word' id='word_1_217' title='bbox 681 3423 827 3489; x_wconf 83' lang='lat' dir='ltr'>iudicem</span> <span class='ocrx_word' id='word_1_218' title='bbox 853 3442 923 3489; x_wconf 82' lang='lat' dir='ltr'>esse</span> <span class='ocrx_word' id='word_1_219' title='bbox 946 3422 1066 3489; x_wconf 80' lang='lat' dir='ltr'>debere</span> <span class='ocrx_word' id='word_1_220' title='bbox 1081 3424 1119 3488; x_wconf 78' lang='lat' dir='ltr'>in</span> <span class='ocrx_word' id='word_1_221' title='bbox 1135 3444 1239 3488; x_wconf 80' lang='lat' dir='ltr'>eausa</span> <span class='ocrx_word' id='word_1_222' title='bbox 1251 3424 1412 3505; x_wconf 68' lang='lat' dir='ltr'>propria.</span> <span class='ocrx_word' id='word_1_223' title='bbox 1435 3424 1540 3489; x_wconf 82' lang='lat' dir='ltr'>Causa</span> 
     </span>
    </p>
   </div>
   <div class='ocr_carea' id='block_1_7' title="bbox 361 3546 1541 3633">
    <p class='ocr_par' dir='ltr' id='par_1_10' title="bbox 361 3546 1638 3633">
     <span class='ocr_line' id='line_1_27' title="bbox 361 3546 1541 3633; baseline -0.001 -21"><span class='ocrx_word' id='word_1_224' title='bbox 361 3552 469 3613; x_wconf 89' lang='lat' dir='ltr'>autem</span> <span class='ocrx_word' id='word_1_225' title='bbox 491 3547 605 3612; x_wconf 91' lang='lat' dir='ltr'>iudicis</span> <span class='ocrx_word' id='word_1_226' title='bbox 624 3548 773 3629; x_wconf 76' lang='lat' dir='ltr'>propria</span> <span class='ocrx_word' id='word_1_227' title='bbox 791 3547 847 3612; x_wconf 90' lang='lat' dir='ltr'>illa</span> <span class='ocrx_word' id='word_1_228' title='bbox 877 3547 1013 3611; x_wconf 87' lang='lat' dir='ltr'>dicenda</span> <span class='ocrx_word' id='word_1_229' title='bbox 1037 3553 1086 3611; x_wconf 88' lang='lat' dir='ltr'>est</span> <span class='ocrx_word' id='word_1_230' title='bbox 1110 3549 1141 3611; x_wconf 92' lang='lat' dir='ltr'>in</span> <span class='ocrx_word' id='word_1_231' title='bbox 1167 3568 1229 3631; x_wconf 89' lang='lat' dir='ltr'>qua</span> <span class='ocrx_word' id='word_1_232' title='bbox 1259 3549 1327 3633; x_wconf 88' lang='lat' dir='ltr'>ipse</span> <span class='ocrx_word' id='word_1_233' title='bbox 1358 3546 1459 3611; x_wconf 85' lang='lat' dir='ltr'>iudex</span> <span class='ocrx_word' id='word_1_234' title='bbox 1491 3553 1541 3611; x_wconf 87' lang='lat' dir='ltr'>est</span> 
     </span>
    </p>
   </div>
   <div class='ocr_carea' id='block_1_8' title="bbox 360 3671 1539 3763">
    <p class='ocr_par' dir='ltr' id='par_1_11' title="bbox 360 3671 1539 3763">
     <span class='ocr_line' id='line_1_28' title="bbox 360 3671 1539 3763; baseline 0.001 -27"><span class='ocrx_word' id='word_1_235' title='bbox 360 3677 541 3738; x_wconf 82' lang='lat' dir='ltr'>accusator.</span> <span class='ocrx_word' id='word_1_236' title='bbox 558 3671 621 3737; x_wconf 88' lang='lat' dir='ltr'>Sed</span> <span class='ocrx_word' id='word_1_237' title='bbox 636 3692 733 3755; x_wconf 91' lang='lat' dir='ltr'>quum</span> <span class='ocrx_word' id='word_1_238' title='bbox 756 3672 863 3736; x_wconf 84' lang='lat' dir='ltr'>fertur·</span> <span class='ocrx_word' id='word_1_239' title='bbox 879 3674 1039 3737; x_wconf 89' lang='lat' dir='ltr'>sententia</span> <span class='ocrx_word' id='word_1_240' title='bbox 1063 3672 1095 3734; x_wconf 94' lang='lat' dir='ltr'>in</span> <span class='ocrx_word' id='word_1_241' title='bbox 1119 3672 1304 3763; x_wconf 88' lang='lat' dir='ltr'>accusatum</span> <span class='ocrx_word' id='word_1_242' title='bbox 1329 3690 1388 3755; x_wconf 89' lang='lat' dir='ltr'>per</span> <span class='ocrx_word' id='word_1_243' title='bbox 1414 3672 1539 3737; x_wconf 81' lang='lat' dir='ltr'>clamo-</span> 
     </span>
    </p>
   </div>
   <div class='ocr_carea' id='block_1_9' title="bbox 358 3793 1538 3880">
    <p class='ocr_par' dir='ltr' id='par_1_12' title="bbox 358 3793 1538 3880">
     <span class='ocr_line' id='line_1_29' title="bbox 358 3793 1538 3880; baseline -0.002 -21"><span class='ocrx_word' id='word_1_244' title='bbox 358 3815 433 3861; x_wconf 78' lang='lat' dir='ltr'>rem</span> <span class='ocrx_word' id='word_1_245' title='bbox 455 3795 572 3868; x_wconf 83' lang='lat' dir='ltr'>famae,</span> <span class='ocrx_word' id='word_1_246' title='bbox 586 3796 639 3859; x_wconf 83' lang='lat' dir='ltr'>vel</span> <span class='ocrx_word' id='word_1_247' title='bbox 663 3815 722 3880; x_wconf 88' lang='lat' dir='ltr'>per</span> <span class='ocrx_word' id='word_1_248' title='bbox 744 3800 937 3880; x_wconf 85' lang='lat' dir='ltr'>argumenta</span> <span class='ocrx_word' id='word_1_249' title='bbox 960 3794 1098 3860; x_wconf 85' lang='lat' dir='ltr'>deducta</span> <span class='ocrx_word' id='word_1_250' title='bbox 1120 3815 1141 3859; x_wconf 90' lang='lat' dir='ltr'>a</span> <span class='ocrx_word' id='word_1_251' title='bbox 1164 3794 1416 3868; x_wconf 61' lang='lat' dir='ltr'>mandatora,</span> <span class='ocrx_word' id='word_1_252' title='bbox 1434 3793 1538 3858; x_wconf 80' lang='lat' dir='ltr'>index</span> 
     </span>
    </p>
   </div>
   <div class='ocr_carea' id='block_1_10' title="bbox 359 3912 1638 4261">
    <p class='ocr_par' dir='ltr' id='par_1_13' title="bbox 359 3912 1638 4261">
     <span class='ocr_line' id='line_1_30' title="bbox 360 3912 1638 4005; baseline 0 -20"><span class='ocrx_word' id='word_1_253' title='bbox 360 3941 480 3986; x_wconf 86' lang='lat' dir='ltr'>revera</span> <span class='ocrx_word' id='word_1_254' title='bbox 500 3942 566 3985; x_wconf 94' lang='lat' dir='ltr'>non</span> <span class='ocrx_word' id='word_1_255' title='bbox 589 3922 657 4005; x_wconf 90' lang='lat' dir='ltr'>ipse</span> <span class='ocrx_word' id='word_1_256' title='bbox 680 3928 729 3987; x_wconf 92' lang='lat' dir='ltr'>est</span> <span class='ocrx_word' id='word_1_257' title='bbox 751 3926 931 4001; x_wconf 89' lang='lat' dir='ltr'>accusator,</span> <span class='ocrx_word' id='word_1_258' title='bbox 947 3920 1003 3987; x_wconf 91' lang='lat' dir='ltr'>sed</span> <span class='ocrx_word' id='word_1_259' title='bbox 1026 3920 1220 3985; x_wconf 85' lang='lat' dir='ltr'>iudicialiter</span> <span class='ocrx_word' id='word_1_260' title='bbox 1243 3918 1397 4003; x_wconf 80' lang='lat' dir='ltr'>expendit</span> <span class='ocrx_word' id='word_1_261' title='bbox 1419 3918 1538 4003; x_wconf 88' lang='lat' dir='ltr'>proba·</span> <span class='ocrx_word' id='word_1_262' title='bbox 1637 3912 1638 3985; x_wconf 73' lang='grc' dir='ltr'>Ϊ</span> 
     </span>
     <span class='ocr_line' id='line_1_31' title="bbox 359 4041 1638 4126; baseline -0.003 -17"><span class='ocrx_word' id='word_1_263' title='bbox 359 4046 463 4109; x_wconf 87' lang='lat' dir='ltr'>tiones</span> <span class='ocrx_word' id='word_1_264' title='bbox 475 4044 784 4111; x_wconf 76' lang='lat' dir='ltr'>eatraiadieialitar</span> <span class='ocrx_word' id='word_1_265' title='bbox 793 4044 921 4125; x_wconf 88' lang='lat' dir='ltr'>allatas,</span> <span class='ocrx_word' id='word_1_266' title='bbox 938 4051 973 4108; x_wconf 91' lang='lat' dir='ltr'>ut</span> <span class='ocrx_word' id='word_1_267' title='bbox 989 4042 1111 4107; x_wconf 87' lang='lat' dir='ltr'>inferat</span> <span class='ocrx_word' id='word_1_268' title='bbox 1125 4063 1167 4108; x_wconf 89' lang='lat' dir='ltr'>au</span> <span class='ocrx_word' id='word_1_269' title='bbox 1183 4049 1353 4107; x_wconf 88' lang='lat' dir='ltr'>accusatus</span> <span class='ocrx_word' id='word_1_270' title='bbox 1370 4061 1390 4105; x_wconf 85' lang='lat' dir='ltr'>a</span> <span class='ocrx_word' id='word_1_271' title='bbox 1406 4041 1536 4126; x_wconf 89' lang='lat' dir='ltr'>publica</span> <span class='ocrx_word' id='word_1_272' title='bbox 1637 4082 1638 4085; x_wconf 57' lang='lat'><em>=</em></span> 
     </span>
     <span class='ocr_line' id='line_1_32' title="bbox 360 4168 1638 4261; baseline -0.002 -29"><span class='ocrx_word' id='word_1_273' title='bbox 360 4168 446 4233; x_wconf 88' lang='lat' dir='ltr'>fama</span> <span class='ocrx_word' id='word_1_274' title='bbox 469 4169 520 4235; x_wconf 88' lang='lat' dir='ltr'>vel</span> <span class='ocrx_word' id='word_1_275' title='bbox 537 4188 618 4234; x_wconf 79' lang='lat' dir='ltr'>voce</span> <span class='ocrx_word' id='word_1_276' title='bbox 641 4169 891 4242; x_wconf 89' lang='lat' dir='ltr'>denunciatoris,</span> <span class='ocrx_word' id='word_1_277' title='bbox 910 4188 1029 4234; x_wconf 88' lang='lat' dir='ltr'>revera</span> <span class='ocrx_word' id='word_1_278' title='bbox 1052 4170 1093 4233; x_wconf 91' lang='lat' dir='ltr'>sit</span> <span class='ocrx_word' id='word_1_279' title='bbox 1116 4170 1260 4233; x_wconf 84' lang='lat' dir='ltr'>criminis</span> <span class='ocrx_word' id='word_1_280' title='bbox 1283 4172 1416 4234; x_wconf 85' lang='lat' dir='ltr'>auctor:</span> <span class='ocrx_word' id='word_1_281' title='bbox 1434 4186 1536 4251; x_wconf 88' lang='lat' dir='ltr'>quare</span> <span class='ocrx_word' id='word_1_282' title='bbox 1637 4254 1638 4261; x_wconf 6' lang='grc' dir='ltr'>ἵ</span> 
     </span>
    </p>
   </div>
   <div class='ocr_carea' id='block_1_11' title="bbox 357 4292 1535 4385">
    <p class='ocr_par' dir='ltr' id='par_1_14' title="bbox 357 4276 1638 4385">
     <span class='ocr_line' id='line_1_33' title="bbox 357 4292 1535 4385; baseline -0.001 -26"><span class='ocrx_word' id='word_1_283' title='bbox 357 4301 537 4375; x_wconf 76' lang='lat' dir='ltr'>processus</span> <span class='ocrx_word' id='word_1_284' title='bbox 552 4313 633 4385; x_wconf 80' lang='lat' dir='ltr'>pure</span> <span class='ocrx_word' id='word_1_285' title='bbox 654 4293 880 4378; x_wconf 79' lang='lat' dir='ltr'>iaquisittous,</span> <span class='ocrx_word' id='word_1_286' title='bbox 897 4301 932 4358; x_wconf 93' lang='lat' dir='ltr'>ut</span> <span class='ocrx_word' id='word_1_287' title='bbox 955 4313 1063 4379; x_wconf 87' lang='lat' dir='ltr'>supra,</span> <span class='ocrx_word' id='word_1_288' title='bbox 1082 4292 1224 4359; x_wconf 81' lang='lat' dir='ltr'>hebetur</span> <span class='ocrx_word' id='word_1_289' title='bbox 1240 4294 1350 4359; x_wconf 72' lang='lat' dir='ltr'>iocatur</span> <span class='ocrx_word' id='word_1_290' title='bbox 1365 4292 1535 4374; x_wconf 79' lang='lat' dir='ltr'>accceptio-</span> 
     </span>
    </p>
   </div>
   <div class='ocr_carea' id='block_1_12' title="bbox 359 4416 1638 4505">
    <p class='ocr_par' dir='ltr' id='par_1_15' title="bbox 359 4416 1638 4505">
     <span class='ocr_line' id='line_1_34' title="bbox 359 4416 1638 4505; baseline -0.005 -21"><span class='ocrx_word' id='word_1_291' title='bbox 359 4418 423 4484; x_wconf 80' lang='lat' dir='ltr'>oia.</span> <span class='ocrx_word' id='word_1_292' title='bbox 448 4454 492 4468; x_wconf 95' lang='lat'><em>-</em></span> <span class='ocrx_word' id='word_1_293' title='bbox 516 4419 588 4484; x_wconf 88' lang='lat' dir='ltr'>Hac</span> <span class='ocrx_word' id='word_1_294' title='bbox 610 4418 650 4484; x_wconf 90' lang='lat' dir='ltr'>de</span> <span class='ocrx_word' id='word_1_295' title='bbox 673 4420 801 4483; x_wconf 89' lang='lat' dir='ltr'>ratione</span> <span class='ocrx_word' id='word_1_296' title='bbox 831 4421 864 4482; x_wconf 91' lang='lat' dir='ltr'>in</span> <span class='ocrx_word' id='word_1_297' title='bbox 892 4420 1028 4484; x_wconf 92' lang='lat' dir='ltr'>crimine</span> <span class='ocrx_word' id='word_1_298' title='bbox 1051 4420 1185 4485; x_wconf 76' lang='lat' dir='ltr'>notorio</span> <span class='ocrx_word' id='word_1_299' title='bbox 1212 4438 1276 4482; x_wconf 90' lang='lat' dir='ltr'>non</span> <span class='ocrx_word' id='word_1_300' title='bbox 1299 4416 1536 4501; x_wconf 84' lang='lat' dir='ltr'>exquirebatur</span> <span class='ocrx_word' id='word_1_301' title='bbox 1637 4416 1638 4505; x_wconf 64' lang='lat' dir='ltr'>i</span> 
     </span>
    </p>
   </div>
   <div class='ocr_carea' id='block_1_13' title="bbox 0 0 1680 5100">
    <p class='ocr_par' dir='ltr' id='par_1_16' title="bbox 0 0 1680 5100">
     <span class='ocr_line' id='line_1_35' title="bbox 0 0 1680 5100; baseline 0 3"><span class='ocrx_word' id='word_1_302' title='bbox 0 0 1680 5100; x_wconf 95' lang='lat' dir='ltr'> </span> 
     </span>
    </p>
   </div>
  </div>
 </body>
</html>
