3350 5100
314 287 358 354 24
841 309 926 358 runs
950 310 973 358 1.

315 430 383 515 fide
405 450 426 495 a
450 432 616 515 quopiam
638 451 755 498 eorum
780 438 828 499 est
851 433 1040 505 ordinatus,
1057 436 1258 501 enercitium
1277 455 1348 503 non
1371 438 1495 505 babere

316 557 447 624 ordinis
469 539 518 624 sic
535 557 689 640 sucepti,
707 559 815 625 donec
840 560 1063 642 dispensetur,
1081 561 1298 628 declaramus
1314 583 1345 628 s.
1361 564 1496 631 Veteris

315 684 395 748 iuris
418 684 531 769 regule
555 663 624 755 nit,
648 684 779 750 ordines
800 692 969 771 susceptos
990 684 1030 750 ab
1054 705 1093 751 eo
1116 687 1168 771 qui
1192 686 1321 754 ordines
1336 707 1496 756 exercere

317 825 382 871 non
404 806 542 876 valebat,
560 825 629 872 esse
653 806 760 872 valide
783 807 926 880 collatos.
943 808 1000 872 sed
1023 808 1064 873 nb
1087 810 1155 893 ipso
1177 809 1325 875 ordinato
1345 813 1496 877 exerceri

315 953 382 996 non
405 951 508 1017 posse,
533 953 574 997 ne
597 931 751 1000 ordinans
773 933 923 999 videatur
947 936 980 998 in
1002 935 1098 1000 elium
1122 935 1194 1022 plus
1216 937 1296 1003 iuris
1311 939 1496 1005 transferre

317 1078 413 1143 quam
437 1059 505 1143 ipse
527 1056 672 1123 heberet.
698 1058 760 1124 Sed
784 1059 884 1126 bodie
914 1060 998 1124 haec
1023 1059 1137 1145 regula
1166 1061 1348 1146 applicetur
1370 1069 1495 1134 tantum

317 1183 350 1246 in
367 1203 444 1249 casu
461 1182 553 1248 relati
570 1189 634 1248 art.
651 1219 668 1232 -
682 1183 909 1250 Praesumere
924 1191 1032 1252 autem
1048 1184 1104 1250 ille
1118 1185 1236 1252 dicitur
1251 1189 1305 1271 qui
1319 1190 1415 1253 mala
1433 1187 1495 1254 fide

317 1308 447 1374 ordines
469 1311 626 1394 suscepit;
650 1315 682 1374 et
705 1314 782 1374 tunc
805 1312 974 1395 suspensio
996 1312 1178 1377 incurritur
1200 1331 1258 1377 sus
1281 1318 1399 1378 ustura
1421 1334 1494 1399 per·

318 1444 423 1524 petua,
439 1460 498 1504 seu
521 1441 582 1506 nisi
606 1441 767 1526 dispenset
790 1441 821 1508 S.
846 1439 942 1507 Pont.
966 1478 984 1490 -
1002 1444 1055 1534 En
1076 1443 1223 1515 adverso,
1241 1445 1295 1528 qui
1318 1444 1408 1511 bona
1429 1446 1497 1530 fide

315 1564 447 1630 ordines
470 1566 514 1630 ita
537 1566 679 1650 suscipit„
696 1585 760 1630 non
782 1566 883 1631 habet
897 1567 1031 1634 ordinis
1051 1569 1198 1651 suscepti
1221 1569 1422 1635 emercitium
1438 1569 1495 1652 (1),

318 1689 424 1754 donec
446 1689 668 1772 dispensetur,
686 1709 801 1775 nempe
817 1691 861 1757 ab
877 1692 1046 1774 Episcopo
1069 1711 1141 1774 nm,
1157 1707 1251 1757 secus
1272 1693 1396 1758 nullum
1420 1713 1494 1780 sen-

318 1833 389 1877 sum
412 1811 548 1877 haberet
571 1813 653 1877 haee
675 1813 835 1889 addicti0;
860 1821 894 1878 et
916 1834 1072 1900 expresse
1094 1815 1157 1880 hoc
1180 1813 1311 1881 edicunt
1334 1837 1363 1881 c.
1379 1837 1407 1882 c.
1428 1818 1495 1888 1,2

321 1905 372 2002 De
395 1937 540 2003 ordinat.
567 1936 609 2003 ab
629 1939 786 2021 Upiscop.
810 1938 871 2023 qui
892 1957 1013 2005 renun.
1031 1939 1067 2002 X
1085 1937 1124 2023 (l,
1145 1939 1207 2025 13).
1224 1939 1266 2004 ed
1285 1960 1367 2024 quse
1390 1943 1496 2027 capita

320 2060 449 2124 videtur
472 2080 506 2124 se
530 2059 659 2126 referre
681 2062 810 2126 articuli
833 2063 941 2126 dictio.
961 2097 979 2110 -
1000 2064 1081 2128 Item
1105 2081 1151 2129 ea
1173 2065 1226 2129 cit.
1247 2083 1322 2148 cap.
1346 2065 1381 2137 2,
1404 2064 1494 2130 addi·

320 2185 438 2250 scimus
462 2187 493 2248 in
510 2205 585 2251 casu
608 2185 724 2250 bonam
740 2183 834 2251 fidem
852 2188 990 2268 censeri,
1003 2189 1063 2252 etsi
1086 2188 1215 2271 aliquod
1238 2189 1339 2255 subsit
1354 2189 1493 2270 dubium,

317 2309 486 2376 dummodo
511 2331 575 2374 non
599 2331 716 2378 crassa
740 2319 771 2378 et
793 2314 920 2396 supina
941 2313 1046 2396 fuerit
1068 2314 1268 2400 iquorantia
1290 2313 1347 2400 (2).

407 2437 458 2502 15.
479 2437 610 2502 Demnm
627 2437 812 2503 ordinantes
828 2444 861 2503 et
876 2437 1041 2502 ordinatos
1063 2443 1154 2504 tenet
1176 2459 1316 2504 censura
1336 2441 1369 2502 in
1386 2441 1492 2505 Const.
1579 2433 1583 2441 ’

315 2560 374 2626 sub
389 2582 421 2627 n.
439 2562 504 2627 VII
521 2582 587 2645 seq.
605 2564 649 2625 ita
664 2563 874 2627 comminata:
894 2581 911 2625 s
931 2563 1055 2628 Clerici
1069 2564 1262 2629 saeculares
1277 2564 1387 2629 anteri
1401 2565 1494 2627 ultra

315 2692 465 2769 quatuor
479 2704 610 2749 messes
625 2686 663 2749 in
684 2685 770 2753 Urbe
790 2692 1048 2758 commorantes,
1065 2686 1216 2752 ordinati
1234 2686 1278 2753 ab
1293 2686 1372 2769 alio,
1389 2705 1494 2772 quam

317 2808 360 2874 ab
383 2809 457 2890 ipso
480 2828 541 2875 suo
568 2808 762 2881 Ordinaric‚
787 2807 915 2891 absque
941 2808 1077 2873 licentia
1103 2806 1202 2872 Uard.
1231 2808 1329 2874 Urbis
1353 2810 1417 2875 Vic.
1441 2810 1493 2875 vel

315 2932 442 3018 absque
461 2934 603 3015 praevio
630 2934 790 2999 eramine
817 2952 934 3000 coram
957 2933 1075 2998 eodem
1094 2940 1245 3015 peracto.
1269 2935 1322 2999 vel
1345 2935 1494 3000 etiama

252 3118 254 3125 .
314 3056 460 3139 proprio
480 3055 672 3126 Ordinario,
692 3062 878 3140 postquam
901 3056 938 3119 in
949 3058 1092 3139 praecio
1108 3057 1268 3122 conamine
1289 3058 1404 3123 reiecti
1421 3057 1494 3138 fue·

317 3180 406 3244 rint:
422 3198 485 3245 nec
506 3199 577 3245 non
601 3180 714 3245 clerici
733 3182 941 3263 pertinentes
963 3181 1010 3244 ad
1033 3181 1184 3265 aliquem
1206 3201 1252 3246 em
1273 3201 1336 3247 sem
1361 3183 1493 3264 Episco-

318 3304 456 3386 patibus
481 3303 742 3378 suburbicariis,
766 3305 796 3370 si
823 3305 1027 3370 ordinentur
1051 3311 1153 3370 eastra
1177 3325 1277 3370 suam
1304 3307 1492 3379 dioecesim,

323 3426 605 3493 dimissorialibus
639 3428 693 3493 sui
723 3426 899 3493 Ordinarii
930 3429 977 3492 ad
1007 3428 1114 3491 alium
1145 3428 1290 3500 directis,
1315 3447 1420 3513 quam
1446 3430 1493 3493 ad

321 3550 423 3616 Uard.
455 3550 552 3617 Urbis
581 3550 775 3634 Viearium‚·
802 3553 855 3617 vel
885 3571 956 3618 non
982 3551 1199 3634 praemissis,
1228 3558 1307 3617 ante
1336 3553 1493 3619 ordinem

403 3800 443 3869 (l)
462 3800 553 3862 Qusue
572 3800 637 3855 dats
657 3804 727 3855 bana
743 3802 809 3871 fide,
823 3801 886 3871 quis
905 3816 960 3854 nou
979 3804 1012 3853 fit
1029 3806 1148 3872 proprie
1166 3818 1328 3871 suspensum,
1341 3818 1431 3873 neque
1450 3808 1494 3856 eet

315 3908 496 3977 irregularis,
508 3907 531 3959 si
546 3908 694 3971 ministret,
706 3907 754 3960 sed
766 3906 857 3960 violat
871 3907 1026 3976 simplicem
1044 3907 1272 3977 prohibitionem.
1288 3908 1448 3963 Thesaurus
1460 3908 1494 3973 11,

316 4031 341 4065 u.
367 4012 453 4079 Ordo,
471 4032 533 4084 cap.
553 4015 604 4066 24.
659 3998 662 4005 ¹

403 4118 442 4191 (2)
464 4120 612 4175 Praeterea
631 4136 665 4174 ex
685 4120 777 4173 Consi.
798 4122 851 4190 Ap.
873 4122 936 4173 Sed.
955 4121 1006 4173 sub
1025 4137 1053 4174 n.
1074 4120 1108 4185 V,
1127 4123 1202 4175 inter
1223 4138 1299 4192 susp.
1318 4122 1490 4177 decernitur:

315 4244 330 4278 ‹
347 4227 562 4297 Suspensionem
572 4236 739 4296 perpetuam
751 4230 785 4279 ab
797 4228 933 4280 exercitio
948 4227 1080 4279 ordinum
1093 4231 1152 4297 ipso
1171 4233 1234 4283 iure
1248 4230 1398 4282 incurrunt
1411 4230 1491 4284 Reli-

316 4336 387 4407 qiosi
407 4337 494 4402 eiecti,
509 4346 591 4389 entra
609 4336 786 4407 Reliqionem
805 4336 1011 4405 depenerent
1030 4333 1101 4387 hanc
1119 4336 1327 4404 suspensionem
1341 4337 1493 4406 explicavi·

314 4458 376 4494 mus
394 4448 509 4511 agentes
528 4444 563 4495 de
580 4452 667 4511 apost.
687 4460 704 4494 a
723 4442 881 4511 Reliquum
900 4440 963 4494 Vol.
982 4440 1027 4505 ΙΙΙ,
1046 4457 1072 4493 n.
1091 4440 1152 4494 326.
