3350 5100
493 311 538 356 nu
561 311 701 359 runicus
724 291 994 362 calamannus(
1257 301 1323 366 207

142 432 247 494 tiones
261 437 296 495 et
309 432 447 497 consilia
464 433 507 498 ad
523 436 571 498 rei
586 437 823 500 correctionem
847 444 880 502 et
896 436 1111 505 voluntariam
1132 441 1323 512 damnorum

142 555 402 622 emendationem
425 559 515 632 inita
539 567 666 644 oportet
687 562 879 628 satisfacere
899 565 993 630 alteri
1018 567 1215 648 quaestioni;
1239 565 1324 631 unde

141 683 330 763 quaerimus
353 684 485 766 quinam
507 687 654 750 accessui
678 689 810 771 possint.

230 805 439 879 Canonistae,
465 812 509 874 uti
532 812 645 877 videre
668 819 719 878 est
739 813 824 898 apud
849 814 1008 880 Schmalz.
1033 815 1063 878 h.
1090 821 1110 880 l.
1135 837 1169 880 a.
1191 816 1241 881 72
1256 835 1323 900 req.

141 931 289 1016 singulus
311 942 504 998 enumerant
525 954 621 1001 casus
642 936 826 1020 prohibitae
848 941 1079 1010 accusationis.
1103 939 1144 1004 ad
1175 959 1325 1006 normam

141 1054 250 1139 legum
287 1077 369 1120 rom.
405 1060 481 1143 quia
514 1061 546 1123 in
570 1079 703 1146 genere,
735 1081 853 1128 omnes
886 1065 1044 1129 commori
1073 1070 1229 1146 possunt,
1266 1067 1326 1150 qai

141 1196 308 1261 cupressu
323 1201 346 1245 a
360 1183 437 1246 iare
451 1202 522 1250 non
536 1184 767 1268 excipiuntur.
794 1219 812 1232 -
836 1187 881 1252 At
896 1205 960 1251 non
977 1192 1072 1252 vacat
1095 1186 1170 1253 heic
1192 1188 1325 1273 longum

142 1305 318 1370 elenchum
350 1314 510 1381 retexere,
535 1310 653 1396 quippe
676 1330 731 1374 res
755 1316 805 1374 est
826 1310 867 1375 ad
895 1313 1022 1396 praxim
1047 1331 1112 1376 non
1139 1314 1326 1397 pertinens;

142 1437 173 1493 et
206 1433 289 1515 quia
321 1433 419 1497 iidem
452 1453 547 1499 casus
577 1438 610 1498 in
641 1434 766 1520 legibus
802 1439 944 1502 romanis
975 1439 1122 1522 expressi
1154 1457 1219 1503 non
1251 1445 1327 1502 sunt

142 1556 298 1622 lemane
325 1557 381 1622 sed
405 1559 690 1643 dmonstratine5
712 1562 864 1626 nimirum
888 1559 992 1626 fluunt
1014 1581 1034 1626 a
1057 1543 1246 1645 quibusdam
1270 1581 1325 1626 re-

141 1681 226 1764 gulis
252 1683 515 1765 generalioribus
546 1684 660 1767 quibus
690 1687 906 1752 continentur.
940 1686 1008 1751 Has
1031 1687 1162 1773 regulas
1188 1686 1326 1772 proinde

142 1808 283 1871 innuere
307 1806 454 1882 sufficiat,
478 1811 648 1875 nimirum:

233 1931 270 2010 l)
299 1933 457 1996 Accusari
493 1952 558 1996 non
592 1952 685 2018 posse
709 1934 791 2006 illos,
823 1936 879 2018 qni
913 1940 1047 2020 propter
1077 1934 1237 2001 defectum
1270 1941 1326 2002 aut

141 2058 261 2121 aetatis
283 2061 341 2120 aut
362 2057 499 2121 actualis
521 2077 697 2123 consensus
719 2058 910 2142 delinquere
933 2079 1027 2144 posse
1046 2079 1116 2134 ,non
1139 2069 1325 2135 censentur,

141 2201 262 2266 nempe
284 2182 437 2255 infantes,
460 2191 606 2251 amentes
627 2192 662 2251 et
684 2187 739 2250 alii
762 2186 793 2250 id
817 2206 930 2272 genus.
1103 2179 1125 2184 ”

229 2307 270 2388 2)
294 2309 377 2373 Item
400 2311 598 2374 accusationi
621 2311 712 2376 locus
736 2330 800 2375 non
823 2315 873 2374 est
896 2310 1023 2393 quando
1046 2309 1182 2393 amplius
1206 2311 1324 2374 instau-

141 2437 210 2497 rari
226 2454 297 2498 non
321 2437 422 2518 possit
436 2437 524 2502 actio
548 2437 747 2507 criminale,
763 2437 817 2500 vel
834 2437 910 2520 quia
932 2441 1004 2520 post
1026 2435 1324 2519 temporis'lapsum

140 2562 361 2644 praescripta,
377 2560 430 2625 vel
450 2563 526 2644 quia
540 2563 603 2625 iam
619 2568 669 2627 est
683 2560 835 2646 expedita
851 2580 909 2645 per
924 2562 1117 2625 sententiam
1134 2559 1325 2625 iudicialem.

142 2684 317 2768 Equidem,
340 2684 457 2750 favore
479 2688 630 2751 accusati
653 2704 825 2767 resonum,
840 2688 1020 2751 sententiae
1036 2686 1223 2749 criminales
1237 2692 1324 2751 tran-

142 2817 239 2874 seunt
255 2812 289 2873 in
307 2830 377 2873 rem
393 2810 575 2881 indicatam,
593 2813 747 2893 quamvis,
764 2812 841 2876 item
866 2810 980 2875 favore
1003 2810 1160 2875 accusati-
1177 2828 1326 2875 couneu-

142 2932 406 3013 uar1,dicantur
428 2935 508 2997 istae
539 2953 605 2998 non
631 2934 774 2998 transire
797 2936 830 2997 in
856 2952 923 2999 rem
952 2934 1143 3008 iudicatam;
1168 2936 1242 3017 quia
1272 2934 1327 2998 hic

143 3056 325 3121 audiendus
356 3063 406 3124 est
436 3060 462 3121 si
493 3058 635 3142 probare
664 3058 743 3123 velit
773 3057 975 3123 evidentibus
1004 3059 1205 3142 argumentis
1236 3078 1326 3122 suam

142 3181 376 3256 innocentiam,
399 3182 513 3247 saltem
538 3184 570 3246 in
593 3184 648 3247 via
669 3201 823 3247 recursus
846 3182 886 3246 ad
909 3183 1107 3267 Principem.
1126 3182 1175 3247 of.
1198 3183 1274 3247 Vol.
1300 3186 1324 3251 1.

143 3326 175 3369 n.
199 3306 270 3371 658
294 3313 328 3370 et
351 3304 446 3372 Reiff.
470 3308 520 3373 De
542 3315 623 3373 seat.
655 3329 688 3373 n.
714 3309 790 3374 129.
816 3309 868 3372 Eu
892 3308 1030 3372 adverso
1053 3313 1240 3379 accusator,
1266 3309 1326 3372 nisi

144 3431 262 3513 probet
297 3431 479 3496 nullitatem
505 3434 697 3509 sententiae,
725 3433 895 3517 repellitur
926 3431 966 3495 ab
997 3433 1113 3496 iterum
1143 3430 1326 3497 accusando

144 3556 342 3639 exceptione
364 3556 416 3620 rei
438 3556 619 3621 iudicatae.
882 3640 883 3643 Ἴ

234 3679 271 3763 3)
290 3682 369 3745 lure
386 3698 465 3743 rom.
482 3683 629 3746 accusari
652 3700 718 3746 non
734 3686 884 3765 poterant
900 3683 1042 3745 minores
1057 3681 1170 3766 viginti
1187 3680 1327 3761 quinque

145 3806 250 3877 annis,
263 3804 327 3868 nisi
351 3806 428 3887 ipsis
447 3824 467 3868 a
489 3804 594 3869 iudice
616 3810 740 3870 tutores
763 3812 819 3870 aut
843 3810 1012 3869 curatores
1035 3803 1238 3889 deputentur.
1254 3801 1326 3874 Sed,

146 3930 253 4011 quoad
281 3948 396 3994 causas
424 3930 610 3995 criminales
640 3931 835 4016 spirituales,
869 3930 951 3994 haec
981 3928 1096 4013 regula
1126 3947 1191 3991 non
1221 3902 1326 3995 valet.

146 4070 218 4138 arg.
242 4051 360 4135 cop.3
384 4053 518 4118 Deiud.
542 4073 575 4117 a.
594 4054 626 4117 6.
651 4052 709 4138 (ll.
729 4053 771 4136 l.)
795 4053 842 4119 cf.
869 4051 986 4125 V01.1‚
1011 4072 1043 4115 n.
1068 4050 1120 4115 67.

240 4178 315 4241 148.
339 4177 472 4241 Demum
496 4178 560 4240 DD.
584 4178 804 4260 quaestionem
835 4177 1005 4241 instituunt
1031 4174 1071 4239 de
1098 4180 1216 4249 natura
1246 4172 1326 4238 obli-

147 4302 298 4385 gationis,
323 4321 387 4386 qua
412 4302 523 4366 forsan
550 4309 701 4367 teneatur
726 4308 906 4367 accusator
934 4308 1031 4365 antea
1061 4318 1200 4367 meam
1227 4320 1325 4367 occu-

148 4432 286 4510 retum
308 4446 425 4511 nempe
447 4432 609 4510 quaerunt
631 4446 673 4491 an
695 4432 864 4492 accusatus
887 4424 1002 4491 debeat
1024 4431 1121 4490 autea
1136 4426 1261 4490 moneri
1285 4424 1326 4489 ab
