3350 5100
482 313 526 360 ns
556 310 695 360 runicus
719 311 961 360 amisissemus
1231 291 1310 360 ,215

132 435 285 501 delictum
308 436 458 522 patravit,
478 435 563 520 quod
584 433 792 502 iudicialiter
809 434 942 520 probari
966 441 1079 520 potest.
1105 432 1151 500 At
1173 409 1310 518 quoties-

133 579 268 644 cumque
285 560 384 625 iudex
407 559 561 644 procedet
582 579 626 624 ex
648 580 744 626 mero
763 560 871 644 officio
897 565 1048 626 censetur
1067 561 1131 625 ium
1147 579 1167 622 a
1182 556 1311 643 publice

132 684 218 748 ome
232 685 288 748 vel
304 682 435 750 aliunde
456 705 477 748 e
491 681 661 750 sufficienti
679 683 756 749 iacti
771 686 886 751 notitia
901 685 1075 750 excitatum
1096 682 1212 758 fuisse3
1226 682 1310 747 unde

132 827 380 892 supervacanea
400 793 530 874 videtur
555 807 713 892 probatio,
738 808 791 892 (de
813 808 968 873 eiusmodi
992 805 1137 892 infamia)
1162 826 1221 892 per
1244 827 1310 890 spe·

133 935 247 998 cialem
276 942 385 1001 ectum
413 933 595 1000 iudicialem
625 935 659 998 in
688 932 822 1017 periodo
853 934 1066 1026 acmasotom'a
1097 919 1310 1016 exquirenda.

222 1059 317 1123 Haec
346 1065 422 1124 sunt
449 1059 610 1124 subtiliter
640 1057 727 1123 dicte
755 1078 776 1122 a
803 1055 1003 1128 ooetoribus.
1032 1061 1085 1142 qui
1113 1057 1310 1142 potissimum

134 1182 303 1248 abstracte
338 1183 545 1267 explicarunt
574 1183 635 1247 has
664 1181 831 1246 methodos
862 1180 1044 1266 iudiciales,
1079 1181 1124 1245 uti
1160 1180 1309 1264 Plrhing.

134 1307 436 1394 Schmalzgrueber,
454 1304 681 1372 Reiffenstuel:
698 1306 755 1372 sed
774 1312 928 1392 quantum
945 1308 1006 1372 ista
1021 1306 1139 1372 distent
1154 1325 1174 1370 e
1189 1304 1311 1390 simpli-

135 1433 230 1497 citate
246 1439 282 1496 et
295 1432 526 1518 perspicuitate
541 1431 664 1497 ordinis
679 1431 840 1497 iudicialis
855 1451 949 1495 nemo
969 1436 1019 1495 est
1038 1432 1090 1513 qui
1106 1450 1171 1495 non
1187 1428 1309 1504 videat;

135 1555 217 1639 quod
241 1556 368 1622 fatetur
388 1557 457 1641 ipse
480 1551 693 1621 Reiffenstuel
709 1555 742 1619 lu.
759 1561 780 1621 t.
796 1575 831 1620 a.
848 1554 923 1620 184.
941 1554 1047 1620 Hodie
1070 1571 1149 1618 vero
1172 1553 1272 1617 veluti
1293 1572 1312 1616 e

135 1680 238 1746 medio
266 1679 377 1746 ablata
398 1686 447 1746 est
470 1682 597 1746 occasio
627 1679 790 1746 subtiliter
817 1678 1034 1765 distinguendi
1062 1680 1171 1742 varies
1200 1696 1312 1762 proce

136 1805 229 1870 dendi
262 1805 424 1879 rationes;
455 1811 662 1889 posteaquam
694 1809 862 1889 promotor
892 1800 1012 1868 fiscalis
1042 1803 1177 1888 explere
1207 1803 1312 1886 coepit

135 1933 166 1995 in
190 1930 311 1996 indicio
342 1936 453 2017 portes
482 1932 553 1996 veri
576 1929 785 1996 accusatoris
792 1948 807 2011 ,·
830 1926 1038 2012 quamobrem
1070 1947 1240 2013 processus
1265 1932 1314 1992 est

137 2061 188 2119 aut
209 2075 295 2140 pure
318 2054 535 2138 inputotims
556 2060 613 2119 eut
636 2055 756 2118 mixtus
782 2052 1001 2138 inquisitione
1028 2059 1061 2119 et
1087 2041 1311 2126 aomasalt'ooe,

137 2179 190 2244 sed
216 2199 393 2264 processus
419 2199 484 2243 non
511 2179 684 2244 inchoetur
711 2179 772 2243 nisi
804 2179 938 2263 praevie
967 2177 1067 2242 luerit
1097 2177 1231 2242 infamia
1261 2176 1313 2242 vel

138 2303 342 2370 denunciatio
358 2303 411 2367 vel
427 2302 572 2386 querela,
588 2302 641 2367 vel
664 2303 802 2387 simplex
817 2302 979 2386 inquisitio
1002 2301 1164 2386 specialis.
1183 2336 1199 2349 -
1219 2300 1312 2366 Geto-

140 2448 207 2493 rum
224 2431 395 2512 promotor
409 2423 476 2492 fisc.
492 2431 543 2492 est
558 2425 704 2509 publicus
719 2423 879 2496 officialis,
893 2426 946 2508 qui
958 2444 1025 2507 pro
1042 2424 1169 2490 iustitia
1182 2429 1214 2489 et
1229 2423 1313 2508 lepis

139 2555 239 2619 teleta
257 2553 339 2637 ogit,
363 2571 468 2635 neque
486 2553 563 2618 huic
584 2552 712 2616 muneri
734 2550 895 2617 addicitur
912 2550 979 2637 'nisi
1002 2550 1117 2634 dignus
1140 2554 1173 2613 et
1195 2545 1314 2632 probus

138 2682 322 2763 reperiatur
336 2683 434 2761 etque
448 2676 604 2762 spondeat
619 2678 799 2742 iuramento
815 2696 851 2740 se
867 2674 1008 2741 officium
1029 2674 1232 2760 expleturum
1251 2692 1314 2737 non

140 2808 171 2869 in
193 2804 390 2870 calumniam
419 2802 577 2868 bonorum
608 2801 665 2867 sed
694 2803 729 2865 in
759 2800 917 2866 melorum
949 2800 1114 2865 hominum
1140 2798 1314 2885 legitimam

140 2928 461 2994 animadversionem.
483 2962 498 2973 ·
513 2926 594 2991 Inde
617 2928 651 2991 in
674 2934 739 2990 art.
756 2926 818 2991 119
836 2925 916 2993 Cod.
934 2925 986 2990 ait.
1012 2924 1153 3009 (imper.
1169 2922 1315 2988 iubetur:

144 3053 251 3119 «Nisi
274 3054 335 3119 tem
360 3056 495 3131 statuat,
518 3068 716 3132 processum
743 3049 988 3114 instituendum
1015 3066 1086 3113 asse
1111 3051 1244 3112 landam
1269 3047 1316 3112 ad

142 3176 341 3242 instantiam
358 3174 473 3258 partis
495 3176 620 3252 laesae,
641 3174 846 3258 quicumque
866 3192 1045 3254 processus
1067 3172 1315 3259 instauratur...

143 3322 187 3366 eo
207 3300 333 3387 officio.
349 3300 517 3365 nimirum
531 3304 591 3365 aut
614 3299 655 3365 ob
677 3299 835 3365 notitiam
857 3318 878 3363 a
901 3299 980 3383 fisco
1004 3302 1242 3379 comparatam
1257 3302 1316 3385 out

143 3424 184 3490 ob
198 3423 497 3490 denunciationem
510 3427 570 3487 aut
585 3422 761 3505 querelam
776 3426 835 3486 aa!
851 3421 1100 3487 accusationem
1115 3441 1144 3482 i.
1164 3420 1316 3499 Crimina,

145 3568 223 3632 quae
256 3554 382 3613 tentum
418 3547 626 3632 impellentur
660 3545 874 3610 criminaliter
905 3545 952 3610 ad
981 3512 1183 3611 instantiam
1205 3544 1317 3627 partis

146 3674 254 3739 laesae
276 3692 336 3739 seu
357 3673 495 3737 crimina
523 3690 605 3756 pure
624 3674 773 3753 privata,
799 3672 870 3734 iure
894 3688 965 3733 oen.
990 3690 1054 3733 non
1077 3668 1239 3733 habentur
1261 3666 1317 3731 sed

146 3797 299 3861 nonnulla
314 3797 454 3860 crimine
474 3798 519 3861 uti
536 3792 720 3862 diffamatio.
738 3795 908 3865 calumnia.
927 3796 1022 3858 etiem
1046 3796 1077 3856 in
1102 3792 1174 3857 foro
1189 3793 1319 3873 eccles,
1423 3798 1424 3803 ’

149 3940 211 3985 non
233 3928 428 3987 accusantur
451 3921 509 3985 nisi
533 3921 680 3985 instante
699 3924 801 4003 parte
825 3919 916 4023 laesa
941 3918 1029 4001 (Vol.
1056 3916 1115 3997 ΙΙΙ,
1140 3936 1171 3979 n.
1196 3916 1262 3991 24).
