3350 5100
323 292 391 360 634
777 312 984 362 mossarum
1007 315 1058 364 vr.

322 434 429 490 vinarii
447 433 593 490 Generalis
614 435 771 506 prssdistss
789 436 1027 507 interrogationes
1044 442 1074 494 et
1092 437 1290 508 responsiones
1306 437 1383 492 dioto
1394 437 1509 491 Domino

322 540 452 598 Andreae
470 542 503 596 N.
518 542 638 614 perlegi:
658 547 688 600 et
706 560 769 598 eum
788 543 981 614 interrogatus
998 545 1100 600 luisset
1117 561 1154 599 an
1172 543 1262 600 vellet
1279 545 1434 617 quidquam
1450 562 1509 598 mn·

321 653 384 704 tare
396 649 441 704 vel
460 649 562 706 addere
575 654 604 706 et
618 651 816 722 respondisset,
833 651 905 705 nihil
923 651 977 706 sibi
995 668 1144 708 occurrere
1161 652 1316 707 addendum
1334 656 1509 706 autmutari·

322 759 395 828 dum,
414 759 481 833 qnia
498 760 647 816 veritatem
674 759 784 815 dixerat
806 760 864 830 (vel
889 760 1033 831 respondit
1057 761 1092 815 ed
1111 760 1265 816 Numerum
1284 760 1319 814 N.
1337 778 1370 816 se
1392 759 1511 815 ulterior

322 865 498 938 respondere,
521 877 551 922 et
575 867 614 922 ibi
639 871 761 937 ponatur
784 869 905 922 mutatio
928 868 975 926 vel
998 867 1115 940 additio)
1139 870 1233 924 iussus
1255 873 1301 924 est
1324 869 1510 924 subscribere

322 975 395 1029 Aeta
413 977 480 1030 sunt
497 972 567 1028 haee
585 973 666 1029 die...
682 973 824 1029 mensis...
844 991 956 1030 anno...

958 1099 1020 1168 ligo
1038 1099 1166 1154 Andreae
1184 1099 1219 1152 N.
1237 1098 1347 1169 depono
1366 1103 1401 1152 nt
1418 1115 1512 1168 snpra

959 1205 1019 1274 Ego
1038 1205 1072 1259 N.
1092 1203 1224 1259 vicarius
1241 1204 1399 1260 Generalis

961 1309 1022 1378 Ego
1042 1308 1075 1362 N.
1096 1310 1256 1364 Attuarius

412 1467 441 1522 Si
461 1485 579 1524 examen
596 1469 636 1523 rei
657 1485 713 1524 uno
732 1473 825 1524 tractu
844 1469 941 1538 perflui
964 1473 1102 1540 nequeat,
1120 1468 1154 1525 de
1173 1468 1380 1538 interruptione
1403 1469 1511 1524 mentio

322 1575 374 1630 flat
392 1577 423 1630 in
441 1577 520 1642 notis,
540 1575 569 1630 in
586 1573 661 1630 huno
681 1575 801 1632 modum.

412 1680 490 1735 Tune
507 1681 677 1736 reverendus
696 1681 729 1734 Ν.
749 1681 879 1735 Vioarius
898 1680 1053 1749 Generalis,
1072 1681 1207 1738 tarditate
1226 1681 1314 1736 horae
1337 1685 1511 1751 praeventus

322 1786 379 1854 (vel
396 1787 531 1856 gravibus
548 1787 672 1858 negotiis
691 1785 853 1858 impeditus)
872 1804 990 1842 examen
1015 1788 1236 1842 continuandum
1260 1789 1373 1844 remisit
1395 1788 1431 1842 ad
1450 1805 1512 1842 ora·

322 1893 426 1948 stinum
445 1894 527 1960 diem,
546 1893 623 1948 hora.
685 1893 776 1958 Quare
795 1894 975 1950 demandato
993 1895 1119 1952 eiusdem
1132 1895 1277 1950 reverendi
1293 1896 1401 1950 Vinarii
1420 1895 1511 1950 Gene-

322 2003 390 2057 ralis
408 2007 516 2073 partem
534 2003 719 2073 depositionis
737 2005 794 2058 iam
812 2004 918 2058 factm
937 2018 954 2057 a
973 2003 1049 2058 dieto
1061 2003 1175 2059 Andron
1193 2004 1227 2058 Ν.
1243 2019 1292 2058 reo
1312 2004 1365 2074 ipsi
1385 2003 1508 2074 perlegi;

322 2106 368 2162 oui
387 2113 417 2163 et
434 2107 610 2161 subscribere
635 2107 727 2161 iussus
752 2111 802 2162 est
822 2109 895 2162 Aeta
921 2113 987 2162 sunt
1004 2107 1076 2163 haee
1099 2107 1181 2164 die...
1198 2108 1338 2162 mensis...
1353 2123 1465 2162 anno...

950 2231 1011 2302 Ego
1030 2231 1157 2288 Androne
1175 2233 1209 2287 N.
1229 2231 1345 2302 deposui
1363 2237 1510 2302 utsupra.

951 2338 1012 2409 Ego
1030 2339 1064 2392 Ν.
1083 2338 1215 2393 Vinarius
1232 2337 1388 2394 Generalis

951 2444 1012 2514 Ego
1030 2443 1064 2498 N.
1083 2445 1245 2500 Aetuarius.

391 2662 508 2711 Fertne
530 2662 647 2711 ΔΠΤΕΜ
670 2662 910 2711 ΒΕΔΒΒΠΜΕΝὩΙ
933 2662 1181 2711 ΙΝΤΝΝΝΠΡΤΝΝ
1209 2663 1353 2711 ΕΧΑΝΕΝ
1380 2662 1440 2710 REI

728 2786 816 2837 HAEC
840 2786 920 2835 ESSE
946 2786 1103 2835 ΡΟΤΕΝῙΤ.

413 2942 464 2999 Die
525 2944 628 2997 mensis
688 2960 763 2998 anno
830 2944 860 2997 in
879 2944 955 2998 atrio
973 2944 1059 2998 solito
1077 2945 1221 3015 episcopii,
1233 2943 1404 3000 venulandis
1416 2945 1510 2998 musis

322 3050 521 3108 ecelesiasticis
533 3050 683 3117 destinato,
702 3051 871 3106 reverendus
882 3048 917 3104 Ν.
931 3050 1062 3105 vicarius
1070 3050 1216 3106 Generalis
1233 3052 1331 3107 volens
1343 3052 1508 3106 continuare

323 3174 440 3213 examen
466 3157 507 3212 rei
531 3157 609 3227 prius
631 3156 835 3229 interruptum,
853 3161 886 3211 ut
909 3173 1008 3226 supra,
1028 3156 1124 3212 vocari
1149 3155 1229 3212 illum
1254 3172 1349 3211 eoram
1374 3175 1405 3213 se
1429 3158 1508 3212 feeit.

324 3262 450 3319 Ulterius
469 3280 533 3319 reus
551 3263 743 3333 interrogatus
762 3263 907 3333 respondit
926 3268 957 3317 ut
978 3264 1118 3335 sequitur:
1141 3262 1182 3317 13.
1201 3262 1397 3333 Interrogatus
1409 3269 1463 3319 ete.

529 3497 644 3544 FORMA
668 3495 879 3545 PUBLIGANDI
904 3495 1089 3545 PROOESSUS
1112 3498 1301 3546 ornantem.

344 3656 346 3662 '
413 3652 558 3720 Absoluto,
579 3657 725 3724 utsupra,
744 3652 786 3709 rei
809 3655 955 3721 examine,
974 3654 1142 3710 reverendus
1159 3652 1193 3709 N.
1213 3653 1345 3709 Vicerius
1361 3652 1509 3709 Generalis

324 3760 480 3831 assignavit
498 3759 616 3815 Domino
635 3759 667 3814 N.
688 3760 841 3831 promotori
859 3759 961 3827 fisonli,
979 3775 1031 3830 pro
1050 3760 1170 3815 termino
1188 3758 1409 3817 exhibendorum
1433 3760 1510 3830 eapi-

323 3866 448 3923 tulorum
465 3865 523 3937 (vel
542 3868 571 3920 in
595 3883 699 3937 genere
722 3882 773 3937 pro
798 3866 959 3946 exhibenda
981 3866 1172 3937 postulatione
1194 3866 1392 3939 ascaloniam
1414 3866 1507 3922 sabati

323 3973 495 4044 proximum3
514 3978 599 4045 atque
618 3973 767 4028 Dominum
786 3971 819 4026 N.
839 3989 919 4027 reum
943 3972 1044 4028 citavit
1069 3973 1103 4027 ed
1122 3972 1340 4044 comparendum
1364 3972 1419 4028 boe
1446 3974 1508 4043 ipso

311 4080 398 4145 ¹dioto
416 4079 469 4147 die,
487 4078 557 4133 hora
576 4095 659 4147 nona,
675 4078 711 4133 ad
729 4075 867 4133 audienda
885 4065 946 4133 fisci
971 4076 1095 4150 capitula
1119 4083 1150 4135 et
1174 4078 1278 4134 dandas
1301 4080 1506 4151 responsiones

324 4186 397 4241 Aeta
415 4190 482 4241 sunt
499 4185 569 4242 haee
588 4186 670 4242 dis...
696 4185 835 4242 mensis...
861 4185 964 4241 anni...

1069 4293 1130 4365 Ego
1147 4293 1182 4348 N.
1201 4292 1334 4349 vicarius
1351 4292 1505 4349 Generalis.

1070 4383 1131 4453 Ego
1149 4382 1183 4437 N.
1203 4384 1363 4439 Attuarios.
