3350 5100
328 307 372 371 34
857 322 941 369 raas
965 323 987 367 1.

329 451 362 512 in
386 450 488 533 ipsum
511 443 710 518 beneficium,
736 447 804 510 sive
829 444 944 510 favore
967 447 1067 531 ipsius
1083 446 1284 532 paciscentis
1301 445 1354 510 vel
1370 445 1504 511 alterius

328 593 486 661 personae
510 573 687 660 paciscenti
710 573 897 639 benevisae.

417 695 540 762 Eadem
556 697 682 761 ratione
698 694 948 780 proscribuntur
964 695 1204 758 reservationes
1221 693 1429 776 pensionum
1448 712 1506 757 seu

327 818 679 892 fructuumbenedcii,
708 822 827 904 quiex
851 825 945 904 pacto
960 818 1012 883 vel
1037 819 1097 904 ipsi
1121 819 1307 903 paciscenti,
1331 817 1385 883 vel
1407 818 1464 881 alii
1486 837 1507 880 a

327 947 475 1014 beneficii
499 965 685 1033 possessore
708 944 870 1010 tribuendi
892 951 976 1009 sunt.

417 1071 469 1137 22.
496 1073 591 1137 Patet
612 1069 696 1155 quod
719 1071 816 1134 etiam
831 1070 914 1134 haec
930 1070 1055 1154 species
1070 1069 1225 1134 simoniae
1240 1069 1505 1150 conventionalis,

328 1201 432 1282 potest
454 1215 525 1261 esse
548 1195 653 1260 realis
676 1200 733 1260 aut
751 1195 885 1276 maetas
901 1193 958 1258 sed
980 1193 1147 1279 singulare
1170 1198 1228 1264 est.
1244 1198 1281 1258 ut
1295 1195 1508 1258 incurrantur

328 1327 438 1386 certae
461 1339 598 1406 poenae,
623 1337 695 1383 cum
720 1324 850 1404 pactum
874 1319 1083 1383 simoniacum
1107 1319 1291 1384 executioni
1318 1317 1507 1383 demandari

329 1447 482 1530 coeperit,
498 1446 649 1509 nimirum
665 1463 724 1530 per
746 1440 896 1508 beneficii
919 1443 1134 1524 collationem,
1150 1445 1296 1526 quamvis
1312 1448 1442 1528 pactum
1466 1463 1507 1507 ex

329 1571 433 1638 altera
455 1575 548 1655 parte
571 1590 635 1635 non
659 1571 701 1635 sit
722 1569 898 1655 impletum,
916 1569 1014 1634 veluti
1039 1589 1099 1653 per
1117 1568 1281 1654 pensionis
1301 1567 1506 1642 solutionem;

328 1694 381 1758 vel
412 1692 580 1778 adimpleri
611 1689 716 1757 adhuc
747 1711 811 1756 non
843 1693 952 1776 possit,
978 1711 1094 1777 nempe
1129 1711 1188 1776 per
1219 1691 1506 1756 renunciationem.

330 1818 358 1882 E
375 1823 498 1890 contra,
514 1817 546 1880 in
562 1815 633 1880 aliis
648 1815 816 1902 speciebus
836 1815 877 1880 ad
900 1815 1115 1880 incurrendas
1129 1835 1258 1900 poenas,
1277 1816 1455 1898 requiritur
1473 1817 1508 1877 nt

329 1942 502 2008 conventio
520 1942 669 2024 utrinque
683 1944 852 2024 acceptata
870 1940 984 2005 saltem
1000 1939 1128 2025 partim,
1145 1941 1306 2023 utrinque,
1323 1939 1506 2005 executioni

331 2065 393 2128 iam
418 2063 609 2128 demandata
631 2063 681 2144 sit,
706 2082 763 2127 seu
786 2063 827 2126 sit
849 2061 962 2127 realis.

419 2186 474 2252 23.
488 2187 539 2250 Ex
552 2184 645 2251 dictis
661 2185 812 2266 infertur,
820 2186 989 2249 simoniam
1000 2183 1088 2250 iuris
1102 2183 1210 2250 diuini
1226 2203 1356 2268 semper
1368 2181 1507 2270 prohibi·

330 2317 395 2378 tam
409 2331 489 2386 esse,
503 2329 564 2378 nec
576 2309 747 2376 admittere
763 2312 920 2378 materiae
932 2311 1144 2395 parvitatem
1158 2311 1233 2394 quia
1245 2310 1369 2376 malitia
1384 2313 1507 2374 nonest

330 2437 368 2502 io
385 2437 494 2520 pretio
510 2436 765 2522 permutationis,
782 2435 839 2500 sed
862 2437 895 2499 in
919 2434 987 2520 ipsa
1008 2433 1162 2501 studiosa
1183 2435 1357 2500 uoluntate
1380 2453 1505 2519 permu-

330 2564 428 2631 tandi.
438 2564 580 2631 Simonis
594 2569 701 2629 autem
713 2562 801 2627 iuris
817 2562 930 2627 eccles.
939 2560 1078 2625 admittit
1089 2562 1245 2625 materiae
1261 2561 1464 2646 parvitatem,
1477 2564 1508 2622 et

329 2708 388 2774 per
400 2687 598 2753 contrariam
610 2682 874 2752 consuetudinem
886 2685 943 2748 lex
955 2683 1179 2770 prohibitionis
1190 2683 1315 2749 auferri
1327 2683 1425 2755 valet,
1435 2700 1507 2745 nam

328 2811 520 2895 improprie
542 2811 678 2875 simonia
699 2814 757 2875 est.
782 2809 910 2875 Verum
932 2807 1049 2873 adsunt
1071 2826 1135 2871 non
1158 2825 1281 2892 paucae
1303 2808 1507 2891 quaestiones

329 2936 431 3021 quoad
448 2936 619 3001 nonnullos
631 2954 734 3009 casus,
747 2953 845 3018 quum
861 2934 992 3007 dubium
1007 2934 1102 2998 sitan
1114 2933 1281 3001 simoniam
1297 2932 1387 2998 iuris
1401 2928 1507 2997 divini

330 3062 525 3127 contineant.
539 3061 577 3125 In
594 3080 715 3145 genere
731 3060 794 3125 hoc
809 3064 960 3125 teneatur
971 3059 1179 3144 principium:
1196 3057 1358 3131 videlicet,
1371 3056 1411 3123 ad
1423 3058 1508 3121 hanc

328 3182 557 3249 incurrendam
574 3184 749 3255 simoniam,
767 3202 846 3268 opus
866 3202 937 3247 esse
953 3187 989 3247 nt
1004 3202 1047 3246 ex
1065 3200 1130 3246 uno
1151 3183 1256 3246 latere
1272 3180 1395 3264 aliquid
1418 3177 1508 3263 spiri·

329 3309 427 3388 tuale‚
451 3327 494 3372 ex
516 3307 621 3372 altero
644 3308 822 3393 temporale
846 3306 965 3391 aliquid
987 3308 1098 3370 veniat
1120 3307 1153 3369 in
1179 3307 1456 3391 permutationem.

420 3427 490 3503 Quo
514 3429 672 3515 principio
695 3428 890 3500 dissolvitur,
919 3426 1050 3492 aliunde
1075 3426 1265 3493 difficillima
1287 3428 1443 3511 quaestio,
1465 3440 1506 3485 an

330 3554 428 3637 possit
450 3553 557 3638 aliquo
581 3555 684 3639 pretio
709 3552 823 3617 redimi
847 3554 966 3617 iniusta
988 3552 1125 3618 vexatio
1148 3550 1204 3637 (1),
1223 3572 1280 3617 seu
1303 3556 1412 3616 utrum
1434 3566 1506 3633 pos-

329 3677 435 3743 sinte
458 3678 563 3743 medio
593 3678 663 3742 tolli
694 3679 812 3742 iniusta
843 3675 1070 3762 impedimenta
1100 3677 1245 3761 opposita
1274 3676 1314 3740 ab
1337 3676 1445 3760 aliquo
1467 3668 1505 3733 ad

329 3804 575 3876 assecutionem,
600 3802 653 3867 vel
681 3802 898 3867 detentionem
922 3801 1058 3867 alicuius
1081 3803 1162 3866 iuris
1191 3802 1377 3887 spiritualis,
1405 3797 1506 3863 eidem

330 3929 463 3991 vexanti
485 3926 614 4011 aliquod
628 3925 800 3992 tribuendo
816 3927 966 4011 pretium.
985 3960 1002 3973 -
1022 3928 1152 3991 Revera
1167 3946 1239 3991 cum
1255 3928 1368 4012 primis
1391 3923 1505 3988 adver·

420 4122 459 4193 (l)
477 4133 495 4177 t
514 4122 623 4177 Vocare
642 4121 696 4189 (ait
715 4120 887 4185 D'Annibile
906 4122 924 4173 l.
944 4138 968 4174 c.
988 4138 1014 4174 u.
1036 4120 1098 4193 100)
1111 4130 1152 4175 cst
1169 4122 1259 4175 alicui
1276 4137 1337 4175 esec
1356 4122 1505 4190 inferitum,

329 4230 398 4294 (sice
414 4228 544 4299 faciendo
563 4228 621 4281 sioc
640 4227 805 4299 omittendo)
819 4244 854 4280 ne
872 4228 982 4297 aliquid
1000 4228 1124 4283 retinere
1141 4228 1189 4281 vel
1204 4228 1329 4282 obtinere
1344 4224 1442 4297 possit,
1454 4235 1503 4275 seu

329 4333 478 4401 spirituale
496 4346 547 4385 seu
565 4331 737 4401 temporale*
750 4332 815 4384 ltuic
834 4332 944 4402 insenso
957 4332 1066 4403 aliquid
1081 4332 1161 4398 aare,
1171 4342 1331 4402 praestare,
1339 4328 1506 4401 promittere

329 4448 359 4491 ut
377 4438 505 4509 infensam
523 4453 583 4493 csse
601 4440 718 4501 desinat,
737 4440 915 4490 remotionem
933 4438 1075 4493 redimere
1094 4448 1134 4493 cst
1146 4456 1171 4489 ι,
