3350 5100
104 1 462 99 ,ws

498 329 541 375 na
565 328 705 376 romcns
728 328 974 376 carnmsmeos
1263 307 1327 372 159

148 451 246 518 fleant
268 457 379 517 textus
402 473 429 518 c.
454 472 481 518 c.
507 451 565 520 24.
590 451 621 515 b.
647 458 667 516 t.
693 453 726 515 X
747 453 806 532 (V,
831 452 868 535 l.)
891 459 924 516 et
957 450 1008 524 31,
1035 451 1084 516 Dc
1109 450 1273 519 Simonio.
1298 450 1332 514 X

146 578 202 656 (V,
226 577 283 660 3),
307 578 400 657 ratio,
424 578 566 660 inquam,
590 582 649 648 est,
673 579 749 660 quia
771 577 991 643 denunciatio
1015 578 1161 660 quamvis
1185 575 1329 640 extraiu·

145 702 319 780 dicialiter,
331 721 397 766 non
412 703 519 766 minus
530 721 625 785 quam
641 701 813 767 accusatio
826 707 858 764 et
869 701 1043 786 inquisitio
1058 738 1069 747 -
1082 700 1289 766 iudicialiter
1305 735 1327 772 -,

143 825 246 890 tendit
270 828 305 889 in
329 826 477 890 eumdem
501 823 608 904 finem,
632 845 748 909 nempe
773 825 900 889 scelere
923 825 1121 891 convincere
1144 821 1329 906 delinquen·

143 959 217 1022 tem
242 971 341 1036 quem
365 950 537 1018 Praelatus
567 953 594 1015 si
624 951 898 1016 admonitionibus
929 953 960 1015 in
992 952 1153 1014 saniorem
1187 955 1328 1013 mentem

145 1075 306 1141 reducere
330 1096 395 1140 non
416 1077 533 1156 valeat,
551 1077 696 1162 plectere
718 1086 815 1161 queat
832 1096 892 1160 per
908 1078 1080 1140 canonicas
1095 1095 1226 1174 poenas.
1244 1073 1329 1140 Sane

144 1201 177 1262 in
199 1201 255 1266 cit.
279 1221 355 1284 cap.
379 1201 432 1276 31,
470 1203 518 1268 De
548 1201 631 1268 Sim.
663 1202 805 1266 advertit
836 1201 1044 1301 Innocentius
1069 1201 1116 1264 lll
1145 1219 1161 1260 s
1244 1199 1328 1264 mont

142 1327 399 1393 montionem
414 1328 602 1413 thmmam
629 1327 840 1410 pnoecedere
871 1325 966 1392 debet
995 1325 1194 1408 inscriptio.
1227 1325 1276 1390 sic
1299 1329 1329 1389 et

145 1469 452 1517 nsuoucmrmrsu
475 1471 707 1518 calamistro
729 1470 918 1518 consacrio
941 1457 971 1516 et
987 1450 1240 1535 inquisitionem
1265 1451 1329 1516 cta·

142 1593 241 1642 mosa
265 1575 364 1642 debet
386 1576 571 1644 insinuatio
584 1577 791 1659 praevenire
807 1597 837 1640 a.
855 1577 947 1647 Nam,
964 1575 1054 1640 iuxta
1071 1575 1217 1660 regulam
1234 1593 1329 1639 evan-

142 1697 295 1780 gelicam,
320 1702 374 1782 qui
398 1701 536 1765 tratrem
567 1721 660 1766 suurn
693 1703 860 1786 cognoscit
888 1701 1025 1764 crimine
1056 1699 1231 1785 implicari,
1256 1718 1329 1763 eum

141 1821 321 1888 admoneat
342 1831 380 1890 ut
398 1824 457 1889 sibi
474 1825 622 1890 consulat
637 1833 670 1890 et
684 1823 873 1889 scaridalum
893 1833 1073 1898 removeam
1088 1826 1118 1888 si
1134 1830 1164 1890 te
1179 1823 1331 1890 audierit

142 1945 301 2011 loomin
324 1947 393 2013 eris
415 1947 563 2028 frenent
586 1953 692 2012 tunm.
718 1947 756 2013 Si
778 1953 893 2012 autern
918 1953 948 2012 te
970 1967 1041 2013 non
1064 1947 1256 2014 audierit...
1274 1947 1329 2014 dic

141 2069 320 2136 Ecclesiae
342 2090 401 2136 seu
428 2070 518 2135 illum
549 2071 711 2137 denuncia
740 2091 799 2136 sno
825 2073 978 2138 Praelato
1010 2073 1064 2155 qui
1088 2071 1328 2156 delinquentem

141 2198 325 2262 emendare
347 2205 484 2284 sataget.
508 2203 553 2264 At
574 2201 602 2264 si
630 2201 823 2265 monitiones
850 2202 882 2264 in
915 2221 1041 2266 cassum
1073 2199 1200 2271 cedant,
1227 2201 1329 2263 Prae-

141 2328 229 2392 latus
246 2344 295 2390 ea
311 2324 421 2408 officio
438 2327 572 2408 inquirit
587 2330 622 2389 ut
637 2326 845 2390 criminosum
861 2325 1067 2392 iudicialiter
1082 2324 1122 2390 de
1137 2347 1195 2390 suo
1211 2324 1329 2390 delicto

141 2452 322 2516 convincat
353 2467 492 2531 eumque
522 2451 635 2532 poenis
668 2449 813 2514 mulctet.
847 2449 957 2522 Quare
986 2449 1123 2514 interius
1153 2451 1186 2513 in
1217 2448 1329 2513 eodem

141 2577 253 2661 capite
278 2573 434 2638 retertur:
453 2593 471 2636 ‹
489 2574 568 2638 Cum
584 2576 685 2659 igitur
695 2574 736 2639 de
748 2574 873 2642 Abbate
888 2576 1144 2660 Pompeiano...
1162 2575 1329 2639 monachis

141 2702 182 2767 ad
206 2700 432 2786 praesentiam
456 2706 601 2764 nostram
623 2700 862 2780 accedentibus,
887 2699 1029 2784 qnidam
1053 2720 1099 2764 ecc
1120 2700 1204 2782 ipsis
1233 2699 1331 2765 nobis
1380 2680 1386 2693 ⁰

140 2828 260 2909 ipsum
290 2824 331 2888 de
353 2825 501 2904 simonia,
525 2824 681 2908 periurio,
697 2822 926 2909 dilapidatione
941 2844 980 2889 ac
996 2822 1223 2890 insufficientia
1238 2824 1329 2889 detu-
1358 2878 1362 2883 .

140 2952 267 3017 lerunt.
287 2951 410 3016 Contra
432 2968 600 3033 quoscum
624 2949 707 3014 idem
733 2948 840 3014 Abbas
857 2950 1033 3034 exciperet.
1051 2950 1135 3033 quod
1151 2950 1329 3015 denuncia-

140 3079 268 3140 tionem
295 3073 478 3139 huiusmodi
502 3073 651 3138 fraterna
674 3075 835 3137 correctio
860 3073 1036 3139 secundum
1060 3076 1207 3160 regulam
1232 3097 1329 3141 evan-

141 3202 288 3286 gelicam
303 3218 369 3263 non
386 3205 628 3282 praecesserat,
653 3204 686 3263 et
710 3198 804 3262 iidem
829 3204 1016 3265 constanter
1032 3208 1227 3271 assererent,
1246 3202 1330 3285 quod

141 3326 388 3391 correctionem
404 3324 584 3390 huiusmodi
601 3326 890 3409 praemisissent...
909 3346 939 3389 ».
957 3325 1081 3390 Verum
1099 3328 1173 3408 quia
1192 3346 1209 3389 ι
1226 3346 1330 3409 snper

144 3452 210 3517 boc
236 3450 395 3516 nondum
419 3452 621 3517 contendere
644 3449 850 3521 desistebant,
869 3470 935 3519 nos,
953 3457 989 3515 ut
1012 3450 1241 3534 praediximus
1257 3451 1329 3532 sre-

141 3576 332 3663 qnentibns
361 3575 567 3643 clamoribus
597 3576 735 3642 cantati
757 3594 803 3640 ax
837 3594 969 3640 orrrcm
998 3595 1125 3642 nosrno
1156 3595 1329 3643 vonurnus

146 3718 341 3773 inquinans
380 3698 424 3763 de
456 3698 659 3781 praemissis
684 3720 714 3762 a.
751 3699 865 3781 ltaque
904 3698 1158 3765 denunciationi
1196 3718 1260 3764 non
1296 3699 1330 3766 fir

144 3824 239 3889 locus
270 3823 373 3887 veluti
404 3824 582 3905 processui
619 3822 777 3903 iudiciali,
808 3823 865 3887 sed
900 3825 944 3887 uti
976 3828 1071 3907 aptae
1105 3824 1222 3887 rationi
1254 3844 1329 3889 con-

144 3946 302 4012 vincendi
326 3966 420 4011 reum
442 3945 482 4010 de
506 3948 643 4011 crimine
665 3946 705 4011 ad
730 3947 816 4011 illius
844 3946 1048 4011 obtinendam
1072 3946 1329 4013 emendationem

146 4090 209 4155 per
224 4070 414 4135 Praelatum
438 4076 472 4135 et
493 4074 697 4135 occasionem
720 4072 856 4156 praebet
878 4070 1091 4155 inquisitioni
1114 4072 1278 4147 iudiciali,
1303 4074 1330 4137 si

146 4191 364 4257 denunciatus
388 4198 578 4278 permaneat
600 4195 812 4259 incorrectus.
847 4230 865 4243 -
899 4196 1005 4259 Porro
1032 4193 1097 4259 huc
1128 4200 1251 4280 spectat
1273 4218 1329 4283 ap-

147 4318 255 4400 prime
276 4322 422 4402 systema
436 4318 573 4401 poenale
587 4318 766 4391 Ecclesiae,
782 4317 1036 4402 delinquentium
1052 4319 1199 4385 obtinere
1222 4340 1330 4386 emen·
1435 4380 1437 4385 ,

144 4440 327 4517 dationem
352 4440 551 4527 proindeque
573 4442 777 4508 denunciatio
801 4446 860 4513 est.
877 4443 961 4528 apud
985 4444 1174 4519 Mattheum
1192 4447 1330 4529 primum
