3350 5100
353 271 419 337 224
872 295 955 340 rans
980 293 1014 339 11.

352 415 529 498 improprie
545 413 773 484 ordinarium.
790 434 887 480 sensu
904 416 1083 500 explicato;
1101 435 1174 480 nam
1190 413 1344 480 tribunali
1365 415 1533 501 cotteqiuti

352 540 505 624 deteqato
521 537 562 602 ad
579 558 718 624 unguem
743 539 936 624 applicanda
960 545 1009 604 est
1032 541 1199 624 responsio
1223 541 1311 604 citati
1335 540 1456 622 capitis
1471 539 1529 604 26.

356 663 449 727 biodo
472 663 591 748 aliquid
614 664 794 730 distinctius
817 665 961 730 dicamus
984 665 1024 729 de
1047 665 1152 730 iudice
1174 665 1387 731 instructore.

445 789 518 854 159.
545 789 700 872 Equidem
725 792 899 854 memorari
916 790 1012 856 debet
1032 791 1139 856 iudam
1153 790 1339 857 instructor
1354 810 1411 854 seu
1427 789 1534 854 iudeo

351 931 563 994 processores.
581 916 687 999 prouti
711 914 895 1000 appellatur
910 916 1027 1000 passim
1052 916 1084 978 in
1105 917 1158 979 cit.
1176 915 1314 979 Decreta
1330 915 1534 998 Gregoriano

354 1057 412 1120 pro
428 1039 588 1102 criminali
604 1038 784 1102 ordinando
801 1059 955 1124 processu
972 1040 1056 1105 edito
1080 1059 1160 1104 auu.
1185 1039 1282 1122 1831,
1306 1041 1358 1122 qui
1379 1039 1477 1104 iudex
1501 1039 1532 1101 in

353 1181 505 1243 processu
530 1161 691 1227 criminali
716 1161 815 1227 babet
841 1163 1014 1248 specialem
1038 1166 1242 1249 gravitatem.
1268 1164 1385 1228 Munus
1411 1162 1535 1228 iudicis

351 1285 566 1352 instructoris
589 1289 651 1351 iarn
676 1289 859 1352 invenimus
883 1289 1080 1373 explicatum
1105 1291 1137 1352 in
1163 1287 1385 1354 Decretalibus
1401 1295 1435 1352 et
1450 1308 1533 1352 oom-

353 1409 483 1472 missum
507 1410 730 1491 auditoribus,
755 1430 824 1497 arg.
851 1433 878 1477 c.
896 1433 923 1478 c.
941 1411 984 1476 13
1007 1411 1056 1478 De
1079 1413 1269 1478 renunciat.
1295 1413 1328 1476 X
1348 1411 1533 1496 (1,9);27.
1633 1487 1634 1490 Ἴ

352 1537 374 1614 ,ξ
397 1533 431 1604 2,
449 1533 499 1600 De
522 1537 577 1619 off.
594 1536 665 1601 iud.
682 1537 891 1632 deteq.X(1‚
909 1537 975 1622 29).
997 1547 1029 1602 et
1054 1537 1218 1603 auditores
1240 1537 1393 1622 appellati
1416 1542 1494 1601 sunt
1515 1556 1535 1599 a

353 1659 486 1724 testibus
503 1661 684 1726 audiendis
700 1668 734 1726 et
749 1664 889 1746 partium
905 1663 1174 1748 atteqatiouibrcs.
1190 1663 1321 1728 Revera
1335 1665 1535 1748 potissimum

354 1785 385 1846 iu
410 1786 501 1849 curia
524 1805 658 1849 romana
681 1793 807 1872 partem
837 1785 1000 1880 habebant
1029 1789 1194 1856 auditores
1218 1787 1306 1872 (Vol.
1331 1789 1373 1858 ΙΙ.
1398 1807 1430 1851 n.
1460 1787 1534 1870 42);

294 1960 298 1968 .
352 1911 386 1972 tn
403 1911 502 1974 curiis
517 1916 622 1974 autem
647 1910 848 1977 dioecesanis
864 1881 1073 1996 reperiuntur
1088 1931 1275 1980 assessores
1290 1933 1346 1978 seu
1363 1912 1535 1996 officiales.

354 2035 406 2098 Ex
421 2035 512 2099 hisce
527 2034 716 2101 officialibus
739 2037 859 2122 prodiit
883 2039 1036 2102 Vicarius
1058 2039 1232 2106 Generalis
1247 2039 1300 2122 qui
1321 2046 1353 2104 et
1375 2037 1537 2124 Officiclis

353 2158 460 2223 adhuc
484 2167 689 2247 nuncupatur
711 2162 801 2242 (Vol.
821 2163 864 2237 ΙΙ,
882 2183 913 2226 n.
931 2163 1021 2248 337),
1037 2164 1163 2229 Verum
1189 2167 1222 2228 in
1246 2163 1405 2250 agitandis
1428 2163 1537 2228 causis

354 2285 583 2357 criminalibus,
608 2289 684 2371 quia
705 2288 811 2352 forma
834 2308 915 2372 pura
932 2289 1147 2354 accusatorio
1170 2292 1203 2353 in
1228 2309 1319 2355 more
1341 2309 1405 2353 non
1429 2293 1480 2354 est
1503 2294 1537 2352 et

353 2406 459 2472 forma
482 2429 563 2494 pure
583 2411 782 2495 inquisitiva
805 2417 854 2476 est
877 2413 976 2476 veluti
993 2413 1287 2486 eutraordinaria,
1305 2413 1536 2496 frequentatur

354 2531 460 2598 torma
474 2534 585 2601 mictu
597 2556 640 2600 ex
651 2537 858 2603 accusatione
874 2542 907 2603 et
917 2537 1141 2622 inquisitione;
1158 2538 1191 2602 in
1208 2558 1271 2622 qua
1286 2537 1394 2605 iridem
1408 2537 1535 2603 instric-

354 2664 426 2738 otor
448 2664 498 2725 ast
513 2662 722 2746 magistratus
738 2661 897 2748 praebens
917 2682 1050 2749 operam
1067 2669 1133 2727 tum
1157 2662 1253 2727 iudici
1270 2670 1336 2727 tum
1353 2664 1536 2747 promotori

353 2780 466 2847 fiscali.
484 2784 612 2851 Etenim
627 2786 823 2866 instructor,
841 2786 981 2851 instante
1001 2792 1057 2851 aut
1072 2786 1177 2851 iudice
1194 2786 1359 2851 ordinario
1382 2790 1438 2851 aut
1461 2806 1536 2871 pro·

354 2915 478 2974 motore
501 2907 612 2980 fiscali.
637 2910 775 2976 instituit
800 2912 1037 2993 inquisitionem
1064 2912 1161 2975 etiam
1191 2910 1477 2993 specialissimam
1500 2916 1536 2974 ut

354 3034 486 3119 colligat
500 3034 724 3119 probationum
741 3041 913 3117 momenta,
930 3036 1045 3119 quibus
1062 3056 1137 3101 reus
1153 3036 1289 3100 crimine
1310 3036 1536 3100 convincatur.

354 3160 435 3223 Nam
455 3180 498 3224 ex
517 3180 582 3225 una
603 3167 696 3246 parte
720 3165 887 3245 promotor
910 3159 1038 3233 fiscalis,
1063 3163 1208 3245 quamvis
1231 3166 1265 3225 et
1288 3161 1356 3245 ipse
1381 3161 1534 3243 inquirat.

353 3293 461 3349 amen
472 3304 538 3349 nou
550 3285 650 3351 habet
661 3284 913 3351 iurisdictionem
926 3305 983 3351 seu
996 3287 1130 3350 mixtum
1145 3286 1315 3370 imperium
1329 3288 1537 3370 interponan-

353 3410 428 3475 dum
444 3412 477 3474 in
493 3410 682 3496 colligendis
699 3410 856 3478 eiusmodi
873 3410 1124 3497 probationibus,
1141 3411 1196 3495 (cf.
1214 3410 1290 3475 Vol.
1309 3412 1334 3483 Ι,
1353 3432 1385 3474 n.
1404 3412 1442 3475 41
1464 3410 1537 3495 sq),

354 3536 515 3617 quocirca,
529 3556 589 3620 pro
606 3535 761 3600 eiusmodi
776 3534 1020 3619 interponendis
1032 3534 1166 3616 actibus,
1181 3540 1333 3599 recurrat
1352 3531 1482 3619 oportet
1496 3534 1539 3598 ad

354 3660 465 3724 iudicis
489 3662 720 3735 ministerium;
745 3680 788 3724 ex
811 3660 875 3725 alia
898 3666 990 3744 parte
1016 3658 1122 3733 iudex,
1148 3661 1201 3743 qui
1226 3660 1418 3725 sententiam
1445 3658 1538 3723 ferre

353 3784 447 3850 debet
459 3782 666 3856 definitivam.
677 3791 785 3869 posset
796 3785 912 3850 haberi
920 3788 1011 3869 quasi
1023 3790 1191 3869 suspectus
1199 3804 1296 3868 quum
1309 3784 1378 3868 ipse
1391 3783 1537 3849 iudicare

354 3908 469 3975 debeat
493 3910 533 3975 de
549 3910 634 3976 actis
656 3914 687 3975 ct
705 3908 862 3993 probatis
877 3928 897 3973 a
912 3928 947 3973 se
963 3908 1130 3973 contectis.
1150 3907 1278 3971 Exinde
1294 3912 1537 3992 peropportune

354 4036 560 4100 constituitur
581 4034 690 4100 iudeo
715 4034 902 4099 instructor
925 4034 978 4116 qui
1002 4031 1167 4101 incumbit.
1195 4033 1336 4096 instante
1360 4038 1394 4097 et
1417 4030 1539 4116 advigi-

353 4160 441 4223 lante
464 4164 649 4245 promotore
664 4157 777 4238 fiscali,
798 4160 830 4223 in
852 4156 1058 4243 probationes
1082 4156 1288 4241 colligendas.
1308 4157 1440 4222 Revera
1456 4158 1540 4223 Inst-

353 4283 406 4345 cit
424 4282 490 4346 Eli.
509 4287 542 4346 et
558 4282 628 4347 aa.
647 4284 678 4346 in
694 4286 758 4345 art.
779 4280 931 4346 recavet
948 4300 965 4342 ‹
982 4280 1168 4346 Processus
1192 4278 1357 4361 confectio
1374 4280 1539 4345 committi

350 4408 461 4487 potest
487 4402 593 4469 alicui
610 4402 721 4485 probo
745 4407 848 4486 atque
876 4400 1000 4467 idoneo
1023 4401 1099 4466 viro
1123 4400 1355 4473 eccwmarticc
1380 4400 1540 4466 wirnto
