3350 5100
328 312 395 378 :342
836 330 920 377 enas
944 330 995 376 ιιι.

330 458 410 521 item
425 462 458 520 et
473 454 576 538 quoad
600 474 755 538 personas
777 454 928 519 iudicium
952 456 1182 520 constituentes
1205 460 1262 517 aut
1285 454 1504 538 ingredientes

328 589 360 645 et
382 579 486 665 quoad
509 586 583 644 acta
606 598 664 643 seu
686 584 805 663 partes,
828 579 945 663 quibus
967 580 1150 643 necessario
1173 577 1324 643 iudicium
1347 576 1503 642 coalescit

326 713 360 772 et
390 707 562 770 instruitur
592 705 780 785 criminale,
810 724 850 768 ea
879 704 1155 769 consideravimus
1185 722 1268 787 quae
1303 705 1394 769 istius
1429 706 1504 766 sunt

328 835 468 917 propria,
485 838 519 896 et
533 832 719 915 discrepant
733 851 754 895 a
769 831 887 896 iudicio
910 831 994 897 civili
1010 865 1027 877 ·
1042 829 1138 894 Modo
1154 828 1355 894 discedentes
1373 849 1394 892 a
1413 846 1502 895 wm-

327 958 425 1021 mum'
446 958 578 1023 notione
601 962 634 1021 et
656 961 821 1023 structura
844 954 950 1021 iudicii
974 956 1090 1021 eccles.
1115 955 1302 1025 criminalis,
1322 953 1504 1019 accedimus

328 1082 368 1146 ad
391 1082 572 1167 specialem
594 1083 829 1153 tractationem,
847 1100 910 1165 qua
929 1083 1091 1146 evolvitur
1112 1082 1179 1147 teia
1198 1080 1326 1155 iudicii,
1343 1100 1401 1145 seu
1422 1098 1504 1143 com-

328 1206 443 1291 plexus
457 1212 491 1271 et
504 1207 606 1271 series
620 1212 778 1279 actorum,
795 1206 879 1271 unde
894 1206 1047 1271 coalescit
1062 1205 1212 1271 iudicium
1228 1205 1397 1269 criminale
1414 1204 1504 1269 iuxta

329 1332 467 1398 citatam
491 1332 749 1396 instructionem.

416 1457 493 1522 269.
517 1457 674 1541 Equidem
696 1458 734 1523 in
753 1458 1007 1542 prolepomcois
1032 1458 1264 1541 explicavimus
1286 1458 1444 1541 originem
1468 1461 1502 1521 et

328 1588 475 1647 naturam
503 1601 685 1665 processus
714 1583 832 1662 mixti,
856 1582 1064 1648 advertentes
1098 1602 1180 1666 pene
1211 1584 1399 1647 innumeras
1422 1579 1501 1667 fingi

330 1726 422 1792 posse
443 1706 600 1792 speciales
622 1706 718 1773 huius
743 1724 915 1791 processus
941 1705 1062 1769 formas
1085 1704 1140 1789 (cl.
1157 1725 1255 1790 supra
1270 1726 1301 1768 n.
1322 1704 1397 1789 113)
1420 1724 1503 1789 quae

328 1827 590 1895 determinandae
613 1835 708 1894 erant
729 1850 750 1894 a
772 1832 844 1895 iure
862 1830 1007 1915 positivo.
1029 1830 1201 1895 instructio
1218 1830 1320 1895 citato
1343 1848 1407 1893 non
1431 1848 1504 1914 pro·

329 1954 439 2021 fitetur
453 1956 617 2039 expressis
631 1954 751 2033 verbis,
766 1974 802 2019 se
817 1975 1004 2039 processum
1020 1975 1124 2040 neque
1143 1976 1235 2039 pure
1251 1955 1503 2023 mosonium

327 2102 432 2167 neque
443 2100 534 2165 pure
552 2083 787 2168 inquisitioum
801 2084 1017 2167 proposuisse.
1031 2082 1087 2147 sed
1103 2084 1203 2149 veluti
1219 2083 1377 2157 mictum,
1394 2084 1500 2168 prouti

328 2205 436 2271 nuilus
458 2210 744 2270 commentatorum
767 2204 875 2270 adhuc
897 2208 1045 2277 asseruit,
1069 2226 1128 2290 per
1151 2206 1289 2273 citatam
1313 2207 1391 2270 lnst.
1415 2204 1505 2269 indu·

328 2337 415 2398 ctum
446 2330 545 2395 fnisse
575 2349 758 2414 processum
789 2331 961 2412 mimium
983 2330 1038 2395 sed
1066 2350 1109 2396 ex
1134 2350 1197 2395 una
1220 2338 1313 2415 parte
1336 2350 1400 2395 non
1431 2336 1503 2396 erat

327 2452 467 2520 officium
483 2454 645 2538 Principis
668 2455 760 2519 istam
784 2454 1009 2521 doctrinalem
1029 2454 1264 2521 distinctionem
1281 2432 1500 2529 denunciare;

328 2580 460 2645 exalia
486 2585 578 2664 parte
605 2578 749 2644 eamdem
779 2578 953 2645 advertere
979 2585 1012 2645 et
1039 2581 1181 2646 intimius
1203 2580 1411 2646 considerare
1434 2599 1501 2644 ma·

327 2724 472 2791 gnopere
493 2709 636 2790 praestat
659 2680 718 2789 pro
742 2711 833 2769 recta
863 2705 1079 2790 explicatione
1109 2710 1142 2770 et
1172 2705 1259 2770 facili
1287 2705 1501 2790 applicatione

328 2830 481 2897 eiusmodi
504 2848 674 2915 processus
697 2829 775 2894 inibi
798 2830 947 2896 ordinati.
972 2831 1122 2896 Ceterum
1145 2829 1266 2914 absque
1288 2830 1502 2896 haesitatione

326 2971 476 3017 asserere
498 2950 611 3031 audeo,
634 2951 783 3017 mictum
803 2971 989 3036 processum
1012 2952 1157 3017 ordinari
1181 2952 1234 3018 cit.
1248 2949 1339 3018 'lost
1361 2953 1436 3035 quia
1454 2952 1502 3016 uti

326 3076 477 3142 adnotavi
504 3083 537 3142 et
564 3077 687 3142 clarius
714 3076 802 3141 inira
828 3076 965 3163 patebit,
990 3097 1032 3142 ex
1055 3082 1210 3142 contextu
1238 3076 1301 3142 hoc
1332 3075 1501 3142 evidenter

327 3202 463 3266 eruitur.
481 3235 499 3248 -
519 3202 629 3284 Neque
652 3203 780 3265 omnino
804 3173 887 3266 nova
906 3206 939 3265 et
957 3203 1083 3266 insueta
1097 3201 1169 3268 foro
1185 3202 1301 3266 eccles.
1318 3200 1401 3266 haec
1417 3204 1499 3266 ratio

328 3324 520 3410 procedendi
544 3323 680 3389 dicenda
703 3330 762 3407 est,
790 3331 823 3389 et
845 3325 908 3390 hoc
931 3327 1026 3390 etiam
1050 3325 1187 3390 adverti.

416 3449 491 3515 270.
518 3451 658 3516 intentio
681 3449 714 3515 S.
739 3449 1006 3535 Congregationis
1035 3450 1110 3532 fuit,
1134 3451 1339 3536 suppeditare
1371 3470 1501 3516 normas

326 3572 520 3659 procedendi
540 3574 773 3640 oeconomicus
788 3595 845 3639 seu
860 3576 1069 3641 summarios
1084 3577 1130 3640 uti
1144 3575 1325 3640 advertitur
1349 3577 1381 3639 in
1400 3578 1499 3657 prod·

326 3697 395 3765 mio
426 3703 459 3763 et
484 3698 626 3782 explicat
648 3704 709 3764 art
735 3699 784 3763 IX
810 3721 829 3761 ‹
852 3699 1120 3764 Animadvertant
1146 3699 1312 3766 Ordinarii
1336 3701 1498 3785 praesenti

327 3822 552 3888 instructione
582 3821 665 3885 haud
698 3820 886 3906 derogatum
923 3841 993 3886 esse
1024 3821 1214 3887 iudiciorum
1246 3821 1501 3887 solemnitatibus

326 3966 386 4032 per
407 3967 432 4011 s.
457 3965 607 4025 canones,
631 3965 691 4030 per
720 3947 921 4030 Apostolicas
944 3945 1192 4013 constitutiones
1220 3953 1253 4011 et
1278 3947 1358 4012 alias
1382 3947 1499 4012 eccles.

324 4072 548 4156 dispositiones
577 4071 732 4144 inductis,
763 4077 923 4155 quatenus
956 4071 1087 4136 eaedem
1121 4071 1223 4138 libere
1259 4069 1499 4156 efficaciterque

325 4194 482 4281 applicari
505 4201 641 4279 queant3
657 4195 713 4262 sed
729 4195 971 4263 oeconomicus
992 4195 1128 4278 somnae
1143 4197 1313 4262 consulere
1330 4197 1502 4262 intendunt

326 4320 390 4384 illis
413 4319 540 4386 casibus
562 4323 724 4404 curiisque
739 4321 773 4386 iu
793 4321 906 4404 quibus
921 4320 1082 4386 solemnes
1096 4341 1267 4406 processus
1282 4327 1338 4386 aut
1352 4320 1500 4387 adhiberi

325 4451 487 4528 nequeant
509 4453 566 4511 aut
589 4465 652 4510 non
676 4445 831 4531 expedire
850 4445 1066 4511 videantur».
1084 4446 1208 4512 Verum
1232 4446 1338 4513 lorma
1360 4466 1498 4520 oecono-
