3350 5100
352 289 420 355 250
871 309 956 358 raas
979 304 1016 356 11.

340 433 453 500 banis
473 431 672 515 peremptio,
688 451 771 516 quae
794 437 844 498 est
865 432 1048 518 petieratis,
1065 432 1093 496 si
1116 451 1136 496 a
1156 432 1311 516 Principe
1334 429 1531 496 concedatur
1633 439 1634 472 ³

352 573 396 620 ex
418 575 477 620 sua
498 554 708 640 indulgentia.
725 555 784 621 Est
805 554 963 638 specialis
986 574 1069 640 quae
1091 553 1224 620 decerni
1247 559 1376 639 poterat
1393 573 1414 618 a
1431 553 1529 617 Prae·

352 679 481 754 sidibus,
498 683 525 746 si
539 685 710 745 accusator
724 681 869 766 legitima
884 680 924 747 de
939 699 1038 747 causa
1057 679 1282 766 expostulabat
1299 678 1380 745 solvi
1395 677 1435 743 ab
1455 676 1531 744 obli·

343 807 481 892 gatione
504 806 749 891 prosequendae
771 807 986 872 accusationis
1006 827 1067 892 per
1081 806 1326 890 inscriptionem
1350 809 1530 888 susceptae.

352 931 489 1017 Lepatis
506 931 669 1017 appellata
690 937 740 997 est
762 932 894 998 abolitio
919 948 1001 1016 quae
1024 929 1158 1017 lege-tit,
1174 937 1310 998 mortno
1334 934 1532 997 coronatore

352 1057 413 1129 eet,
430 1075 475 1122 ea
500 1058 591 1122 insta
613 1077 728 1127 caasa,
745 1055 908 1139 impedito
934 1057 1117 1138 quominus
1132 1075 1297 1123 acaaare
1308 1055 1417 1138 possit
1424 1073 1438 1136 ,·
1452 1073 1530 1138 arq.

352 1181 373 1246 t.
397 1180 451 1261 10,
473 1181 561 1262 prot.
586 1180 638 1244 cit.
672 1180 718 1244 tit.
742 1215 761 1228 -
787 1179 835 1245 cf.
862 1180 1039 1244 Herrman.
1065 1179 1118 1246 De
1140 1177 1320 1246 abolitione
1345 1177 1531 1246 criminum

352 1324 394 1371 aa
416 1304 661 1370 sententiarum
686 1305 763 1369 iare
789 1322 888 1378 rom..
913 1304 1051 1390 Lipsiae,
1079 1303 1175 1368 1834.

442 1430 518 1494 lure
534 1429 650 1494 eccles.
667 1428 860 1496 abolitionis
882 1448 1000 1494 nomen
1024 1449 1089 1493 non
1113 1433 1298 1513 usurpatur,
1316 1426 1372 1492 sed
1389 1428 1438 1490 rei
1459 1424 1531 1493 sub·
1633 1509 1634 1512 Ἴ

351 1555 469 1620 stantia
491 1573 556 1620 non
580 1553 679 1618 deest.
693 1589 708 1600 -
726 1555 854 1619 Etenim
881 1559 914 1618 et
937 1555 1095 1638 Princeps
1110 1573 1291 1638 supremus,
1307 1573 1364 1617 seu
1382 1554 1484 1637 Papa,
1501 1559 1533 1616 et
1633 1527 1634 1538 ³

352 1680 411 1765 ipsi
434 1680 594 1764 Episcopi,
619 1680 672 1761 qui
697 1680 730 1742 in
754 1699 812 1744 sua
836 1679 975 1744 dioecesi
1000 1678 1123 1745 babent
1153 1697 1290 1744 meram
1319 1683 1352 1742 et
1380 1677 1531 1742 maetam
1633 1731 1634 1770 ἐ

350 1805 537 1888 imperinm
559 1802 647 1885 (Vol.
674 1804 698 1875 1,
723 1825 756 1883 n,
780 1803 835 1883 41)
861 1809 993 1887 possunt
1014 1803 1166 1889 pratiam
1181 1802 1299 1885 facere
1320 1801 1533 1904 promeritae

352 1947 484 2015 poenae.
502 1927 563 1994 Sed
579 1929 756 2012 Episcopus
770 1929 921 2014 praticae
936 1927 1055 2010 faeere
1071 1947 1138 1992 non
1154 1933 1260 2013 potest
1275 1929 1335 1992 uisi
1352 1925 1411 1992 sub
1428 1928 1529 1993 certis

341 2050 594 2121 conditionibus,
619 2069 702 2134 quae
724 2057 873 2135 spectant
894 2051 935 2115 ad
959 2056 1149 2137 potastatem
1177 2051 1401 2134 dispensandi
1428 2054 1461 2117 et
1488 2049 1530 2114 ad

351 2176 506 2260 speciales
527 2194 659 2239 normas
686 2175 807 2240 ordinis
835 2175 1004 2241 iudicialis.
1036 2177 1117 2241 Nam
1148 2179 1180 2241 in
1213 2175 1330 2241 iudicio
1361 2181 1534 2240 accusato-

351 2300 401 2363 rio
430 2299 527 2363 iudex
556 2299 740 2363 ordinarius
772 2305 892 2384 potest,
922 2282 1003 2364 iusta
1035 2299 1073 2364 de
1105 2319 1219 2380 causa,
1252 2300 1391 2383 aliquem
1422 2297 1534 2362 absol·

350 2444 430 2488 vere
455 2444 475 2486 a
502 2443 637 2488 munere
664 2425 907 2508 prosequendae
934 2425 1161 2498 accusationis;
1192 2445 1262 2510 arg.
1295 2443 1370 2506 cap.
1399 2423 1452 2496 14,
1479 2423 1530 2488 De

351 2568 460 2614 arcas.
478 2547 511 2613 X
528 2546 583 2633 (V,
603 2546 645 2634 ll.
671 2547 763 2614 Haec
778 2555 827 2614 est
841 2550 972 2615 abolitio
994 2548 1160 2632 specialis.
1182 2584 1193 2596 ·
1220 2547 1334 2620 Hodie,
1359 2568 1420 2634 per
1441 2537 1530 2613 hanc

350 2672 554 2737 abolitionem
570 2674 748 2759 Episcopus
765 2680 981 2758 promotorem
997 2672 1140 2739 fiscalem
1159 2676 1272 2739 eximit
1295 2673 1334 2737 ab
1351 2692 1452 2739 onere
1472 2694 1533 2738 suo
1633 2694 1634 2719 ³

349 2799 526 2864 institutam
539 2799 776 2881 inquisitionem
787 2804 844 2863 aut
855 2800 1097 2864 accusationem
1110 2800 1247 2865 ulterius
1259 2795 1495 2883 prosequendi(
1503 2800 1532 2881 l)
1633 2822 1634 2877 ς

349 2920 519 2985 dummodo
542 2924 724 2987 consentiat
745 2928 924 2989 acmtsatas
946 2929 1042 3007 atque
1067 2923 1098 2987 id
1122 2924 1308 3007 expostulet
1330 2922 1449 2987 bonum
1473 2943 1532 3006 pu·

349 3043 476 3109 blicam.
503 3046 583 3109 Nam
607 3046 634 3109 si
656 3050 837 3111 accusatas
860 3044 1001 3117 conlidit,
1027 3067 1061 3111 se
1085 3046 1297 3132 probaturum
1322 3066 1412 3111 suam
1435 3048 1532 3109 inno·

349 3171 498 3241 centiam,
512 3189 668 3255 respuere
680 3177 785 3255 potest
796 3173 948 3258 qratiam
960 3178 1015 3237 aut
1028 3174 1326 3256 dispensationem,
1338 3192 1420 3257 quae
1429 3174 1531 3237 inter·

349 3293 455 3357 mittat
469 3297 728 3377 prosecutionem
751 3296 946 3380 cognitionis
970 3296 1138 3361 iudicialis.
1155 3331 1171 3344 -
1189 3294 1298 3380 Ipsum
1313 3315 1392 3361 vero
1411 3296 1531 3363 bonurn
1633 3276 1634 3313 ³

343 3417 522 3501 publicam
533 3419 704 3503 aliquando
716 3422 819 3507 magis
835 3426 970 3506 exoptat
985 3440 1110 3506 poenae
1128 3422 1365 3488 relaxationem
1382 3426 1415 3485 et
1429 3424 1530 3488 actio-

348 3544 399 3607 nis
421 3541 627 3607 abolitionem
649 3564 706 3608 seu
728 3546 880 3630 qratiam
901 3564 996 3629 quam
1021 3564 1169 3611 severam
1194 3564 1318 3629 poenae
1341 3546 1531 3632 applicatio-

348 3687 441 3748 nem3
457 3672 490 3731 et
512 3668 595 3732 haec
618 3673 668 3732 est
684 3671 767 3733 ratio
782 3670 920 3736 iuridica
935 3671 1032 3736 huius
1056 3670 1339 3738 extraordinariae
1362 3673 1531 3757 potestatis
1546 3656 1551 3664 ¹

346 3793 380 3855 in
405 3790 663 3858 moderatoribus
686 3793 918 3880 reipublicae.

436 3913 578 3981 Abolitio
600 3920 771 4002 peneratis
793 3917 829 3983 fit
860 3932 920 4004 per
945 3919 1199 4004 dispensationes
1223 3924 1279 3984 aut
1301 3920 1529 3995 absolutiones,

348 4037 436 4123 (Vol.
454 4043 515 4114 ΙΙΙ,
532 4062 563 4106 n.
583 4044 647 4107 103
665 4046 726 4127 sq.)
742 4063 826 4128 quae
847 4065 867 4109 a
888 4044 918 4111 S.
945 4043 1103 4111 Pontifioe
1126 4044 1288 4131 impertiri
1313 4051 1447 4129 possunt
1470 4065 1528 4130 pro
1633 4132 1634 4143 ἵ

347 4165 501 4232 universa
515 4167 673 4232 Ecclesia.
691 4168 763 4233 Huc
778 4174 925 4255 spectant
939 4170 1076 4235 iadntta
1090 4169 1205 4255 quibus
1223 4170 1433 4235 resolvuntur
1448 4166 1527 4236 effe·

347 4290 419 4352 ctus
441 4287 593 4372 poenales
612 4308 655 4354 ex
671 4288 868 4375 indulgentia
885 4291 1058 4377 Principis.
1077 4292 1245 4377 Episcopis
1259 4296 1367 4358 autem
1383 4297 1525 4377 potestas

436 4444 476 4516 (l)
494 4445 562 4501 lusi.
580 4446 627 4500 cit.
647 4448 729 4516 Prag.
748 4452 786 4514 δὲ
807 4448 900 4503 55-57.
