3350 5100
472 299 518 345 os
540 298 680 347 runicus
704 298 947 348 csmtastlsas
1237 281 1305 349 253

140 427 202 508 pust
215 419 399 488 diuturnum
420 427 547 508 tempus
562 421 722 491 difficilius
738 426 946 510 experiretur
961 444 1050 490 suam
1070 423 1302 492 defensionem.

140 546 302 610 Nsmiure
313 546 475 612 criminali
487 546 635 632 probatio
646 549 845 632 potissimum
857 547 1020 614 obtinetur
1031 567 1091 634 per
1102 555 1211 624 testea
1222 550 1304 616 atlri

136 690 300 757 progressu
321 673 477 757 temporis
489 673 542 737 vel
558 671 718 739 decedunt
732 672 786 747 pel
797 672 886 740 facta
897 673 1140 739 obliviscuntur.
1159 676 1303 742 Testium

135 801 231 860 sutem
245 796 353 861 facilis
368 804 418 863 est
433 800 619 882 corruptia;
636 800 790 882 quocirca
804 801 832 864 si
848 804 1020 865 accusator
1035 819 1116 864 auro
1140 805 1173 864 et
1195 820 1303 866 mune

134 921 214 986 ribus
235 930 402 1009 comparet
416 923 476 988 sibi
489 927 591 989 testea
606 931 640 989 et
654 923 729 990 data
744 944 845 1010 opera
858 921 989 990 differet
1002 943 1160 992 accusare
1175 925 1304 1009 quando

134 1054 275 1113 accusata
289 1047 427 1133 amplius
449 1067 514 1112 uon
537 1055 712 1135 suppetunt
734 1054 833 1116 testas
848 1051 880 1114 iu
904 1069 995 1115 suam
1019 1049 1250 1123 defensionem,
1266 1047 1304 1114 fit

134 1178 164 1234 ut
179 1170 321 1236 insontes
334 1171 422 1236 cives
434 1170 531 1236 facile
543 1173 717 1256 patiantur,
732 1191 934 1256 quacumque
947 1171 1089 1238 destituti
1102 1169 1302 1245 defensioue,

134 1295 394 1362 calumniatorum
415 1295 548 1361 fraudes
581 1304 614 1362 et
636 1298 754 1362 odium.
779 1297 860 1364 Inde
883 1301 1060 1364 necessitas
1087 1297 1301 1386 praefiniendi

134 1423 247 1504 tempus
269 1421 430 1486 exercitio
452 1422 589 1486 actionis
612 1423 791 1488 criminalis
820 1441 903 1506 quea
933 1424 1105 1508 prospicit,
1130 1425 1162 1486 in
1190 1425 1303 1508 primis

134 1541 206 1606 bono
227 1543 369 1629 publico,
385 1549 442 1610 seu
458 1546 580 1610 tutelae
602 1547 741 1611 inservit
762 1541 914 1612 iustitiae.
931 1545 1069 1621 -Quare
1086 1567 1149 1612 non
1174 1547 1303 1614 videtur

133 1667 288 1750 probanda
314 1668 445 1734 illorum
472 1671 592 1754 opinio,
616 1671 670 1754 qui
695 1670 900 1737 arbitrantur
922 1665 1191 1754 praesumendum
1217 1691 1299 1744 esse,

134 1793 210 1858 ciues
232 1794 447 1860 renunciasse
470 1795 653 1879 exceptioni
669 1795 935 1879 praescriptionis
950 1795 1011 1859 nisi
1035 1792 1122 1860 illarn
1139 1793 1302 1862 obiiciant.

133 1916 256 1991 Verum,
281 1936 302 1983 e
324 1923 449 1989 contra,
474 1911 557 2001 quae
580 1917 729 1983 ordinata
750 1921 826 1982 sunt
853 1919 885 1982 in
913 1917 1031 1983 bonum
1059 1917 1232 2002 publicum,
1257 1935 1304 1984 eac

134 2041 229 2123 officia
251 2062 273 2107 a
295 2041 402 2107 iudice
432 2040 614 2107 invocanda
636 2050 711 2107 sunt
733 2042 789 2126 (l).

213 2168 285 2232 188.
303 2167 442 2232 Romani
458 2169 637 2232 institutum
660 2167 925 2252 praescriptionis
948 2158 1044 2232 antea
1060 2167 1225 2234 inductum
1240 2187 1302 2253 pro

132 2292 302 2359 actionibus
320 2292 474 2359 civilibus
488 2291 708 2358 extenderunt
729 2294 849 2356 sensim
872 2291 913 2358 ed
930 2311 999 2358 rem
1016 2292 1230 2360 criminalem
1238 2313 1252 2376 ;
1268 2299 1301 2358 et

133 2417 256 2482 uualuit
277 2419 473 2503 principium
497 2416 581 2501 quad
596 2419 783 2483 continetur
797 2419 860 2504 leq.
883 2418 935 2499 12,
962 2417 1041 2484 Cod.
1059 2417 1116 2482 Ad
1140 2419 1202 2503 lep.
1223 2417 1298 2484 Car.

132 2541 176 2609 De
193 2542 334 2625 falsos«
354 2542 498 2617 Querela
519 2543 602 2627 falsi
617 2542 861 2627 temporalitas
880 2540 1209 2627 praescriptionibus
1228 2562 1300 2611 aaa

209 2826 248 2897 (1)
268 2827 335 2881 slis
346 2826 547 2897 consequentia
559 2842 630 2897 quas
642 2826 704 2880 fluit
717 2826 872 2881 exustione
886 2824 996 2894 poenali
1010 2824 1237 2895 praescriptionis
1249 2828 1302 2891 est,

133 2946 180 2983 uon
195 2932 306 2987 admitti
324 2937 560 3003 assumptionem
578 2934 615 2987 ab
633 2932 730 3004 aliqua
747 2937 812 2987 asta
830 2930 1033 3002 processuralia3
1052 2947 1132 2986 secus
1149 2930 1178 2984 in
1198 2930 1303 2985 abitrio

133 3040 197 3090 eust
218 3038 393 3093 accusatoris
416 3037 541 3108 effugere
559 3038 616 3091 rim
639 3037 876 3107 praescriptionis.
896 3036 1027 3093 Ceterum
1050 3034 1148 3104 regula
1167 3066 1183 3076 -
1203 3046 1300 3091 comm

133 3159 180 3196 noa
196 3146 337 3201 calmem
354 3161 517 3217 accressere
536 3149 627 3200 currit
642 3148 829 3216 praescriptio
844 3174 858 3185 -
877 3160 933 3199 non
952 3144 1021 3198 facit
1039 3142 1073 3197 ad
1092 3159 1150 3197 rem
1170 3143 1302 3199 crimina·

133 3247 188 3303 lem.
200 3280 215 3292 ·
227 3253 347 3307 Admitti
366 3257 461 3307 autem
475 3258 568 3323 potest
579 3254 731 3323 suspensio.
745 3251 785 3306 cf.
798 3251 918 3305 Carras-e
936 3255 954 3317 ἓ
973 3250 1034 3305 718.
1046 3280 1059 3292 ·
1072 3250 1203 3306 Ceterum
1216 3266 1301 3306 nemo

133 3374 179 3411 uon
196 3361 278 3429 videi,
298 3377 350 3415 uos
367 3360 504 3416 hactenus
522 3360 686 3416 disseruisse
706 3361 739 3415 de
756 3360 817 3416 iure
836 3362 1028 3415 constituenda
1050 3377 1099 3415 seu
1124 3358 1158 3416 de
1182 3362 1297 3416 notione

132 3468 259 3523 abstracta
278 3469 521 3538 praescriptionis3
539 3473 584 3523 ast
602 3467 831 3539 praescriptionis
853 3468 1013 3525 institutum
1036 3468 1064 3522 in
1083 3486 1116 3523 re
1135 3471 1214 3523 crim.
1237 3468 1298 3521 iure

133 3584 192 3623 rom.
199 3572 343 3627 inductum
352 3572 503 3643 plurimum
513 3573 600 3627 distat
609 3574 645 3627 ab
654 3571 731 3627 bisce
742 3572 855 3643 regulis,
866 3588 920 3626 non
931 3588 1010 3627 secus
1020 3588 1053 3625 ac
1065 3576 1160 3627 cetere
1170 3572 1302 3626 institute

133 3676 192 3733 iaris
205 3681 369 3747 criminalis,
383 3696 456 3752 quea
474 3682 510 3735 ob
524 3682 614 3751 ipsam
629 3680 817 3735 conditionem
833 3679 903 3733 iuris
918 3678 1022 3749 publici
1037 3680 1066 3732 in
1082 3677 1196 3733 ethnica
1214 3678 1301 3733 socie·

133 3784 192 3847 uss,
209 3786 370 3856 pertingere
388 3802 443 3839 non
468 3785 618 3840 valuerunt
641 3784 677 3839 ad
696 3784 841 3854 fastigium
862 3784 1056 3853 perfectiouis,
1075 3783 1168 3854 prouti
1193 3772 1310 3837 factum

132 3897 169 3943 cst
184 3890 216 3947 dc
235 3892 374 3947 institutis
392 3893 461 3947 iuris
486 3892 578 3946 civilis
596 3891 706 3961 privati.
718 3920 732 3933 ·
749 3891 795 3945 lus
816 3890 996 3958 canonicum,
1015 3890 1061 3947 vel
1085 3888 1186 3945 saltem
1205 3889 1299 3958 praxis

132 3996 248 4064 toronus,
260 3998 395 4055 eiusmodi
412 3997 639 4069 praescriptionis
657 3998 817 4055 institutam
837 4000 1054 4052 mutuatumst
1067 4014 1084 4051 a
1096 3996 1157 4051 iure
1170 3988 1239 4050 rom.
1252 3996 1300 4049 sed

132 4095 274 4156 defectibus
291 4102 396 4157 nativis
414 4101 498 4157 huius
515 4101 648 4168 instituti,
662 4103 690 4155 in
709 4103 770 4156 foro
789 4100 887 4156 eccles.
903 4100 974 4155 elius
988 4099 1097 4155 additus
1110 4104 1153 4154 est
1166 4099 1300 4165 deiectus,

133 4204 232 4263 scilicet
248 4207 398 4263 difficultas
416 4208 575 4279 applicandi
592 4208 647 4262 hoc
664 4208 825 4262 institutum
844 4207 873 4261 in
891 4208 952 4261 foro
965 4207 1063 4263 eccles.
1076 4206 1176 4260 habita
1191 4206 1301 4259 ratione

133 4307 196 4363 iaris
209 4312 319 4382 pattici
337 4312 436 4369 eccles.
448 4341 461 4355 ·
479 4312 614 4384 Equidem
632 4312 726 4382 praxis
744 4312 863 4366 forensis
882 4328 937 4367 non
956 4328 1053 4382 parum
1066 4312 1152 4367 dubia
1165 4314 1194 4365 et
1207 4312 1300 4366 incorr·

134 4426 206 4486 staas,
224 4438 307 4492 quam
326 4420 400 4475 infre
418 4436 596 4491 exponemus,
615 4420 684 4473 satis
703 4422 803 4489 probat
822 4419 894 4474 banc
913 4420 1108 4476 assertionem.
