3350 5100
528 330 572 378 na
595 329 750 378 namcms
774 331 818 376 nr
843 329 962 377 vonum
1272 315 1333 378 125³

153 473 218 518 non
241 453 394 520 dicuutur
416 455 551 522 morari
572 456 606 519 in
637 456 743 540 patrii
765 475 840 526 sna.
866 453 921 519 sed
953 453 1048 520 huius
1071 456 1159 522 ciues
1188 476 1280 538 esse,·
1303 465 1335 522 et

150 581 286 646 morari
300 581 443 664 pertinet
464 579 505 644 ad
527 580 660 646 incolas
673 584 707 645 et
721 579 883 644 advenas.
906 614 924 628 -
944 581 1048 644 Porro
1072 581 1140 646 sive
1155 581 1251 646 missi
1267 583 1335 648 sive

152 705 194 768 ibi
219 711 324 770 marte
338 725 398 770 sno
413 711 596 779 morantes,
613 723 734 791 poenas
749 706 951 771 committunt
967 707 1021 789 qui
1044 705 1085 770 ibi
1110 713 1333 791 quaestuosum

151 829 403 913 negotiationem
426 828 559 901 faciunt,
576 829 629 892 vel
652 829 682 894 ei
698 829 818 913 quovis
840 829 942 896 modo
966 829 1018 893 vel
1042 829 1335 914 qualitercumque

149 973 187 1018 se
199 955 366 1039 inqerunt
379 954 433 1019 vel
447 954 646 1029 immiscent,
662 955 789 1021 directe
805 959 862 1019 aut
885 953 1057 1030 indirecte,
1070 973 1138 1038 per
1152 973 1188 1020 se
1203 961 1258 1021 aut
1269 975 1335 1038 per

148 1079 249 1159 alios,
267 1079 417 1162 proprio
439 1086 496 1144 ant
518 1099 596 1144 suae
618 1077 815 1166 Retiqionis,
844 1075 1135 1165 Conpreqationis‚
1161 1076 1335 1146 societatis

150 1204 294 1274 nomine,
311 1205 424 1286 quovis
434 1208 629 1286 praetentu,
646 1222 761 1277 cama,
775 1203 961 1286 occasione,
973 1201 1099 1285 forma.
1117 1203 1216 1270 Hisce
1227 1203 1336 1269 verbis

151 1327 338 1392 continetur
368 1327 541 1412 prohibitio
564 1330 598 1392 in
622 1329 678 1392 cit.
702 1329 810 1394 Consi.
837 1328 958 1394 Urbani
983 1329 1066 1396 VIII
1086 1329 1123 1394 'et
1150 1329 1248 1395 Olem.
1275 1330 1334 1395 IX.

242 1451 364 1516 PoenIs
386 1452 585 1520 mulctantur
607 1454 704 1518 etiam
729 1449 932 1536 Superiores
955 1453 1152 1526 immediati,
1170 1471 1212 1519 ac
1230 1452 1333 1518 Gene-

149 1575 245 1639 rales
255 1580 287 1638 et
301 1573 533 1642 Provinciales
546 1576 804 1658 praedictorum
819 1575 998 1656 Ordinum,
1015 1573 1334 1662 Gonqreqationnm,

150 1699 361 1765 societatum
384 1699 503 1783 quiin
524 1719 605 1766 suos
626 1699 794 1776 subditos,
818 1699 920 1766 etiam
951 1720 1015 1780 pro
1046 1719 1119 1766 nna
1149 1701 1221 1767 vice
1251 1720 1335 1784 qno·

148 1821 337 1888 modolibet
358 1823 609 1908 delinquentes,
635 1825 754 1889 saltem
771 1843 839 1906 per
866 1825 1073 1891 amotionem
1095 1843 1118 1890 a
1142 1825 1222 1891 locis
1246 1843 1334 1890 com-

150 1943 248 2008 missi
271 1943 401 2022 delicti,
426 1964 491 2010 non
514 1943 695 2011 inflixerint
716 1950 854 2010 statutas
879 1963 1015 2030 poenas,
1040 1946 1086 2009 uti
1110 1952 1203 2010 cavet
1227 1944 1333 2011 Consi.

151 2067 255 2132 Clem.
280 2068 448 2150 1x‚§3;
472 2069 556 2154 quod
574 2081 643 2136 non
669 2069 797 2137 iubebat
821 2071 928 2136 Const.
954 2069 1030 2136 Urb.
1057 2069 1152 2136 VIII.

243 2191 316 2256 Hae
332 2213 456 2276 poenae
471 2203 546 2260 sunt
561 2195 595 2280 a)
608 2197 898 2261 excommunicatio
915 2197 935 2260 l.
948 2203 1030 2260 sent.
1048 2195 1088 2260 de
1104 2197 1215 2278 quain
1233 2197 1335 2260 relato

148 2314 287 2380 decreto
301 2337 332 2381 a.
348 2317 443 2389 1872,
461 2319 493 2402 b)
504 2321 644 2405 privatio
660 2321 748 2384 vocis
763 2321 891 2384 activae
904 2320 956 2384 vel
973 2321 1130 2405 passivae,
1143 2317 1335 2388 officiorum.

149 2440 362 2526 dignitatum,
387 2443 545 2528 graduum
575 2464 850 2529 quorumcumque
881 2463 941 2530 per
971 2465 1027 2509 eos
1050 2443 1272 2523 obtentorum,
1297 2464 1335 2508 ac

149 2562 180 2647 c)
196 2562 410 2631 inhabilitatis
426 2567 467 2632 ad
482 2566 538 2632 illa
553 2577 585 2633 et
599 2569 666 2633 alia
680 2588 902 2653 quaecumque
918 2570 951 2633 in
970 2572 1133 2653 posterum
1150 2565 1334 2637 obtinenda,

149 2688 185 2771 d)
210 2708 275 2753 nec
297 2709 363 2754 non
379 2693 559 2757 amissionIs
581 2695 736 2759 mercium
753 2700 786 2759 et
808 2693 975 2758 lucrorum
1000 2692 1141 2755 omnium
1165 2691 1233 2776 ipso
1249 2690 1335 2755 facto

149 2813 374 2880 incurrendae
396 2814 453 2903 (l).

243 2938 545 3004 Excommnnicatio
573 2939 654 3005 nulli
677 2946 727 3005 est
750 2944 934 3018 reservata,
959 2939 1033 3023 quia
1065 2937 1177 3002 nullibi
1201 2946 1336 3005 cavetur

149 3060 191 3126 de
216 3066 458 3138 rmrvationm
474 3073 509 3129 at
532 3064 632 3130 clem.
658 3065 717 3141 IV,
733 3066 792 3148 §3
815 3063 918 3130 Iubet:
943 3083 1043 3131 nemo
1066 3082 1112 3130 ecc
1135 3080 1335 3131 rnnnnicms

151 3205 450 3260 primoomnium
462 3188 592 3256 absolvi
602 3197 722 3274 potest,
736 3196 983 3276 praeterquam
999 3191 1036 3255 in
1048 3195 1168 3257 mortis
1181 3190 1334 3256 articulo.

150 3311 220 3377 nisi
251 3312 358 3378 lucris
388 3314 584 3382 huiusmodi
615 3317 716 3399 prins
744 3316 917 3381 restitutis.
955 3314 1160 3380 D'Anuibale
1190 3312 1334 3401 (Comm.

151 3440 230 3504 edit.
253 3440 286 3514 4,
310 3459 344 3522 p.
361 3438 434 3526 141)
457 3442 502 3507 ita
526 3448 764 3508 commentatur
786 3443 870 3508 haec
893 3442 1011 3507 verba:
1039 3444 1130 3507 «Eoo
1149 3440 1336 3524 praedictis

151 3562 437 3649 delinquentibus,
454 3565 486 3631 id
509 3572 560 3631 est
579 3586 623 3632 ex
645 3566 697 3631 his
712 3569 765 3651 qui
789 3565 1057 3651 negotiationibus
1072 3571 1128 3630 aut
1143 3565 1336 3630 mercaturis

243 3806 284 3879 (l)
305 3808 382 3863 Ilaec
398 3813 511 3866 amissio
530 3812 678 3867 tumorum
696 3822 723 3866 et
739 3815 891 3876 maium,
911 3826 965 3864 non
984 3826 1064 3864 secus
1082 3826 1115 3863 ac
1134 3808 1207 3862 aliae
1231 3822 1335 3876 poenae

149 3912 299 3980 positivae,
310 3930 379 3969 sana
397 3930 453 3969 non
470 3916 625 3970 incurrItur
639 3917 693 3970 nisi
707 3916 856 3985 praecedat
874 3914 1014 3969 sententia
1027 3913 1226 3977 declaratorio,
1239 3912 1336 3982 inqua

152 4019 245 4073 edicet
262 4020 348 4075 iudex
367 4022 478 4075 cuinam
497 4024 544 4092 pio
561 4024 639 4092 operi
658 4022 811 4078 addicenda
828 4024 887 4075 sint
904 4020 973 4075 haec
991 4022 1072 4075 bana.
1093 4020 1145 4073 Sed
1164 4017 1336 4073 absolutius

152 4142 272 4181 censura
290 4114 350 4183 dari
369 4146 425 4183 non
444 4136 546 4200 potest,
563 4134 620 4185 nisi
638 4132 727 4186 lucris
745 4136 826 4202 prius
844 4131 992 4193 resumtis,-
1012 4129 1039 4181 id
1057 4131 1101 4182 est
1126 4128 1178 4181 nisi
1199 4128 1336 4183 restitutis

153 4240 295 4293 mercimes
313 4250 341 4293 et
360 4240 458 4303 lucris,
477 4241 570 4309 prouti
587 4240 718 4295 decernet
738 4240 879 4294 sententia
898 4238 1103 4301 declaratoria,
1122 4251 1193 4306 quae
1213 4234 1336 4303 applicat

154 4357 271 4410 poenam
295 4346 469 4414 privationis
492 4346 585 4408 Quare
604 4364 654 4416 pro
671 4345 849 4402 absolutione
874 4342 1025 4399 obtinenda
1051 4342 1162 4397 restItui
1187 4342 1290 4397 debent
1307 4347 1336 4397 et

156 4448 237 4505 lucra
256 4455 285 4505 st
301 4452 381 4521 ipsae
399 4468 514 4518 meroes,
534 4470 606 4524 quae
627 4455 716 4509 lucris
733 4457 925 4508 accensentur.
