3350 5100
380 276 447 341 51:58
901 296 982 343 runs
1007 297 1040 343 n.

378 426 570 483 consumtus
598 417 822 483 demonstrare
852 416 1035 486 contendat.
1059 439 1095 482 se
1127 422 1243 484 iniuste
1274 420 1421 485 censuris
1452 420 1543 483 luisse

379 542 580 612 submissum,
604 542 793 625 etiampost
815 542 980 607 obtentam
1002 541 1244 623 absolutionem,
1268 542 1481 608 admittendus
1501 550 1544 607 est

379 666 421 729 ad
444 665 625 730 iudicialem
647 684 727 729 suae
749 668 953 731 innocentiae
979 666 1210 751 probationem,
1236 672 1271 732 ut
1294 668 1453 731 evincitur
1476 684 1544 749 orq.

380 814 410 855 r.
426 812 454 856 c.
470 789 521 855 36
537 791 585 856 De
608 793 663 875 off.
687 791 829 877 delepot.
855 792 889 854 X
909 790 948 873 (l,
965 791 1021 874 29)
1042 790 1095 871 13,
1119 791 1170 857 De
1187 810 1289 874 poen.
1307 793 1339 855 Χ
1352 788 1423 873 (lv.
1441 788 1495 871 39)
1518 798 1544 851 et

382 918 426 981 48
449 916 498 981 De
518 922 602 983 sent.
625 935 791 983 excomm.
816 918 850 981 X
871 916 925 1000 (V.
953 916 1019 1002 39).

469 1043 546 1108 266.
571 1042 716 1125 Denique
745 1040 786 1104 de
812 1042 1010 1107 eoaeoutione
1032 1042 1220 1109 sententiae.
1249 1042 1275 1103 si
1299 1046 1485 1123 quaeratur.
1514 1039 1545 1101 in

378 1168 655 1251 prinusquinam
678 1168 720 1234 sit
742 1172 935 1248 competens
957 1170 1127 1245 executor,
1152 1166 1295 1249 quaestio
1311 1163 1492 1243 dirimenda
1505 1173 1546 1227 est

380 1314 423 1359 ex
446 1292 652 1379 generalibus
676 1294 755 1357 iuris
779 1293 947 1377 principiis
969 1292 1123 1375 expositis
1147 1291 1220 1355 Vol.
1242 1292 1264 1357 1.
1286 1310 1316 1353 n.
1334 1290 1399 1355 684
1416 1308 1464 1372 sq.
1483 1324 1499 1336 -
1516 1290 1547 1350 ln

381 1420 488 1503 specie
503 1417 702 1487 advertatur,
719 1418 751 1479 in
772 1415 898 1480 iudiciis
918 1415 1153 1499 appellationis,
1175 1413 1310 1479 iudicem
1330 1413 1548 1499 appellationis

377 1564 443 1627 per
464 1562 501 1608 se
522 1540 594 1607 lieri
617 1546 852 1625 competentem
875 1540 907 1603 in
924 1542 1146 1605 executionem
1163 1559 1293 1605 suarum
1310 1540 1545 1605 sententiamm.

381 1668 437 1733 sed
461 1667 616 1752 expedire
640 1674 673 1729 ut
697 1668 846 1731 executio
869 1664 1080 1729 demandetur
1103 1664 1198 1729 iudici
1223 1664 1361 1747 primae
1383 1664 1547 1727 instantiae

381 1797 452 1863 nisi.
477 1794 510 1859 in
533 1814 621 1873 casu,
637 1795 679 1857 sit
693 1798 872 1877 suspectus.
890 1828 907 1840 -
925 1791 1080 1875 Equidem
1096 1792 1208 1876 praxis
1231 1792 1351 1858 Sacrae
1367 1791 1468 1874 cong.
1486 1790 1544 1853 EE.

381 1924 413 1983 et
438 1918 506 1983 th.
534 1922 566 1981 et
581 1916 698 2001 Congu.
716 1916 850 1983 concilii
867 1920 917 1979 est
932 1918 1155 1983 executionem
1176 1916 1409 1979 sententiarum
1426 1934 1547 1998 semper

381 2041 421 2107 sd
439 2037 632 2107 Ordinarios
648 2041 826 2108 remittere.
843 2038 956 2103 seueri
974 2039 1111 2105 iudicem
1133 2040 1267 2122 primae
1282 2038 1476 2119 instantiae,
1492 2039 1544 2103 nisi

381 2166 598 2253 peculiaribus
624 2184 667 2231 ex
695 2164 855 2230 adiunctis
885 2170 1029 2251 praestet
1052 2186 1122 2231 rem
1152 2166 1354 2231 committere
1386 2164 1542 2247 Metropo-
1622 2188 1623 2263 p

378 2292 488 2357 litano.
513 2288 668 2354 Eumdem
692 2308 814 2353 morem
839 2291 983 2379 sequitur
1006 2290 1037 2355 S.
1061 2287 1161 2374 (long.
1186 2288 1217 2353 S.
1243 2286 1357 2355 Officii.

469 2412 624 2480 Secundo
640 2412 743 2497 quoad
766 2414 905 2480 modum
930 2415 1130 2479 executionis
1145 2386 1323 2479 sententiae
1339 2432 1456 2496 nempe
1474 2429 1544 2477 con-

379 2540 615 2607 demnatorioe
638 2537 725 2623 (quia
747 2538 974 2606 absolutoriae
997 2540 1088 2604 nulla
1110 2544 1159 2604 est
1186 2541 1334 2605 executio
1359 2540 1419 2604 nisi
1447 2538 1543 2604 dimis-

379 2669 426 2731 sio
449 2665 600 2732 ooeusoti
621 2663 756 2730 absoluti
773 2664 814 2729 ab
829 2665 993 2730 instantia
1015 2667 1066 2730 rel
1087 2665 1127 2730 ab
1151 2667 1219 2749 ipsa
1242 2665 1395 2732 oriminis
1418 2681 1544 2728 accusa-
1621 2757 1622 2760 Ἴ

377 2789 477 2874 tione)
500 2790 708 2870 advertatur,
733 2809 801 2854 rem
825 2789 1018 2874 exigendam
1042 2809 1112 2854 esse
1139 2789 1178 2853 ed
1204 2789 1332 2876 regulas
1356 2791 1446 2864 iuris,
1471 2805 1544 2870 quae
1621 2809 1622 2882 j

379 2913 588 2979 moderantur
606 2915 762 2978 rationem
778 2913 943 3000 infligendi
958 2914 1089 2978 diversa
1103 2933 1226 3000 genera
1237 2932 1424 2998 poenarum.
1438 2931 1543 2996 nempe

379 3055 499 3121 poenas
516 3037 565 3102 vel
578 3035 743 3118 positivus
759 3037 809 3100 vel
826 3036 1000 3121 nepotioos
1016 3037 1067 3100 vel
1091 3037 1228 3100 mimicis.
1241 3035 1315 3100 Vol.
1335 3037 1393 3107 ΙΙΙ,
1412 3054 1444 3099 n.
1461 3035 1510 3098 71.
1529 3067 1542 3078 ·

379 3159 567 3246 Nepoliooe
582 3160 705 3226 nullum
720 3161 925 3245 expostulant
944 3160 1056 3244 iudicis
1072 3161 1293 3231 ministerium.
1310 3167 1343 3224 et
1365 3160 1417 3223 his
1440 3177 1543 3224 accen·
1620 3149 1621 3178 l

379 3306 485 3350 semus
511 3305 676 3365 censuras,
701 3305 783 3369 quae
813 3285 906 3349 simul
931 3285 1015 3348 latae
1038 3305 1147 3350 secum
1171 3285 1304 3349 trahunt
1326 3287 1541 3352 executionem

378 3426 453 3492 orq.
471 3427 497 3472 o.
516 3427 542 3473 o.
559 3405 618 3478 53,
635 3407 657 3488 ,ξ
673 3408 690 3472 1
707 3408 756 3472 De
772 3409 899 3492 appell:
914 3409 945 3472 X
965 3407 1009 3492 (ll
1036 3409 1092 3492 27)
1107 3413 1140 3474 et
1153 3408 1204 3473 20
1219 3409 1269 3474 De
1283 3415 1365 3474 sent.
1383 3426 1541 3474 eoooomm.

377 3532 415 3596 io
438 3531 462 3597 6
484 3531 571 3615 (Vol.
588 3533 649 3602 ΙΙΙ.
668 3551 698 3596 n.
716 3532 781 3615 73).
799 3533 933 3598 Micelae
953 3539 984 3599 et
1003 3532 1171 3616 positivae
1194 3551 1258 3597 non
1281 3534 1461 3597 sortiuntur
1478 3525 1540 3594 elle·
1618 3567 1620 3590 i

378 3664 463 3724 ctum
480 3659 539 3724 nisi
555 3659 689 3723 accedat
706 3659 820 3723 iudicis
844 3661 1029 3724 executoris
1053 3661 1262 3725 ministerium
1288 3666 1320 3723 et
1342 3661 1539 3743 quotiescum·

377 3804 439 3867 que
465 3784 649 3849 inferantur
674 3784 748 3865 ipso
778 3785 854 3849 iure
887 3784 1111 3852 incurrendae.
1137 3785 1342 3850 nihilominus
1374 3784 1540 3868 requiritur

377 3909 537 3974 sententia
551 3908 792 3974 deploratoria.
818 3909 941 3973 Verum
966 3909 1146 3973 executioni
1169 3906 1354 3972 demandari
1379 3927 1441 3972 non
1462 3905 1536 3970 valet

376 4033 536 4098 sententia
559 4033 619 4096 nisi
634 4033 801 4097 transierit
816 4035 849 4096 in
865 4052 938 4099 rem
954 4032 1141 4099 iudicatam
1156 4033 1209 4098 vel
1224 4033 1347 4112 saltem,
1365 4034 1423 4098 etsi
1438 4029 1534 4116 appel·

376 4156 496 4220 lotione
515 4156 668 4240 impetita.
685 4161 792 4220 tamen
808 4158 850 4220 sit
870 4177 951 4221 unus
971 4158 1068 4222 exiis
1088 4156 1224 4229 casibus,
1243 4156 1356 4241 quibus
1375 4152 1533 4241 appellanti

378 4280 574 4345 concedatur
597 4278 730 4346 effectus
753 4282 971 4362 desoluemus,
996 4281 1051 4346 sed
1076 4301 1139 4347 non
1162 4283 1389 4365 somessione.

465 4403 541 4468 267.
567 4405 613 4468 De
637 4407 787 4489 expensis
816 4405 1033 4472 iudicialibus
1062 4407 1143 4471 baec
1170 4413 1352 4472 teneantur.
1379 4407 1532 4492 Expensae
