3350 5100
835 333 919 380 PARS
950 334 1000 382 111.

828 652 951 720 Carnu.
978 655 1003 719 l.

527 847 572 899 DE
598 845 847 900 ORDINATlONE
874 846 1095 903 TRlBUNALlS
1115 846 1160 901 ET
1187 846 1310 902 lUDlilll

633 953 669 1007 ΙΝ
694 952 823 1007 caUSIS
847 954 1205 1009 MATRlMONlALlBUS.

328 1127 546 1205 summarium.
565 1178 600 1191 -
619 1150 682 1203 422.
703 1148 817 1221 Aliquid
836 1149 980 1220 singulare
998 1154 1042 1205 est
1058 1152 1169 1206 ratione
1186 1152 1245 1222 fori
1266 1150 1453 1220 competentis.
1471 1176 1509 1191 -

418 1254 478 1310 423.
495 1255 571 1312 lnter
584 1272 716 1329 personas
733 1256 858 1311 tribunal
871 1258 1074 1313 constituentes
1087 1262 1247 1313 maneatur
1258 1260 1424 1312 moderator
1435 1266 1509 1310 acto·

416 1379 497 1429 marn·
515 1366 544 1418 et
561 1364 698 1435 defensor
713 1364 886 1417 matrim0nii
904 1380 940 1418 aa
952 1362 1040 1435 officio
1059 1379 1108 1417 seu
1127 1366 1270 1433 promotor
1288 1362 1392 1417 fiscalis
1408 1378 1509 1416 munus

417 1486 551 1526 exercens
573 1470 609 1524 ad
631 1471 832 1540 praescriptum
858 1471 952 1525 const.
971 1471 1056 1525 «Dei
1071 1472 1252 1526 miseratione
1265 1488 1291 1527 a.
1313 1500 1346 1512 -
1368 1470 1429 1525 424.
1455 1470 1509 1524 Pro

417 1576 530 1631 rubrica
546 1575 639 1631 tituli:
666 1577 725 1643 Qui
741 1577 950 1631 matrimonium
974 1593 1110 1633 aremare
1133 1588 1251 1648 possum
1267 1588 1294 1633 at
1318 1588 1416 1632 contra
1433 1576 1510 1631 iliud

416 1684 562 1754 testificans*
581 1684 611 1762 Χ
627 1682 686 1753 (lv,
706 1684 751 1751 18)
769 1683 874 1754 aliquid
893 1682 1037 1753 singulare
1055 1688 1098 1739 est
1116 1684 1146 1739 in
1165 1688 1260 1740 actore
1278 1700 1326 1739 seu
1346 1694 1509 1739 accusatore

417 1790 528 1845 ratione
545 1791 674 1847 exercitii
692 1791 812 1846 actionis
830 1791 1053 1845 matrimonialis.
1067 1818 1100 1833 -
1114 1790 1176 1845 425.
1191 1791 1260 1847 Item
1279 1792 1307 1845 in
1327 1792 1447 1847 testibus
1458 1790 1510 1846 eli-

417 1898 484 1969 quid
501 1896 644 1968 singulare
663 1901 714 1966 cst,
733 1904 792 1953 tum
811 1898 902 1969 quoad
921 1914 1053 1967 personas
1074 1898 1187 1953 testium
1211 1902 1269 1953 turn
1289 1898 1380 1969 quoad
1397 1898 1509 1953 modum

418 2004 562 2060 faciendae
579 2004 780 2060 attestationis.
800 2034 834 2046 -
854 2006 915 2059 426.
935 2004 1047 2075 Integer
1066 2022 1210 2075 processus
1223 2006 1350 2062 continet
1359 2004 1509 2060 nonnullas

418 2109 555 2181 speciales
571 2126 691 2165 normes.

418 2322 494 2391 422.
519 2324 603 2400 Quia
617 2330 763 2391 nostrum
781 2326 961 2391 institutum
978 2331 1035 2400 est,
1053 2345 1239 2413 processum
1257 2326 1424 2411 explicare
1442 2342 1507 2391 ma-

327 2450 544 2516 trimonialem
561 2452 593 2517 in
610 2455 767 2536 caparis,
785 2470 867 2535 quae
883 2450 1007 2535 aliquas
1022 2450 1122 2517 habet
1137 2452 1295 2537 speciales
1309 2451 1503 2538 procedendi

328 2595 468 2650 normas,
494 2576 578 2657 inde,
601 2578 635 2640 in
658 2581 871 2658 antecessum,
896 2577 1032 2644 innuere
1059 2583 1202 2662 praestat
1225 2597 1376 2663 suprema
1399 2577 1506 2663 capita
1552 2566 1554 2570 ’

327 2699 424 2764 huius
450 2700 601 2784 specialis
624 2700 839 2767 tractationis.
868 2699 1032 2774 Quaenam
1062 2703 1102 2768 sit
1129 2701 1344 2787 competentia
1370 2701 1506 2769 ratione
1546 2743 1551 2752 ·

328 2823 446 2891 obiecti
458 2825 521 2889 iam
531 2823 753 2891 delibavimus.
768 2861 786 2874 ·
805 2827 851 2891 Dc
862 2825 1084 2909 competentia
1098 2825 1170 2908 fori
1184 2826 1268 2892 hacc
1279 2827 1503 2892 advertantur.

329 2950 369 3014 ln
392 2950 608 3036 competentia
630 2950 829 3017 tem-itariali
853 2949 931 3015 illud
961 2950 1127 3035 singulare
1151 2956 1200 3016 est
1223 2952 1255 3016 in
1279 2971 1316 3016 re
1339 2953 1506 3017 matrimo-

329 3075 406 3139 niali
422 3073 505 3157 quod
520 3093 614 3141 naor
634 3080 800 3159 sequatur
822 3075 1033 3141 domicilium
1048 3075 1184 3156 mariti;
1199 3095 1240 3140 an
1265 3095 1345 3142 vero
1369 3073 1506 3142 sufficiat

328 3201 655 3286 qnasi-domicilium
681 3209 715 3266 et
737 3219 780 3264 an
802 3199 989 3266 attendatur
1012 3202 1105 3268 locas
1128 3205 1322 3268 nonnanes
1344 3202 1507 3284 inquiren·

329 3325 404 3391 dum
427 3329 486 3390 ost.

419 3447 494 3514 423.
519 3446 676 3513 Tribunal
689 3452 721 3512 et
733 3445 893 3528 iudicium,
907 3448 940 3511 in
953 3467 1011 3512 sua
1023 3446 1235 3520 ordinat-ione,
1245 3446 1373 3512 easdem
1387 3447 1507 3533 amplo·

328 3579 463 3641 ciuntur
485 3593 641 3651 personae
663 3574 733 3638 sive
747 3573 969 3647 necessarios,
986 3574 1055 3638 sive
1071 3573 1287 3649 accessorius,
1304 3574 1347 3638 uti
1365 3573 1507 3660 explica·

327 3703 433 3766 vimus
441 3701 517 3768 Vol.
531 3699 668 3774 1‚n.50‚
682 3718 727 3783 sq.
742 3699 798 3764 sed
810 3697 885 3764 dum
899 3700 949 3764 ius
961 3718 1130 3764 commune
1147 3699 1228 3764 nihil
1240 3703 1335 3764 cavet
1348 3698 1387 3764 dc
1399 3697 1504 3764 officio

328 3830 362 3893 et
376 3844 513 3890 munere
532 3825 727 3911 promotorie
742 3821 870 3905 fiscalis,
888 3843 930 3888 ex
946 3821 1083 3889 advorso
1099 3825 1132 3888 in
1148 3843 1218 3890 rem
1241 3829 1384 3908 nostram
1403 3825 1508 3890 Bene·

328 3946 432 4014 dictus
446 3945 529 4012 XIV
554 3948 588 4012 in
612 3947 719 4013 Consi.
747 3947 846 4014 «Dei
867 3947 1118 4014 miseratione»
1144 3947 1235 4012 iussit
1258 3951 1290 4012 ct
1312 3947 1504 4014 necessario

327 4074 362 4138 in
385 4072 435 4138 his
459 4073 564 4137 causis
587 4076 715 4157 partem
736 4070 860 4137 habere
884 4075 1018 4157 promet.
1043 4069 1184 4136 fiscalem
1210 4092 1266 4138 seu
1291 4071 1505 4153 defensorem

329 4193 541 4258 matrimonii
562 4213 608 4260 aar
631 4193 739 4279 officio
763 4195 895 4276 eiusque
913 4213 1028 4259 munus
1050 4193 1243 4259 adamussim
1267 4193 1506 4258 determinavit.

332 4355 349 4369 -
366 4321 606 4387 Attendendum
630 4322 727 4388 etiam
742 4325 791 4386 est
815 4341 931 4386 munus
953 4321 1074 4387 indicis
1088 4321 1303 4389 instructoris
1318 4342 1376 4387 seu
1390 4323 1506 4388 neoda-

329 4445 457 4512 ratoris
469 4450 636 4528 actorum,
649 4447 689 4511 de
705 4466 767 4529 quo
783 4467 882 4533 supra
896 4446 993 4512 locuti
1007 4465 1125 4512 sumus.
1139 4446 1189 4513 Ob
1205 4445 1392 4514 affinitatem
1408 4467 1503 4532 quam
