3350 5100
547 342 591 387 us
615 340 754 388 1uo1ons
777 340 1020 389 calumniamus
1306 321 1367 385 311

197 470 302 527 otasse
326 470 360 529 ut
381 469 479 529 testes
509 462 608 528 auditi
632 483 691 548 pro
713 465 942 529 informatione
966 466 1090 534 curiae,
1116 482 1181 527 una
1204 484 1276 526 eom
1301 461 1372 525 aliis

195 584 404 654 documentis,
422 586 697 651 denunciareutur
712 592 872 661 accusato
890 588 942 669 qui
959 586 1077 651 exinde
1089 605 1288 672 cognoscens
1304 590 1372 649 tum

195 712 435 776 accusationum
464 718 530 778 tum
559 711 783 795 probationum
807 713 921 797 capita,
945 730 1109 795 opponere
1137 711 1265 777 valebat
1295 730 1372 775 suae
1415 801 1417 812 Ι

196 835 392 901 ‹lesensionis
406 843 609 922 argumenta,
623 874 634 884 ·
648 836 833 904 Substantia
846 842 953 903 autem
972 838 1066 902 huius
1082 856 1252 921 processus
1269 837 1373 903 refert

196 962 367 1046 qualitates
389 981 571 1045 processus
593 962 703 1033 minti,
727 969 758 1027 et
782 963 846 1028 hac
868 964 995 1026 ratione
1017 968 1114 1028 suma
1141 960 1279 1027 diximus
1308 980 1371 1026 nun

196 1087 310 1152 haberi
332 1086 428 1153 huius
451 1106 623 1171 processus
646 1106 772 1154 nornen
794 1086 851 1152 sed
869 1106 943 1153 rem
967 1087 1000 1150 in
1027 1086 1096 1151 loro
1118 1086 1251 1161 eooles.;
1276 1092 1308 1151 et
1331 1086 1371 1151 ad

195 1212 317 1276 claram
342 1214 559 1297 appositarum
582 1215 747 1277 notionum
771 1214 916 1277 notitiam
941 1210 1181 1295 distinguendas
1204 1229 1275 1275 esse
1294 1230 1370 1295 pro-

195 1338 349 1421 prietates
370 1358 540 1421 processus
562 1344 618 1403 aut
639 1338 827 1422 inpunitiui
849 1348 905 1403 aut
928 1336 1140 1403 accusatos-ii.

284 1463 359 1529 240.
383 1460 498 1528 Facile
523 1462 642 1527 exinde
663 1464 801 1527 solvitur
823 1464 979 1547 quaestio,
1004 1468 1110 1527 utrum
1135 1462 1296 1531 nimirum,
1317 1482 1368 1527 re·
1473 1499 1477 1505 -

195 1588 305 1671 petitio
333 1588 462 1653 testium
492 1595 579 1653 esset
608 1587 648 1651 ad
679 1586 899 1652 substantiam.
925 1588 1054 1652 Etenim
1077 1586 1196 1673 duplici
1219 1586 1370 1653 distincta

195 1712 321 1775 ratione
333 1710 538 1795 procedendi,
551 1718 608 1775 aut
622 1730 681 1795 per
693 1710 946 1795 inquisitionem
962 1718 1017 1775 aut
1029 1728 1095 1793 per
1106 1709 1368 1791 commotionem,

193 1838 227 1900 in
249 1856 405 1921 processu
424 1855 516 1918 pure
529 1836 724 1920 inquisition
740 1836 830 1900 nulla
846 1836 1070 1921 expostulatur
1092 1834 1299 1921 tepitimotio,
1324 1837 1367 1899 uti
1422 1808 1425 1814 ⁵

194 1958 437 2045 explicavimus,
450 1963 525 2045 quia
536 1960 744 2045 probationes
754 1961 875 2026 debent
890 1980 961 2025 esse
977 1966 1072 2027 notae
1084 1960 1182 2025 iudici
1198 1959 1237 2025 ad
1251 1978 1369 2045 'cogno-

193 2082 346 2148 scendam
368 2084 556 2159 veritatem
581 2084 731 2167 inquisito
753 2090 872 2157 autem,
890 2086 981 2149 iuxta
1002 2082 1116 2149 iudicis
1138 2063 1319 2158 arbitrium,
1337 2086 1370 2148 in

195 2226 233 2272 ea
254 2214 379 2273 tantum
409 2213 503 2294 parte
527 2208 773 2282 denunciantur,
799 2211 832 2273 in
856 2228 918 2294 qua
940 2208 1038 2274 iudex
1068 2208 1246 2274 arbitratur
1276 2228 1369 2293 posse

194 2328 267 2397 fleri
296 2333 386 2397 locus
416 2330 595 2398 defensioni
626 2352 684 2399 seu
719 2332 973 2420 exceptionibus.
1011 2334 1047 2397 ln
1078 2352 1232 2417 processu
1261 2339 1366 2397 autem

193 2455 312 2529 nocto,
329 2475 426 2540 quum
441 2433 612 2521 devenitur
626 2456 666 2520 ad
681 2458 931 2538 accusationem,
949 2475 1129 2539 processus
1149 2456 1368 2541 lapidarentur,

194 2603 250 2649 seu
273 2582 481 2668 probationes
501 2603 544 2649 ex
560 2584 765 2668 inquisitione
781 2584 940 2649 collectae
962 2579 1042 2650 flunt
1060 2583 1295 2663 contentiosae,
1311 2603 1368 2648 seu

193 2706 423 2772 submittuntur
446 2708 610 2790 processui
633 2706 794 2772 servando
809 2708 842 2770 in
859 2706 975 2772 iudicio
998 2707 1208 2772 accusatorio.
1228 2706 1363 2780 -Quum

193 2837 301 2896 tamen
325 2829 422 2896 tiebat
448 2833 578 2897 testium
609 2833 766 2915 repetitio,
790 2837 961 2926 accusatus
983 2852 1048 2896 non
1079 2814 1192 2896 aderat
1215 2833 1367 2902 examini,

194 2963 227 3021 et
248 2958 326 3023 hinc
348 2958 451 3043 stylus
475 2958 641 3023 curiarum
665 2962 746 3030 erat,
771 2964 806 3021 ut
829 2958 877 3021 rei
902 2958 1121 3022 invitarentur
1143 2955 1184 3020 ad
1203 2954 1368 3022 habendos

192 3086 292 3146 testes
315 3081 359 3148 uti
375 3082 441 3147 rite
454 3081 671 3146 acominatus
685 3085 717 3145 et
728 3080 889 3162 repetitos
911 3085 944 3144 et
966 3080 1043 3144 hinc
1066 3099 1250 3163 processum
1267 3079 1368 3144 infur-

193 3207 350 3270 mativum
373 3204 606 3290 lepitincotnnc.
624 3205 696 3270 Hoc
715 3208 808 3288 pacto
831 3223 907 3268 reus
931 3203 1143 3268 renuntiabat
1165 3205 1227 3269 iuri
1252 3225 1319 3278 suo,
1337 3209 1369 3268 et

193 3329 269 3394 inde
291 3329 471 3414 expeditior
492 3326 689 3393 reddebatur
713 3347 892 3411 processus.
914 3362 931 3375 -
955 3327 1004 3392 Ad
1029 3329 1078 3392 ius
1101 3328 1368 3407 ecclesiasticum,

193 3455 307 3521 saltem
331 3453 657 3528 consuetudinarium,
682 3452 765 3536 quod
789 3453 913 3524 attinet,
938 3454 1029 3524 ratio,
1054 3471 1118 3536 qua
1140 3453 1368 3538 comprobatur

194 3583 276 3647 haec
291 3581 497 3667 lepittmotio,
514 3581 708 3646 consistitis
725 3581 918 3644 necessitate
935 3577 1053 3642 citandi
1074 3597 1165 3643 reum
1180 3579 1240 3662 qni
1254 3579 1367 3644 oidcot

193 3712 289 3772 testes
309 3707 438 3785 incure,
462 3707 509 3770 uti
532 3711 621 3790 patet
643 3723 687 3768 ex
709 3704 822 3770 relatis
845 3703 1017 3768 sententiis
1041 3702 1230 3786 Pellegrini.

280 3829 356 3894 241.
371 3827 621 3896 Observantiam
632 3847 712 3894 vero
736 3827 831 3893 huius
847 3828 938 3899 ritus,
952 3846 1009 3890 seu
1025 3825 1224 3911 repetitionis
1239 3826 1368 3892 testium

193 3959 291 4018 totam
314 3953 458 4039 pendere
468 3973 489 4017 a
499 3953 653 4035 qualitate
667 3971 839 4036 processus
855 3939 1058 4018 occosotom'i
1073 3951 1192 4016 clarius
1208 3951 1369 4014 evincitur

193 4095 235 4142 ex
257 4077 351 4142 modo
373 4097 437 4162 quo
459 4082 587 4163 poterat
609 4077 751 4162 suppleri
775 4078 934 4161 repetitio,
960 4095 1075 4162 nempe
1093 4094 1160 4158 per
1175 4074 1388 4155 confrontos

193 4204 326 4270 tionem.
353 4204 433 4268 Rem
457 4205 502 4267 ite
525 4203 667 4288 explicat
690 4202 869 4292 Pellegrini
893 4205 914 4268 l.
939 4203 991 4268 cit.
1015 4223 1047 4268 n.
1061 4201 1132 4266 26.
1153 4199 1368 4298 «Quaeritur

192 4348 240 4394 on
261 4328 304 4393 sit
324 4329 363 4394 in
384 4328 507 4394 indicis
537 4325 679 4393 arbitrio
703 4332 799 4392 testes
827 4332 981 4408 repetere
1004 4327 1055 4392 vet
1082 4326 1198 4408 potios
1220 4325 1366 4396 inteme-

191 4447 302 4536 φανεῖ
319 4451 545 4538 Respondetur
560 4449 754 4516 affirmative
767 4472 840 4516 oum
857 4452 1047 4517 Farinaccio
1060 4451 1110 4515 De
1122 4449 1257 4516 testibus
1272 4450 1294 4531 ἓ
1307 4449 1366 4522 72,
