3350 5100
428 350 471 399 ns
496 348 634 399 inmens
658 348 900 398 cnrnmmreus
924 348 959 397 ni
983 348 1101 396 ersom
1288 327 1353 393 405

173 475 410 541 substantiolas
424 474 628 560 expostulant
644 473 847 551 sententiam,
861 472 1058 557 potissimum
1075 471 1107 532 in
1121 468 1352 539 criminalibus,

175 620 238 665 non
261 600 313 665 edi
335 602 398 665 nisi
421 620 557 665 excusso
583 620 639 665 reo
667 602 759 684 eique
787 618 822 663 se
853 596 1045 662 defendendi
1061 588 1159 661 'facte
1182 600 1352 681 potestate,

173 747 273 811 usque
289 727 329 790 ad
345 728 537 793 sententiam
553 724 766 800 definitivam,
782 725 838 789 sed
851 723 1024 789 nullimode
1040 724 1160 793 iubent.
1173 724 1353 787 sententiae

173 849 358 917 definitisae
374 850 640 947 praemittendam
657 871 729 916 esse
743 850 1008 936 disceptationem
1024 854 1246 914 accusatorem
1266 849 1353 913 inter

174 982 206 1041 et
221 984 407 1043 accusatum
423 968 603 1042 habendam
621 997 731 1041 coram
755 976 876 1051 iudice;
892 995 974 1060 quae
998 975 1187 1078 disceptatio
1211 980 1259 1039 est
1280 974 1353 1037 ntit-

174 1103 274 1174 lima,
302 1103 358 1168 sed
390 1124 452 1167 non
484 1105 687 1169 necessaria.
717 1103 811 1167 Hanc
835 1101 1099 1187 disceptationem
1131 1120 1194 1165 non
1220 1106 1355 1165 servant

174 1230 205 1293 S.
223 1230 500 1315 Congregationes
521 1249 684 1310 romanae,
701 1249 783 1312 quae
807 1230 904 1295 etiam
926 1231 958 1292 in
976 1230 1079 1312 prima
1103 1228 1265 1305 instantia,
1282 1246 1354 1289 sen·
1406 1203 1411 1211 ’

173 1355 291 1417 tentias
313 1353 413 1417 edunt
436 1350 617 1420 definitivas
640 1355 674 1418 in
698 1374 735 1418 re
758 1353 930 1418 criminali.

218 1532 221 1540 .
264 1479 339 1542 338.
366 1479 492 1543 Verum
516 1479 716 1564 disceptatio,
741 1480 786 1545 uti
809 1478 1018 1550 advertimus,
1036 1483 1084 1542 est
1099 1478 1225 1560 species
1247 1475 1353 1540 delen-

175 1604 291 1679 sionis;
308 1624 409 1687 quare
433 1607 598 1687 inquirere
621 1611 758 1689 oportet,
775 1625 815 1668 an
832 1606 915 1669 haec
930 1604 1052 1668 auferri
1073 1604 1172 1688 possit
1191 1607 1352 1673 accusato,

175 1731 252 1811 quin
274 1730 338 1793 alia
362 1730 556 1815 subrogetur
571 1730 792 1814 aequipollens
816 1732 899 1795 ratio
918 1730 1124 1795 defensionis.
1142 1731 1293 1793 Iamvero
1310 1730 1354 1793 nil

175 1854 351 1939 derogatur
368 1857 429 1919 iuri
454 1855 660 1927 detensionis,
677 1857 703 1920 si
719 1862 886 1927 accusato,
898 1858 950 1938 qui
968 1855 1062 1940 plene
1078 1858 1243 1941 cognoscit
1260 1874 1353 1919 accu-

174 1981 307 2045 sationis
322 1987 522 2066 argumenta‚
539 1982 702 2066 integrum
719 1982 760 2045 sit
776 1981 933 2074 exhibere
949 2001 1023 2045 suas
1040 1983 1276 2066 responsiones
1294 2000 1355 2045 nec

175 2104 283 2177 semel,
308 2106 363 2170 sed
387 2105 509 2189 pluries
532 2108 637 2190 prouti
663 2109 839 2172 necessitas
862 2112 895 2171 et
917 2109 1138 2191 opportunitas
1158 2107 1354 2171 defensionis

176 2230 371 2314 expostulat.
386 2232 455 2295 Non
469 2230 551 2295 alius
569 2237 618 2295 est
633 2232 745 2316 stylus,
759 2233 812 2314 qui
829 2230 925 2295 hodie
941 2236 1092 2295 servatur
1108 2231 1190 2316 apud
1207 2231 1261 2297 SS.
1277 2231 1354 2296 Con-

177 2358 384 2441 gregstiones
396 2377 475 2421 rom.
490 2357 582 2431 Quod
598 2359 624 2421 si
638 2376 720 2441 quae
732 2357 926 2423 documenta
938 2358 990 2421 vel
1003 2357 1234 2428 attestationes,
1248 2356 1355 2441 aliqua

176 2479 209 2543 in
232 2484 335 2565 perte,
363 2480 535 2563 aliquando
561 2500 627 2545 non
651 2480 835 2566 panduntur
858 2486 1019 2562 accusato,
1043 2480 1106 2544 hoc
1129 2478 1178 2561 lit,
1202 2480 1354 2545 incolumi

176 2605 298 2670 iustitia
322 2607 418 2670 etiam
434 2605 586 2678 iudiciali,
602 2608 629 2671 si
651 2603 708 2670 flat
730 2605 771 2670 ad
790 2605 955 2670 vitandum
972 2606 1102 2690 gravius
1119 2606 1354 2670 incommodum

176 2735 208 2793 et
230 2731 256 2793 si
280 2731 407 2801 exinde,
424 2730 571 2795 omnibus
589 2732 650 2797 rite
666 2732 845 2816 perpensis,
862 2751 927 2794 non
941 2730 1032 2795 deest
1050 2736 1201 2795 accusato
1218 2729 1355 2796 facultas

178 2876 214 2920 se
237 2855 440 2921 defendendi.

264 2980 339 3046 339.
363 2981 508 3066 Denique
523 3001 620 3065 quum
636 2987 697 3046 art.
714 2982 867 3047 XXVIII
886 2982 1113 3046 instructionis
1137 2985 1266 3054 statuat,
1284 2977 1354 3044 fieri

176 3112 329 3170 accusato
352 3106 399 3171 ad
422 3107 495 3172 eins
515 3106 716 3172 instantiam
740 3142 758 3152 -
771 3106 1025 3191 praefixionem
1042 3106 1178 3171 termini
1197 3106 1243 3171 ad
1259 3105 1355 3171 enhi-

177 3229 323 3295 tendam
339 3229 571 3311 defensionem
581 3249 648 3312 per
666 3227 865 3319 inemoricle
880 3248 939 3295 sen
958 3231 994 3294 in
1010 3229 1154 3312 scrIptis,
1168 3229 1355 3312 praecipue

177 3355 317 3438 qnando
340 3353 381 3420 ob
404 3355 659 3437 dispositionem
683 3360 744 3419 art.
762 3355 880 3420 XXIII
902 3357 1094 3440 neqniverit
1112 3361 1262 3439 paratus
1285 3374 1356 3422 esse

176 3482 224 3544 nd
246 3499 411 3562 responsa
438 3499 507 3562 pro
537 3499 602 3545 sna
633 3481 853 3546 excusatione
878 3515 895 3527 -
921 3486 970 3547 est
993 3480 1157 3545 dubitandi
1186 3468 1286 3552 Iocus,
1314 3499 1355 3544 an

177 3604 372 3689 prohibiium
399 3606 440 3670 sit
463 3603 531 3670 fisci
555 3604 852 3670 ammadversiones
881 3605 933 3670 vel
964 3607 1105 3670 accusati
1131 3606 1355 3690 responsiones

176 3727 272 3814 typis
281 3731 476 3814 imprimere.
497 3729 575 3793 Nam
592 3731 736 3813 quaestio
752 3734 801 3794 est
816 3721 1088 3802 ita'enuncIanda
1108 3750 1221 3814 nempe
1242 3747 1356 3795 cumn

177 3854 277 3919 iatine
300 3854 404 3937 quoad
427 3853 496 3919 fisci
523 3860 742 3939 promotorem
765 3859 799 3919 et
821 3859 1017 3929 accusatum,
1042 3857 1117 3939 quia
1142 3891 1159 3904 -
1183 3875 1254 3921 non
1281 3854 1356 3920 ticet

177 3976 286 4043 actori
308 3978 402 4059 qnod
423 3997 482 4045 reo
507 3977 636 4043 licitam
657 3997 728 4045 non
751 3978 864 4044 enisiit
886 4015 903 4026 -
929 3999 971 4043 ex
993 3997 1065 4064 rep.
1082 3979 1175 4044 Iuris
1198 3977 1242 4043 33
1266 3978 1298 4042 in
1323 3975 1353 4040 6.

178 4099 282 4173 Quum
306 4121 385 4166 vero
408 4103 566 4168 arIIculus
596 4105 791 4168 mentionem
824 4103 923 4169 faciat
946 4103 985 4168 de
1010 4103 1187 4168 memoriali
1219 4102 1355 4185 scriptis

178 4231 323 4299 exarato,
340 4227 514 4300 dubitatur,
538 4247 581 4292 an
604 4229 780 4314 prohibere
804 4229 954 4302 voluerit,
980 4230 1063 4293 idem
1088 4230 1176 4315 typis
1196 4229 1353 4294 mandari.

178 4351 385 4418 Arbitramur
407 4354 493 4439 stylo
516 4355 729 4421 oeconomico
753 4361 785 4419 et
808 4357 998 4423 summario
1022 4376 1083 4421 nec
1107 4377 1171 4420 non
1188 4355 1354 4422 hodiernis

178 4476 259 4541 cleri
283 4477 517 4544 conditionibus
532 4497 656 4543 morem
680 4479 794 4544 melius
819 4479 1015 4565 respondere
1039 4498 1103 4543 non
1128 4479 1243 4544 edendi
1266 4481 1354 4564 typis
