3350 5100
507 331 553 377 ns
576 331 717 380 runicus
741 331 985 381 carismatibus
1280 311 1345 376 143

152 473 173 518 a
195 473 355 539 processu
382 455 472 520 civili
495 473 705 522 romanorum
732 455 929 528 distinctam,
958 455 1103 522 dilucide
1126 459 1158 520 et
1184 452 1345 540 profunde

151 579 396 662 interpretatur
412 579 443 646 S.
462 580 663 665 Augustinus
679 580 713 644 in
729 579 853 646 celebri
877 599 1012 648 canone
1027 579 1078 654 19,
1096 599 1187 646 caus.
1203 577 1238 654 2,
1255 597 1286 663 q.
1305 578 1322 640 1
1330 596 1344 661 ;

152 703 369 770 Innocentius
393 704 443 770 ΙΙΙ
466 705 611 790 practice
636 705 779 790 explicat
802 706 836 770 in
860 725 934 791 cap.
952 703 996 771 13
1021 703 1075 770 De
1089 703 1160 770 iud.
1177 704 1209 769 X
1225 700 1281 788 (11.
1302 701 1343 788 1).

151 829 275 900 Porro.
306 833 341 896 et
363 829 428 894 hoc
458 831 603 915 apprime
634 829 762 894 adverti
795 828 901 902 debet,
936 831 1011 914 quia
1041 833 1183 916 systema
1207 826 1343 913 poenale

149 954 414 1018 ecclesiasticum
442 956 547 1039 primo
577 953 716 1020 intendit
738 953 778 1019 ad
809 954 1079 1020 mandationem
1107 973 1248 1034 reorum,
1272 971 1344 1038 pro

150 1097 268 1143 cessus
291 1078 438 1164 poenalis
469 1080 574 1164 primo
604 1078 794 1145 incumbere
823 1077 921 1144 debet
943 1078 985 1144 ad
1017 1079 1111 1144 istam
1137 1076 1342 1144 obtinendam

150 1221 212 1287 per
240 1203 503 1270 admonitiones.
536 1203 608 1269 Hoc
638 1211 689 1301 est
718 1202 889 1269 exordium
922 1223 1098 1290 processus
1128 1201 1343 1288 disciplinaris

150 1327 286 1407 eccles,
299 1330 407 1412 prouti
424 1329 516 1393 iussit
532 1329 611 1393 lust.
628 1328 659 1394 S.
678 1328 778 1413 Coug.
792 1329 860 1394 EE.
879 1333 912 1393 et
928 1328 999 1393 RR.
1017 1345 1049 1392 a.
1068 1326 1221 1402 1880,11
1238 1326 1339 1392 Iunii.

243 1451 310 1518 Sed
325 1449 400 1517 finis
414 1453 634 1519 immediatus
644 1453 754 1518 iudicii
766 1453 913 1537 poenalis
924 1454 1009 1518 idem
1026 1459 1075 1517 est
1090 1454 1123 1516 iu
1139 1452 1211 1517 foro
1224 1450 1340 1518 eccles.

149 1581 183 1641 et
206 1577 338 1652 laicali;
362 1576 539 1662 eademque
562 1585 610 1644 est
634 1581 747 1644 intima
770 1583 936 1645 structura
959 1576 1078 1643 iudicii.

247 1704 324 1768 103.
350 1703 506 1788 Equidem
530 1705 563 1767 in
586 1703 704 1770 iudicio
729 1704 890 1769 criminali
921 1723 986 1768 nou
1018 1721 1112 1768 secus
1135 1704 1228 1766 acin
1253 1701 1341 1766 civili

148 1833 220 1893 tres
244 1847 408 1913 personae
430 1834 505 1893 sunt
527 1830 734 1894 necessariae
757 1828 798 1893 ad
822 1827 1043 1902 substantiam,
1069 1826 1220 1892 videlicet
1235 1832 1339 1900 ector,

149 1971 234 2016 reus
257 1957 294 2017 et
316 1951 433 2024 iudea,
457 1951 584 2016 Verum
607 1958 703 2018 actor
727 1954 761 2018 in
784 1952 903 2018 iudicio
919 1953 1101 2038 appellatur
1115 1956 1293 2018 commutor
1308 1955 1342 2018 et

149 2072 205 2138 hic
229 2093 300 2138 non
323 2075 429 2138 minus
451 2093 546 2159 quam
569 2075 624 2139 iile
649 2079 757 2140 movet
782 2073 890 2140 iudicii
906 2075 1100 2140 instantiam.
1116 2075 1195 2139 Nam
1211 2093 1292 2140 reus
1306 2074 1339 2138 in

149 2197 312 2264 calmas
341 2203 392 2264 est
416 2217 583 2282 possessor
605 2198 773 2264 cuiusdam
796 2201 844 2264 rei
870 2219 967 2283 aqua
991 2197 1157 2264 deturbari
1173 2216 1237 2262 non
1254 2197 1341 2264 valet

148 2323 213 2386 uisi
236 2322 366 2406 aliquis,
390 2322 473 2388 idest
495 2329 593 2390 actor
614 2324 700 2388 haue
725 2343 795 2390 rem
813 2323 873 2389 sibi
889 2326 977 2408 petat
1000 2329 1033 2389 et
1056 2321 1114 2388 sibi
1138 2321 1249 2388 deberi
1264 2342 1340 2408 pro·

148 2444 223 2522 bet;
241 2449 279 2512 iu
293 2447 539 2530 mimiautibas,
555 2453 744 2520 commotus,
761 2454 936 2534 autequam
951 2448 1117 2514 accusatio
1132 2447 1253 2512 inuicte
1268 2467 1340 2532 pro·

149 2571 229 2637 buta
251 2573 371 2646 suerit,
395 2574 517 2640 fruitur
539 2594 580 2640 ea
601 2576 690 2641 iuris
720 2576 892 2641 naturalis
920 2575 1195 2660 praesumptione,
1224 2592 1339 2659 nempe

149 2714 255 2763 nemo
271 2694 387 2761 nialus
400 2696 469 2761 ata
480 2695 647 2779 probetur
654 2716 669 2780 ,·
684 2699 841 2780 quocirca
862 2698 1052 2781 quicumque
1074 2697 1169 2761 alteri
1190 2697 1339 2781 imputari

149 2820 296 2885 intendit
318 2820 439 2887 facturn
454 2821 673 2896 criminosum,
691 2821 788 2889 debet
807 2822 871 2887 hoc
885 2820 1025 2907 probare
1041 2820 1241 2887 evidentibus
1263 2840 1339 2908 pro·

150 2943 340 3010 batiouibns
372 2947 456 3031 apud
490 2947 630 3013 iudicem
664 2952 912 3033 competentem.
944 2982 963 2995 ·
995 2946 1056 3022 Qui
1087 2946 1151 3013 hoc
1180 2944 1339 3032 perficere

151 3066 296 3134 intendit
317 3068 500 3153 appellatur
523 3074 710 3137 mmmmm.
737 3105 754 3117 ·
779 3072 824 3135 At
851 3071 996 3153 quisnam
1020 3070 1083 3135 erit
1105 3075 1283 3137 acuantur
1304 3071 1338 3137 in

153 3192 278 3258 iudicio
302 3193 483 3259 criminali?

244 3317 300 3381 Ex
322 3317 417 3381 modo
439 3337 502 3402 quo
524 3316 679 3386 definitur
701 3321 786 3385 haec
808 3322 953 3403 quaestio
976 3322 1081 3386 oritur
1107 3322 1189 3386 ratio
1221 3321 1337 3386 funda·

152 3441 307 3505 mentalis
330 3442 382 3506 cui
404 3442 554 3507 innititur
576 3448 646 3509 tota
669 3448 834 3510 structura
847 3444 966 3514 iudicii.
984 3446 1064 3509 Nam
1080 3451 1258 3511 domemur
1273 3466 1337 3511 non

153 3585 251 3632 secus
274 3586 315 3631 aa
338 3572 435 3633 actor
456 3568 591 3634 assumit
612 3588 694 3634 onus
717 3568 874 3653 probandi
896 3589 985 3634 suam
1005 3570 1232 3645 intentionem
1260 3588 1336 3634 reus

154 3707 173 3750 e
195 3695 315 3754 conus
334 3689 472 3771 passive
493 3710 530 3755 se
552 3690 658 3772 habet,
682 3691 774 3757 iuxta
797 3688 945 3757 effatum:
969 3690 1061 3759 Reus
1082 3692 1266 3778 inficiando
1290 3689 1337 3777 (l)

245 3918 286 3989 (l)
299 3918 361 3980 Quo
378 3920 430 3973 snb
448 3924 564 3989 aspectu
582 3925 708 3992 systema
722 3922 867 3991 imponens
878 3920 932 3975 reis
941 3920 1137 3975 necessitatem
1152 3938 1182 3975 se
1193 3922 1338 3991 purpandi

155 4025 191 4078 ab
203 4024 330 4095 impacta
340 4030 518 4080 commetiens
530 4026 584 4081 etsi
599 4027 772 4082 iudicialiter
785 4044 839 4081 nou
853 4028 978 4097 probatu,
989 4030 1095 4096 pugnat
1107 4042 1170 4080 cum
1184 4027 1244 4081 iure
1257 4032 1338 4081 natu·

156 4130 210 4185 rati
224 4140 253 4186 et
265 4131 337 4187 haec
349 4132 413 4185 laus
427 4132 546 4187 debetur
563 4134 685 4187 maxima
698 4134 752 4187 iuri
764 4150 826 4187 can.
841 4134 943 4205 quippe
957 4134 1045 4203 ipsum
1059 4132 1221 4203 proscripsit
1233 4152 1336 4205 pnrga-

155 4235 261 4291 tionem
269 4238 422 4306 culparem
435 4254 484 4292 seu
497 4238 597 4293 duella
615 4240 763 4293 iudicialia
781 4256 853 4311 qnae
872 4240 1049 4293 assumebant
1068 4240 1192 4293 accusati
1207 4244 1238 4294 nt
1251 4257 1336 4295 accu-

156 4344 274 4398 sationis
299 4345 495 4415 abstergerent
518 4362 723 4417 quamcumque
748 4345 850 4400 labem.
876 4346 1011 4417 Purgatio
1038 4346 1179 4413 vassoniae,
1202 4348 1253 4400 sub
1279 4346 1336 4402 alio

158 4455 283 4519 aspectu,
300 4450 445 4521 probanda
463 4456 516 4519 ast,
534 4454 576 4506 uti
596 4452 670 4506 inira
688 4451 898 4521 explicabimus.
