3350 5100
316 286 383 352 396
829 308 914 355 rans
938 308 988 354 111.

317 429 495 493 Praeterea
518 432 550 491 in
574 428 691 495 indicio
716 429 963 495 favorabiliores
979 436 1053 494 sunt
1068 436 1178 515 partes
1195 433 1242 495 rei
1259 450 1353 515 quam
1373 432 1492 495 actoris

316 573 374 617 seu
397 555 611 629 accusatoris;
627 552 685 619 sed
700 556 800 621 multo
816 554 1067 619 favorabiliores
1082 554 1223 620 evadunt
1238 561 1347 641 partes
1362 574 1491 621 aecusa-

315 680 405 748 toris.
421 680 449 743 si
468 678 532 758 bic,
547 684 714 765 postquam
738 682 771 743 in
795 680 927 765 periodo
951 682 1163 765 inquisitoris,
1180 682 1310 767 crillegit
1326 700 1408 764 quae
1430 700 1493 745 ma·

317 804 386 868 vult
399 804 593 870 documenta
607 808 832 887 accusationis,
851 808 951 870 inscio
967 807 1117 890 inquisito
1139 826 1195 870 seu
1219 807 1295 889 quin
1319 805 1493 871 nullimode

316 930 498 1016 praepediri
517 938 624 1016 posset
646 934 679 995 in
698 952 757 997 sua
780 934 987 1016 inquisitione
1001 952 1022 997 a
1036 932 1183 997 sollertia
1197 934 1350 1016 inquisiti,
1366 936 1393 997 si
1409 932 1492 997 idem

316 1062 496 1124 accusator.
512 1058 653 1141 iuquam,
664 1059 844 1123 instaurata
856 1058 1060 1124 accusatione
1077 1078 1140 1123 non
1157 1058 1288 1123 desistat
1302 1062 1493 1143 argumenta

315 1200 507 1265 congerere,
530 1200 614 1266 quae
636 1202 710 1248 cum
732 1184 893 1269 prodeant
915 1182 1127 1248 manifestatis
1150 1185 1212 1248 iem
1234 1181 1493 1269 responsionibus

315 1308 467 1387 accusati,
477 1306 575 1373 facile
586 1308 739 1373 videntur
750 1309 904 1374 directius
917 1309 1067 1373 ordinata
1078 1308 1119 1372 ad
1131 1308 1192 1373 has
1205 1308 1391 1373 refutandas
1403 1327 1493 1371 more

315 1407 545 1498 advocaurim
569 1452 665 1517 quam
680 1432 721 1498 ad
737 1434 909 1498 veritatem
934 1435 1063 1499 sincere
1086 1433 1309 1519 detegendam.
1333 1432 1494 1507 Quocirca

317 1567 482 1641 promotor
507 1556 626 1623 fiscalis
647 1563 680 1623 et
703 1558 802 1623 index
824 1560 1004 1626 instructor
1034 1558 1145 1624 sedulo
1177 1558 1379 1645 perpendant
1409 1560 1493 1624 lianc

317 1681 425 1746 iudicii
440 1683 618 1747 criminalis
633 1682 848 1748 conditionem
866 1688 899 1748 et
915 1704 977 1749 non
994 1684 1173 1750 decernant
1194 1702 1374 1766 processus
1386 1683 1494 1766 pratili·

316 1807 482 1872 cutioaem
505 1808 565 1871 nisi
588 1809 671 1873 actis
685 1806 928 1892 diligentissime
944 1809 1122 1883 instructis;
1143 1808 1198 1873 sed
1218 1807 1317 1903 semel
1335 1808 1493 1893 publicam

317 1951 480 2015 processu.
495 1932 687 2005 abstineant,
702 1952 766 2015 quo
789 1934 892 2017 magis
916 1930 987 1997 fleri
1011 1936 1124 2017 potest
1144 1952 1164 1997 a
1180 1934 1272 2006 novis
1291 1932 1424 1998 testibus
1438 1938 1495 1997 aut

318 2058 538 2121 instrumentis
559 2058 774 2123 accusationis
796 2056 1020 2142 producendis.
1046 2056 1176 2123 Etenim
1201 2078 1266 2122 non
1296 2056 1494 2123 sufficienter

315 2180 528 2264 comprobant
539 2201 628 2246 suam
642 2182 798 2246 rationem
814 2182 942 2265 agendi.
959 2187 1143 2246 asserentes
1159 2181 1217 2245 sibi
1233 2182 1392 2247 hactenus
1407 2182 1494 2263 igno

316 2310 366 2369 tas
389 2306 489 2371 tuisse
504 2307 643 2389 inquisiti
668 2308 893 2390 exceptionem
916 2306 1072 2389 siqnidem
1089 2308 1120 2371 in
1137 2306 1270 2391 periodo
1295 2307 1494 2390 inquisitoris

317 2430 501 2512 inquisitum
524 2432 730 2514 interrogare
752 2436 885 2513 possunt
904 2431 1030 2513 quoties
1047 2431 1122 2514 ipsis
1138 2429 1278 2498 libuerit.
1296 2430 1398 2495 eidem
1415 2448 1493 2494 con-

316 2559 473 2619 testantes
495 2556 621 2638 potiora
643 2559 806 2618 momenta
828 2554 1053 2620 accusationis.

407 2679 482 2744 328.
498 2678 617 2743 Iudicis
631 2677 846 2744 imtruetoms
858 2679 927 2742 sive
938 2677 1054 2742 iudicis
1066 2679 1238 2745 ordinarii
1254 2683 1303 2743 est
1314 2677 1494 2744 decernere

317 2801 540 2867 admissionem
555 2804 695 2867 testium.
709 2801 872 2887 Siquidem
885 2808 1055 2868 accusatus
1068 2808 1174 2884 testes,
1187 2822 1267 2886 quos
1280 2804 1347 2866 vult
1360 2804 1391 2865 in
1404 2821 1493 2866 suam

316 2925 536 2990 defensionem
551 2927 742 3012 producere.
755 2927 861 2996 debet.
874 2929 1038 3013 expressis
1054 2927 1243 2999 nominibus,
1260 2927 1445 3012 significare
1461 2929 1494 2992 in

318 3052 436 3131 libello,
461 3071 554 3134 quem
577 3049 674 3116 offert
695 3052 802 3133 indici,
826 3050 1045 3116 determinans
1068 3061 1241 3137 praeterea
1263 3051 1494 3133 aeliminata

317 3177 432 3262 quibus
454 3176 524 3241 vult
546 3178 819 3261 interrogationes
843 3175 925 3241 fieri.
950 3177 1062 3244 Iudex.
1087 3176 1233 3252 omnibns
1264 3179 1326 3242 rite
1353 3177 1495 3262 pensatis

317 3305 433 3369 annuit
447 3305 499 3368 vel
514 3302 627 3368 abnuit
641 3305 812 3368 instantiae
823 3306 977 3369 accusati.
994 3305 1079 3368 lteus
1092 3304 1179 3368 videt
1193 3309 1292 3368 testes
1306 3305 1425 3368 iurare.
1438 3303 1494 3366 sed

318 3450 382 3494 uon
402 3429 494 3494 adest
512 3428 725 3500 examinibus,
742 3429 856 3512 quibus
873 3430 1021 3514 expletis,
1038 3431 1179 3514 postulat
1194 3435 1229 3494 nt
1244 3432 1272 3493 ei
1290 3429 1495 3514 publicentur

317 3556 549 3620 attestationes.
567 3590 586 3602 -
605 3556 762 3620 instantia
784 3553 937 3618 eiusmodi
962 3559 1067 3638 potest
1089 3556 1185 3618 etiam
1211 3553 1311 3638 repeti
1336 3553 1376 3616 ab
1399 3573 1494 3618 accu-

317 3685 398 3760 sato,
421 3681 449 3742 si
471 3678 618 3773 admissis
637 3659 798 3762 prioribus
813 3677 958 3750 testibus,
976 3683 1083 3762 pateat
1106 3677 1282 3742 necessitas
1305 3683 1361 3740 aut
1383 3697 1495 3761 oppor-

318 3805 438 3869 tunitas
460 3803 542 3867 alios
563 3802 770 3888 producendi,
786 3803 840 3887 qui
856 3803 1026 3886 suppleant
1042 3799 1181 3866 delectui
1198 3802 1353 3884 priorum,
1371 3801 1424 3865 vel
1441 3803 1493 3883 qui

319 3948 404 3992 nova
427 3929 627 4012 emergentia
650 3927 736 3994 iacta
758 3931 930 3992 testentur.
953 3927 1039 3992 Sane
1062 3947 1126 3990 non
1150 3933 1199 3990 est
1227 3926 1389 4011 prohibita
1412 3945 1495 3988 nova

319 4054 447 4117 testium
470 4052 639 4135 productio
658 4070 766 4134 seper
787 4051 886 4116 meas
900 4051 1064 4122 maeatas,
1080 4053 1176 4115 etiam
1201 4051 1249 4114 bis
1265 4052 1315 4116 vel
1333 4057 1385 4117 ter
1402 4070 1494 4134 repe·

319 4179 387 4247 tita,
399 4175 456 4241 sed
467 4179 542 4259 quia
557 4196 642 4240 nova
657 4175 824 4260 productio
841 4177 943 4240 mains
959 4175 1136 4259 periculum
1153 4177 1298 4240 continet
1312 4176 1495 4240 collusionis

319 4308 376 4366 aut
389 4301 615 4385 corruptionis,
629 4300 735 4367 iudex.
748 4299 908 4364 difficilius
921 4301 1089 4370 consentit.
1103 4318 1158 4363 seu
1179 4301 1388 4382 requiruntur
1403 4301 1496 4362 ratio-

320 4445 379 4490 nes
402 4427 644 4509 proportionale
662 4445 790 4508 graves.
809 4459 826 4471 -
846 4421 1011 4505 Equidem,
1028 4425 1073 4487 uti
1095 4423 1302 4508 probavimus
1325 4423 1357 4487 iu
1375 4423 1449 4487 Vol.
1469 4425 1493 4492 l.

1093 4557 1108 4592 0
