3350 5100
326 286 392 349 310
837 305 921 352 sans
953 306 987 351 11.

416 430 459 491 At
470 427 593 492 nullum
605 434 730 494 textum
747 447 906 493 canonum
923 424 1044 493 afferre
1056 449 1223 513 possumus
1239 431 1500 516 praecipientem,

326 557 422 617 testes
444 553 645 635 repetendos
667 572 738 619 esse
760 554 808 619 ud
821 553 1081 639 lepitoaaodom
1100 573 1301 637 processum
1325 561 1357 620 et
1373 556 1438 619 DI).
1457 556 1500 621 uti

330 677 516 763 pellegrini,
530 679 739 745 Farinaccius
754 680 908 746 invocant
918 680 1043 764 stylum
1055 681 1219 745 curiarum
1233 687 1266 744 et
1278 681 1386 745 varios
1401 680 1504 765 stylos

327 801 500 886 explicant,
514 802 567 886 qui
585 822 649 867 non
665 804 866 869 concordant
880 804 913 867 in
930 803 1024 868 modo
1040 804 1252 890 legitimandi
1264 822 1474 887 processum.
1490 842 1503 852 -

326 927 477 991 (leterum
493 946 536 990 ne
560 927 687 991 recurri
711 926 837 1009 quidem
863 932 967 1011 potest
989 926 1030 991 ad
1053 928 1102 993 ius
1117 930 1287 1001 naturate,
1304 928 1450 1013 equidem
1470 929 1502 991 in

327 1070 480 1135 processu
499 1069 589 1134 pure
612 1049 806 1135 inquisitiva
823 1057 856 1115 et
879 1052 911 1114 in
934 1071 1087 1136 processu
1106 1053 1319 1121 aeneatoris
1335 1073 1400 1118 non
1413 1052 1503 1119 adhi-

326 1175 421 1242 betur
435 1176 624 1261 legitimatio
639 1169 884 1262 processus'seu
900 1178 1049 1262 repetitio
1064 1178 1202 1251 testium,
1216 1180 1290 1262 quia
1301 1178 1366 1243 alia
1378 1180 1503 1243 ratione

327 1301 522 1365 evolvuntur
533 1300 749 1385 probationes.
764 1301 906 1376 -Quare
921 1301 1042 1367 intima
1054 1304 1137 1369 ratio
1153 1302 1248 1368 huius
1262 1301 1503 1387 legitimationis

328 1444 392 1518 uon
416 1427 579 1509 reperitur
594 1426 655 1490 nisi
667 1426 699 1490 in
724 1431 842 1491 natura
853 1444 1034 1507 processus
1049 1426 1158 1493 mixti.
1173 1426 1258 1492 Sane
1273 1425 1417 1491 defectus
1430 1428 1505 1491 cita·

327 1553 424 1617 tionis
447 1537 506 1631 rei,
523 1553 630 1637 prouti
654 1551 839 1617 considerat
851 1552 1039 1637 Pellegriui‚
1058 1572 1122 1616 non
1142 1559 1192 1617 est
1207 1553 1289 1617 ratio
1303 1551 1503 1617 immediata

328 1681 362 1740 et
383 1675 578 1741 necessaria
600 1676 766 1751 nullitate,
790 1676 889 1741 veluti
913 1695 934 1739 a
955 1676 1110 1741 naturali
1132 1676 1208 1741 iure
1230 1675 1394 1751 derivata;
1419 1695 1504 1749 nam,

328 1806 361 1867 et
383 1802 453 1885 ipse
475 1799 667 1871 considerat.
685 1801 847 1866 nonnullis
870 1802 903 1865 in
926 1800 1063 1873 casibus,
1080 1820 1173 1886 posse
1197 1801 1350 1866 deveneri
1366 1800 1408 1865 ad
1431 1820 1505 1866 con·

328 1925 565 1990 damnationem
596 1927 673 2009 quin
700 1924 812 1991 habita
841 1928 883 1991 sit
913 1926 1045 1992 testium
1071 1927 1224 2009 repetitio
1248 1932 1280 1991 et
1307 1926 1503 2012 tepirimatto

325 2066 528 2129 processum
551 2046 665 2112 ethos
689 2066 782 2113 casus
806 2047 955 2113 reterens
977 2050 998 2114 i.
1023 2049 1076 2115 eit.
1101 2048 1506 2115 assumendorum

248 2236 251 2241 .
329 2179 428 2236 casus
443 2176 491 2236 est
505 2170 698 2237 incrimine
720 2171 870 2237 noeais
886 2192 917 2236 ›.
930 2173 1027 2255 Atqui
1051 2174 1085 2237 in
1101 2173 1237 2237 crimine
1253 2174 1399 2238 haeresis
1415 2172 1505 2237 nulla

329 2292 365 2359 iit
379 2294 568 2380 legitimatio
584 2300 616 2359 et
637 2296 767 2361 testium
785 2297 933 2381 repetitio
948 2298 1023 2380 quia
1045 2297 1218 2362 adhibetur
1233 2316 1404 2381 processus
1417 2315 1505 2378 pure

328 2418 554 2503 inquisitione.
572 2417 814 2494 Quamobrem
836 2422 920 2484 ratio
943 2420 1064 2485 intimo
1087 2425 1120 2485 et
1134 2421 1283 2487 inuidiae
1306 2422 1507 2487 necessitatis

328 2542 527 2629 legitimandi
543 2561 715 2628 processus
737 2548 788 2609 est
810 2544 1022 2629 repetendae
1041 2551 1158 2612 natura
1173 2546 1398 2614 decoctionis
1421 2544 1507 2612 insti-

329 2674 418 2735 tutae
440 2669 473 2732 in
493 2687 658 2750 processu
679 2668 808 2752 mimt03
823 2689 905 2752 quae
928 2670 1002 2735 dum
1019 2671 1195 2736 instituitur
1217 2669 1411 2753 formaliter
1433 2674 1506 2755 post

331 2793 493 2877 expletam
510 2793 675 2877 praeviam
690 2793 952 2877 iaquisitionem,
970 2813 1035 2858 non
1051 2800 1156 2878 potest
1172 2795 1317 2860 inchoari
1334 2797 1394 2860 nisi
1410 2795 1507 2861 citato

330 2936 398 2989 reo,
415 2917 467 2982 cui
487 2916 585 2982 iudex
608 2922 810 2983 contestatur
832 2927 865 2984 et
883 2920 1120 2984 accusationem
1144 2927 1177 2986 et
1198 2921 1414 2986 accusationis
1436 2920 1507 2986 fun-

331 3041 481 3108 damenta
502 3063 560 3108 seu
575 3043 790 3128 probationes,
803 3044 988 3127 publicato,
1004 3047 1050 3111 uti
1067 3051 1157 3110 notat
1173 3044 1350 3130 Pellegrini
1367 3049 1387 3110 1.
1406 3047 1459 3112 cit.
1475 3067 1505 3112 v.

331 3188 364 3232 a.
380 3169 411 3240 9,
425 3186 589 3251 processu
604 3159 834 3251 informatioo.
849 3170 954 3245 Quum
966 3191 1045 3235 vero
1058 3191 1134 3236 reus
1150 3173 1387 3236 accusationem
1400 3172 1504 3236 statim

334 3293 494 3377 repellere
517 3298 625 3379 posset
646 3293 837 3378 excipiendo
854 3294 1009 3360 adversus
1024 3263 1122 3361 testes
1142 3302 1174 3362 et
1193 3299 1430 3364 attestationem
1447 3318 1505 3382 per

333 3424 441 3485 notam
453 3406 602 3503 ‘regulam
620 3438 638 3481 s
653 3438 710 3484 res
730 3419 818 3486 iuter
831 3417 918 3486 aiios
933 3425 1009 3486 acta
1025 3421 1120 3488 noto
1136 3441 1246 3507 aeque
1260 3441 1383 3489 meare
1397 3443 1508 3508 aeque

328 3542 492 3625 prodesse
511 3546 619 3622 potest
636 3562 654 3605 a
673 3540 748 3606 inde
771 3562 830 3626 per
846 3545 1027 3608 citationem
1052 3544 1244 3610 admonetur
1264 3551 1297 3609 et
1316 3547 1509 3611 convenitur

334 3672 368 3730 ut
390 3672 564 3751 cognoscat
578 3671 678 3732 testes
693 3665 753 3732 sibi
775 3658 988 3735 adversantes
1003 3688 1122 3751 eosque
1145 3669 1278 3755 adigere
1299 3672 1407 3755 possit,
1425 3676 1507 3755 post·

332 3810 427 3874 quam
451 3790 569 3855 viderit
583 3791 702 3862 iurare,
719 3790 761 3856 ad
783 3793 990 3876 repetendam
1007 3794 1243 3859 attestationem
1260 3814 1368 3860 coram
1394 3795 1507 3866 iudice,

333 3916 557 4002 respondendo
581 3935 706 4001 quoque
730 3918 822 3982 novis
845 3919 1105 4004 interrogatoriis
1129 3939 1149 3984 a
1171 3941 1206 3986 se
1230 3920 1391 3986 exhibitis.

422 4041 548 4127 Stylum
571 4043 735 4107 curiarum
763 4041 863 4108 luisse
892 4043 1017 4108 varium
1044 4044 1078 4107 in
1101 4046 1320 4131 legitimuodo
1344 4065 1509 4128 processu

334 4166 428 4234 docet
452 4166 628 4252 Pellegrini
652 4168 713 4234 loc.
738 4169 790 4234 eit.
815 4174 849 4234 et
874 4169 949 4252 quid
980 4171 1185 4237 constituerit
1209 4171 1286 4236 Pius
1309 4152 1373 4236 1111
1400 4171 1507 4238 Const.

335 4289 413 4357 Post
436 4292 629 4362 diuturnus.
654 4294 741 4357 inira
765 4294 944 4366 innuamus,
968 4295 1023 4360 sed
1049 4296 1131 4361 haec
1153 4297 1245 4360 modo
1269 4298 1420 4382 persequi
1444 4317 1508 4361 non

335 4415 432 4487 iuvat,
443 4423 482 4479 ‘et
501 4413 621 4480 sufficit
642 4417 815 4481 advertere
838 4419 945 4482 varias
968 4417 1162 4503 procedendi
1187 4421 1330 4484 rationes
1353 4419 1418 4484 hnc
1441 4439 1509 4504 spe
