3350 5100
371 287 435 364 408
881 310 964 366 raes
988 309 1038 364 111.

369 442 431 508 Sed
463 444 495 506 in
526 443 684 527 quodnam
716 448 840 529 tempus
870 445 1035 528 suspendi,
1052 451 1157 530 potest
1179 447 1334 511 eiusmodi
1366 445 1534 512 sententiat

368 569 443 636 (lod.
461 572 515 634 cit.
533 570 632 655 Greg.
649 576 710 634 art.
730 569 795 634 446
819 570 1002 654 respondet,
1025 572 1196 636 recusumi
1214 592 1315 654 posse
1333 592 1536 654 processum.
1627 662 1628 665 Ἴ

367 715 544 780 quousque
567 696 732 761 terminus
756 697 1038 778 praescriptionis
1060 717 1131 763 mou
1154 697 1385 781 dilapsuras
1413 734 1429 745 ·
1456 699 1538 762 llaec

367 820 487 885 decisio
512 841 574 884 non
598 826 646 886 est
669 787 776 884 aliena
798 822 906 904 alege
930 822 1126 888 ecolesimo
1149 825 1247 888 etiem
1272 825 1305 886 in
1328 823 1405 888 foro
1429 824 1537 887 eccles.

367 947 493 1010 servari
517 950 637 1030 potest.
663 947 926 1029 quotiescumque
948 944 1106 1010 absolutio
1129 949 1271 1011 accusati
1297 947 1449 1012 videatur
1470 965 1538 1010 con-

365 1071 530 1136 tradicere
552 1071 681 1136 veritati
705 1069 801 1134 facile
826 1071 858 1132 in
882 1074 1045 1154 posterum
1070 1069 1270 1154 detegendae
1293 1078 1327 1135 et
1342 1091 1403 1155 per
1427 1071 1540 1137 huram

366 1196 527 1282 publicam
548 1195 770 1261 denunciatae.
789 1197 889 1260 Seous
913 1197 1001 1260 iuvat
1023 1195 1218 1280 abrumpere
1234 1216 1341 1260 moras
1360 1204 1404 1266 et
1421 1197 1468 1262 uti
1481 1215 1540 1258 mo

367 1331 445 1392 nent
469 1324 640 1390 Monaeelli
665 1322 822 1407 Appemd.
848 1323 896 1388 ad
917 1322 1020 1405 form.
1045 1326 1107 1409 th.
1121 1331 1231 1419 pract.
1257 1325 1357 1390 decis.
1382 1324 1438 1393 13.
1461 1345 1494 1388 a.
1510 1325 1539 1395 4,

368 1456 400 1516 et
422 1451 636 1515 Matteuccius
659 1451 679 1514 l.
697 1451 750 1515 cit.
776 1448 955 1514 decernere
978 1449 1232 1522 absolutionem,
1253 1453 1338 1532 quia.
1355 1455 1541 1514 accusatore

366 1597 431 1641 uon
448 1576 614 1662 probante,
631 1580 816 1640 accusatum
831 1573 1002 1638 absolvere
1017 1579 1153 1658 oportet.
1170 1582 1204 1639 et
1217 1580 1305 1655 tunc,
1322 1577 1414 1638 iuxta
1430 1595 1503 1656 cap.
1519 1574 1540 1636 6

365 1702 416 1767 De
438 1721 549 1768 accus.
566 1702 598 1764 X
620 1700 675 1784 (V.
695 1699 725 1786 l)
752 1721 768 1760 ‹
788 1701 836 1763 De
861 1699 912 1763 his
935 1699 1143 1771 criminibus.
1160 1701 1202 1764 de
1225 1701 1349 1784 quibus
1371 1700 1540 1766 absolutus
1627 1706 1629 1727 ¹

365 1832 415 1892 est
435 1831 625 1902 accusatus,
648 1835 718 1890 nou
737 1828 847 1906 potest
870 1823 1041 1890 accusatio
1064 1824 1273 1906 replicari».

454 1951 529 2016 342.
555 1948 769 2024 Quamobrem
793 1949 884 2014 locus
900 1955 951 2015 est
965 1950 1149 2041 exceptioni
1171 1949 1223 2016 rei
1244 1951 1428 2015 iudicatae.
1444 1970 1538 2034 oppo-

365 2077 491 2142 nendae
506 2098 527 2141 a
542 2081 727 2162 promotore
743 2073 843 2140 fiscali
867 2077 1023 2140 adversus
1040 2083 1131 2141 reum
1146 2075 1330 2141 damnatum
1354 2083 1411 2141 aut
1434 2095 1536 2159 quem·

365 2222 427 2287 que
450 2204 556 2274 alium,
578 2205 631 2286 qui
655 2203 847 2266 sententiam
872 2203 1196 2274 condemnatoriam.
1221 2202 1446 2287 praeterlapso
1468 2207 1540 2265 tem-

365 2350 443 2416 pore
459 2329 530 2396 utili
544 2327 585 2392 ad
601 2326 835 2414 appellandum.
854 2328 932 2392 velit
952 2329 1068 2392 iterum
1085 2329 1117 2390 in
1134 2330 1353 2411 quaestionem
1368 2327 1536 2393 adducere.

364 2457 489 2521 Verum
512 2455 596 2520 haec
619 2456 767 2539 exceptio
791 2473 856 2517 non
879 2457 976 2525 vetat.
1001 2455 1169 2536 quominus
1196 2455 1349 2539 gravibus
1371 2454 1412 2517 de
1434 2453 1538 2518 causis

363 2582 534 2668 aliquando
549 2580 684 2647 concedi
700 2582 798 2664 possit
814 2580 937 2645 remeia
948 2599 1139 2673 processus,
1156 2599 1214 2644 seu
1230 2579 1407 2646 remedium
1423 2586 1536 2644 extra·

364 2708 597 2778 ordinarium.
623 2708 666 2772 uti
691 2723 790 2791 supra
813 2704 1028 2790 probavimus,
1054 2724 1115 2789 quo
1138 2724 1233 2769 sensu
1257 2705 1437 2769 sententiae
1461 2726 1535 2773 cou-

363 2832 607 2904 dcmuatoriae.
632 2834 666 2897 in
688 2830 933 2898 criminalibus.
957 2831 1110 2895 dicuntur
1139 2849 1203 2894 non
1233 2832 1377 2894 transire
1406 2830 1445 2896 iu
1467 2850 1536 2895 rem
1627 2797 1628 2802 ἵ

361 2958 559 3023 iudicatam
575 2956 765 3041 -Exceptio
788 2955 841 3021 rei
863 2955 1034 3020 iudicatae
1056 2954 1227 3038 opponitur
1247 2955 1479 3037 peremptorie
1499 2954 1535 3018 ab

363 3084 403 3151 ab
426 3086 494 3170 ipso
518 3089 669 3150 accusato
690 3083 789 3147 semel
810 3080 961 3147 absoluto
985 3100 1044 3164 per
1067 3084 1260 3145 sententiam
1283 3080 1533 3149 absolutorium.

362 3211 486 3294 quoties
509 3227 679 3294 processus
701 3208 917 3273 accusationis
940 3207 1056 3270 iterum
1081 3206 1255 3270 instaurari
1280 3206 1389 3271 vellet.

366 3404 370 3412 ,
452 3333 527 3398 343.
552 3334 604 3397 Eu
628 3332 737 3397 verbis
760 3331 887 3396 articuli
904 3334 994 3415 patet
1009 3328 1272 3413 disceptationem
1286 3332 1450 3415 praemitti
1466 3349 1535 3395 sen-

361 3460 482 3523 tentiae
505 3458 546 3522 ad
569 3456 796 3522 declarandam
818 3455 903 3537 sacti
926 3460 956 3520 et
978 3455 1066 3521 iuris
1088 3456 1319 3539 quaestionem,
1337 3461 1369 3519 et
1388 3456 1472 3519 haee
1495 3457 1534 3519 ita

361 3591 454 3651 arcte
476 3566 562 3651 inter
578 3604 612 3649 se
630 3585 778 3648 connecti
803 3587 837 3648 ut
860 3583 961 3648 veluti
975 3602 1045 3649 uuo
1062 3588 1222 3649 contemtu
1244 3581 1368 3648 absolvi
1388 3580 1533 3646 debeant

361 3710 452 3785 Quod
476 3712 503 3776 si
526 3710 723 3794 disceptatio.
741 3729 805 3773 una
819 3708 984 3773 audientia
1007 3708 1232 3774 ent-sessione
1254 3728 1318 3771 non
1340 3706 1533 3785 absolvatur,

361 3838 480 3923 (prouti
504 3836 675 3919 aliquando
698 3832 770 3899 fieri
786 3833 996 3917 advertimus)
1011 3840 1120 3899 tamen
1135 3839 1285 3898 servatur
1308 3835 1444 3898 intentio
1462 3834 1535 3897 arti-

361 3962 426 4028 culi
442 3982 539 4047 qnum
563 3959 755 4031 immediate.
774 3964 845 4045 post
862 3958 1039 4042 absolutam
1063 3958 1337 4043 disceptationem,
1358 3977 1423 4022 non
1439 3960 1534 4021 inter-

359 4088 463 4171 posita
486 4106 577 4151 more
600 4106 657 4151 seu
683 4084 845 4164 dilatione,
863 4083 970 4148 editur
992 4085 1152 4149 sententia
1175 4082 1227 4146 vel
1246 4069 1466 4162 absolutoria,
1483 4082 1531 4145 uel

360 4212 649 4278 condemnatoria.
685 4210 758 4276 Hoc
791 4214 999 4295 praeceptum
1033 4209 1155 4273 clarius
1189 4210 1233 4273 ita
1267 4205 1468 4292 significetur
1502 4208 1531 4269 in
1627 4245 1628 4256 .

360 4343 421 4401 art.
439 4336 504 4402 438
527 4336 596 4403 eod.
622 4339 674 4403 cit.
694 4336 802 4421 Greg.:
823 4335 1021 4402 erlbsotuto
1043 4334 1294 4417 disceptatione,
1317 4333 1454 4405 iudices.
1475 4332 1532 4416 qui

322 4539 328 4544 ,
359 4461 507 4529 dimissis
530 4463 616 4537 otiis.
636 4464 674 4528 iu
696 4463 780 4528 aula
803 4460 998 4527 audientiae
1015 4464 1232 4544 permaneat,
1247 4458 1328 4525 iude
1350 4458 1444 4524 otii-e
1462 4476 1530 4524 nou
