3350 5100
340 275 406 340 546
555 270 560 280 “
855 293 936 340 reas
963 295 1012 342 111.

340 420 526 484 necessaria
538 422 573 482 ut
583 416 695 482 eadem
708 416 862 483 fruantur
878 419 974 483 etiam
988 418 1155 485 Ordinarii
1170 419 1315 486 locorum
1328 439 1520 504 quamquam

340 561 399 625 pro
412 543 459 605 rei
472 541 632 626 gravitate
646 560 710 604 non
722 559 762 604 ea
774 542 819 604 uti
832 538 972 606 debeant
984 543 1044 607 nisi
1057 563 1156 626 parce
1169 550 1202 607 et
1213 544 1434 609 maximacum
1448 564 1521 628 pru·

339 667 457 743 dentia;
471 666 637 750 siquidem,
655 670 690 730 ut
705 666 878 750 plurimum
895 665 1056 733 efficacius
1073 669 1154 732 haec
1171 669 1346 752 prohibitio
1360 689 1380 734 a
1393 669 1424 736 S.
1438 670 1521 736 Sede

338 790 536 856 decernitur.
554 789 697 854 Proinde
712 810 785 856 cum
802 791 947 856 haeresis
964 792 1129 856 Luterana
1146 793 1259 876 impias
1278 793 1442 859 doctrinas
1457 813 1520 860 ma-

337 917 428 981 xime
450 935 510 1002 per
534 915 632 981 libros
656 916 890 990 disseminaret,
915 915 1035 980 Paulus
1061 917 1108 980 IV
1133 916 1313 982 huiusmodi
1345 937 1521 1003 pravorum

333 1041 497 1148 'librorum
520 1040 665 1106 Iudicem
689 1039 851 1106 conficere
876 1043 1002 1106 curavit
1019 1060 1061 1105 ex
1077 1042 1224 1107 consulto
1240 1039 1273 1106 S.
1290 1042 1325 1109 C.
1343 1043 1375 1110 S.
1395 1045 1428 1109 U.
1449 1045 1519 1128 lnq.

339 1164 550 1249 eumdemque
575 1185 661 1228 anuo
688 1165 774 1231 1557
797 1165 954 1250 publicari
979 1167 1078 1230 iussit.
1104 1167 1185 1230 Dein
1209 1166 1296 1230 Trid.
1318 1168 1436 1232 Patres
1458 1187 1521 1251 quo

339 1294 464 1377 aptiore
480 1290 632 1357 methodo
646 1290 751 1356 Index
763 1289 981 1357 conficeretur
993 1296 1158 1357 annuente
1172 1292 1231 1358 Pio
1244 1292 1302 1364 IV,
1316 1292 1356 1356 ad
1368 1293 1431 1358 hoc
1443 1313 1523 1378 opus

339 1413 511 1499 elegerunt
539 1413 759 1499 duodeviginti
792 1415 908 1479 Patres
939 1415 992 1497 qui
1017 1414 1139 1498 Synodi
1168 1413 1377 1480 Tridentinae
1404 1433 1521 1499 appro-

339 1539 457 1604 bationi
483 1539 627 1605 Iudicem
650 1559 671 1604 a
692 1560 728 1604 se
758 1539 944 1604 confectum
976 1538 1172 1620 obtulerunt,
1197 1537 1331 1604 adiectis
1362 1539 1522 1624 aliquibus

339 1663 544 1750 generalibus
569 1664 691 1747 regulis
706 1664 798 1729 iuxta
813 1682 893 1748 quas
909 1661 1021 1728 fideles
1037 1683 1057 1727 a
1073 1663 1236 1728 nonnullis
1260 1663 1352 1730 libris
1375 1664 1522 1749 legendis

338 1789 541 1854 abstinerent
564 1790 623 1854 etsi
648 1788 806 1872 singulari
828 1787 962 1854 decreto
987 1809 1051 1854 non
1074 1787 1254 1873 prohibitis.
1280 1789 1405 1853 Verum
1428 1789 1521 1854 abso-

338 1910 406 1974 luto
422 1910 611 1975 Tridentino
627 1911 770 1977 Concilio
785 1916 958 1995 antequam
984 1911 1100 1977 Patres
1117 1911 1237 1976 Indicis
1257 1911 1521 1997 approbationem

338 2035 565 2107 decernerent,
583 2035 677 2100 iidem
701 2037 867 2120 petierunt
888 2056 909 2101 a
926 2037 984 2100 Pio
1002 2037 1060 2105 lV,
1086 2039 1121 2100 ut
1144 2055 1261 2101 novum
1280 2036 1423 2102 lndicem
1447 2057 1520 2102 cum

338 2161 492 2244 appositis
516 2161 638 2246 regulis
654 2161 727 2244 Ipse
747 2157 912 2226 conficere
936 2165 969 2234 et
990 2159 1089 2226 edere
1113 2161 1312 2246 dignaretur.
1331 2161 1421 2236 Quod
1446 2135 1521 2247 per-

338 2282 427 2364 fecit,
451 2283 606 2367 siquidem
630 2282 781 2348 adhibitis
803 2286 837 2348 in
862 2283 1030 2349 consilium
1056 2285 1258 2368 peritissimis
1277 2286 1357 2350 viris
1378 2285 1520 2350 Iudicem

339 2408 481 2473 confecit
504 2414 537 2472 et
560 2408 609 2472 edi
633 2409 813 2474 mandaor't
838 2429 910 2472 cum
935 2408 1068 2475 adiectis
1093 2409 1145 2474 10.
1173 2409 1305 2494 [tegulis
1329 2429 1388 2494 per
1412 2409 1519 2476 Consi..

342 2554 360 2595 ‹
377 2533 546 2599 Dominici
564 2531 686 2619 Grepis
702 2555 733 2594 ».
750 2531 812 2599 Sed
829 2532 925 2598 hodie
948 2534 1059 2617 rigent
1074 2554 1184 2600 novae
1201 2535 1346 2619 Regulae
1365 2535 1471 2601 editae
1486 2536 1520 2599 in

339 2658 446 2723 const.
463 2656 659 2741 officiorum
671 2663 702 2723 et
713 2677 912 2740 munerum
924 2677 1018 2742 quam
1032 2661 1238 2723 commentati
1251 2680 1360 2725 sumus
1372 2659 1446 2729 Vol.
1457 2660 1518 2725 lll.

339 2802 368 2866 p.
394 2781 460 2847 422
483 2800 528 2865 sq.
556 2815 573 2828 -
600 2780 649 2845 Ad
676 2780 774 2851 haec,
799 2780 927 2847 assidue
959 2782 1156 2866 vigilandum
1184 2786 1272 2854 erat,
1298 2788 1333 2847 ut
1364 2784 1439 2847 novi
1465 2784 1519 2865 qui

339 2906 517 2971 ederentur
539 2925 641 2989 prave
664 2907 776 2990 scripti
791 2906 864 2971 libri
884 2905 985 2970 ludici
1008 2908 1249 2981 insererentur;
1267 2908 1318 2971 cui
1343 2908 1432 2991 operi
1456 2908 1519 2969 iam

338 3028 549 3095 adlaborabat
571 3030 602 3094 S.
628 3029 844 3115 congregatio
869 3029 1104 3113 Inquisitionis;
1129 3034 1163 3094 at
1186 3030 1421 3125 consultissime
1444 3030 1523 3095 huic

339 3155 466 3219 muneri
485 3156 561 3227 Pius
578 3155 610 3218 V
626 3155 796 3238 specialem
813 3157 1000 3240 praeposuit
1017 3155 1051 3221 S.
1072 3154 1375 3241 Conprepationem
1392 3155 1522 3221 Indicis

339 3278 379 3343 ob
395 3280 427 3343 in
445 3279 513 3343 dies
529 3286 731 3344 crescentem
747 3279 904 3344 librorum
921 3279 1103 3345 colluviem.
1119 3280 1164 3344 lle
1180 3281 1275 3345 huius
1292 3279 1410 3367 Oongr.
1422 3299 1522 3363 scopo

339 3409 373 3469 et
388 3402 427 3467 de
442 3403 511 3468 eius
534 3402 722 3469 officialibus
738 3406 784 3468 ita
799 3404 942 3487 loquitur
959 3403 1077 3468 Bened.
1096 3405 1179 3470 XIV
1197 3405 1430 3471 Constitutione
1446 3402 1520 3471 Sol-

339 3526 439 3591 licita.
468 3544 487 3586 ‹
504 3526 644 3607 Eiusque
667 3528 834 3611 proprium
858 3546 898 3591 ac
921 3525 992 3590 fere
1017 3528 1144 3591 unicum
1163 3524 1302 3593 officium
1319 3535 1376 3609 est,
1393 3528 1426 3591 in
1443 3548 1522 3592 esa-

339 3671 414 3720 meu
429 3649 529 3716 libros
545 3668 665 3714 vocare
681 3648 720 3713 de
736 3670 873 3733 quorum
887 3654 1125 3735 proscriptione
1140 3650 1365 3717 emendatione
1380 3652 1433 3716 vel
1449 3672 1522 3737 per-

339 3774 489 3837 missione
505 3771 663 3857 capienda
678 3778 726 3835 est
742 3771 943 3837 deliberatio,
959 3773 1074 3837 Plures
1090 3774 1315 3858 complectitur
1329 3773 1522 3841 Cardinales

338 3897 399 3981 ipsi
422 3916 441 3960 a
466 3895 623 3962 Pontifice
646 3897 836 3983 adscriptos.
855 3898 908 3962 Ex
924 3898 970 3962 eis
986 3918 1067 3962 unus
1083 3897 1226 3963 eiusdem
1251 3898 1521 3984 congregationis

340 4021 532 4087 Praefectus
556 4023 674 4086 existit.
692 4021 857 4090 Assistens
881 4042 961 4086 vero
985 4028 1159 4107 perpetuus
1182 4028 1231 4087 est
1254 4024 1410 4109 Magister
1427 4024 1520 4089 Sacri

341 4142 467 4205 Palatii.
492 4141 695 4207 Secretarius
726 4149 833 4207 autem
857 4144 1003 4228 aprima
1027 4143 1292 4228 Congregationis
1319 4146 1521 4211 institutione

340 4284 440 4349 usque
463 4268 495 4329 in
519 4272 723 4349 praesentem
748 4266 832 4331 diem
849 4286 892 4330 ex
909 4267 1032 4332 Ordine
1049 4269 1200 4335 Fratrum
1218 4267 1521 4335 Praedicatoruma

339 4385 471 4454 Summo
489 4388 646 4454 Pontifice
661 4390 738 4475 eligi
754 4390 932 4455 consuevit.
946 4392 1026 4457 Sunt
1037 4397 1210 4478 praeterea
1222 4413 1264 4457 ex
1276 4398 1412 4477 utroque
1429 4394 1520 4459 clero
