3350 5100
534 330 578 376 ns
602 331 756 378 usticam
780 333 823 378 sr
847 332 966 379 roaros
1300 309 1338 374 41

295 453 328 539 2)
352 455 390 519 In
414 455 550 520 adnexis
565 475 645 520 vero
660 463 903 540 consequenter
916 455 1095 540 principale
1111 459 1161 519 est
1176 452 1344 536 spirituale

158 585 193 642 et
206 579 427 644 accessorium
443 587 492 642 est
507 578 700 663 temporale;
714 597 816 662 quare
831 579 1010 664 permutari
1027 573 1186 642 beneficia
1199 595 1262 639 non
1277 595 1345 660 pos·

159 711 237 770 sunt
258 707 328 770 sine
352 707 487 770 simonia
510 706 623 772 saltem
647 707 734 770 iuris
755 706 906 771 humani.
930 707 1066 789 Inquam
1087 741 1106 753 -
1123 705 1236 769 saltem
1257 704 1344 769 iuris

161 827 308 892 hamoni
319 863 337 876 ·
353 830 426 911 quia
441 829 467 892 si
485 829 619 892 intentio
635 828 736 894 subsit
749 827 956 912 comparandi
974 830 1078 928 pretio
1091 828 1261 912 temporali
1273 847 1344 890 rem

162 971 301 1032 sacram,
318 953 453 1017 simonia
476 959 525 1018 est
546 953 633 1018 iuris
657 953 765 1018 divini
788 961 821 1019 et
845 953 976 1038 planum
1001 957 1051 1016 est
1073 950 1128 1037 (1).
1149 954 1217 1015 lmo
1240 949 1345 1034 quoad

162 1077 345 1160 pensiones,
361 1074 519 1142 beneficia
543 1082 576 1141 et
591 1075 696 1142 officia
722 1077 954 1145 ecclesiastica.
970 1095 1053 1157 quae
1076 1094 1193 1160 nempe
1208 1074 1251 1140 ab
1267 1075 1344 1157 lipi-

162 1220 266 1283 scopo
289 1202 421 1268 clericis
451 1201 677 1282 confoveatur
701 1207 734 1266 ut
756 1209 830 1266 sunt
861 1199 1000 1266 officium
1025 1201 1149 1265 Vicarii
1174 1200 1344 1266 Generalis

163 1327 216 1392 vel
234 1327 359 1392 Vicarii
384 1327 523 1392 Foranei
547 1330 635 1414 viget
651 1329 730 1392 iuris
749 1329 897 1392 canonici
913 1331 1122 1412 praeceptum
1138 1325 1344 1390 enunciatum

164 1453 198 1515 in
214 1471 241 1516 c.
256 1471 284 1517 c.
299 1453 329 1533 8,
340 1452 390 1516 De
401 1453 515 1534 pactis
526 1453 559 1516 X
570 1451 607 1536 (Ι,
622 1452 677 1538 35)
691 1459 723 1516 et
735 1453 765 1524 5,
777 1453 826 1517 De
836 1471 957 1518 rerum
971 1455 1130 1534 permut..
1144 1451 1178 1515 X
1189 1448 1263 1533 (ill,
1280 1448 1343 1531 19),

164 1595 281 1661 nempe
296 1578 402 1660 prouti
420 1575 560 1641 edicitur
574 1578 607 1640 in
623 1577 676 1641 cit.
695 1595 768 1659 cap.
786 1575 836 1642 De
848 1576 961 1658 pactis
975 1596 994 1637 ι
1006 1573 1184 1640 Pactioocs
1198 1573 1343 1658 foetae...

160 1701 458 1786 proquibusdam
487 1701 722 1784 spiritualibus
753 1702 943 1784 obtinendis
974 1721 1053 1768 eum
1082 1701 1120 1764 io
1151 1699 1345 1765 huiusmodi

165 1825 276 1898 omnis
287 1827 413 1908 pactio,
430 1829 609 1909 omnisque
627 1825 800 1891 conventio
817 1824 936 1890 debeat
951 1824 1090 1890 omnino
1107 1841 1248 1896 cessare,
1272 1824 1346 1888 out-

166 1948 231 2014 tius
250 1949 390 2031 pesitus
411 1955 490 2013 sunt
513 1949 722 2014 momenti».

255 2072 391 2156 Inquam
413 2073 529 2157 quoad
552 2073 663 2156 officia
686 2072 790 2138 eccles
792 2121 845 2142 .....
862 2091 936 2137 nam
951 2069 1058 2137 officia
1080 2071 1346 2154 temperabant

166 2198 304 2264 officium
329 2199 474 2285 syndaci
492 2199 620 2274 aeditui,
639 2199 737 2265 hodie
761 2219 824 2263 uon
848 2198 982 2264 subsunt
997 2199 1074 2263 huic
1090 2199 1240 2283 regulae3
1256 2201 1345 2264 anti-

166 2326 279 2408 quitus
295 2327 381 2391 enim
397 2325 569 2405 suberant3
585 2323 626 2390 cf.
645 2324 968 2410 Schmalzgrueberg,
990 2323 1020 2387 V.
1039 2324 1069 2387 b.
1087 2329 1107 2389 t.
1125 2324 1222 2407 2255
1238 2323 1345 2389 D'An·
1445 2395 1449 2402 ,

167 2447 282 2522 nibale,
308 2451 329 2514 t.
354 2469 381 2514 c.
398 2471 432 2514 n.
449 2449 528 2531 113;
552 2447 657 2513 officia
673 2467 752 2512 vero
775 2447 1011 2530 ecclesiastico,
1030 2467 1113 2531 quae
1129 2449 1281 2512 nimirum
1305 2448 1346 2512 ab

255 2642 295 2710 (i)
315 2642 366 2696 Hic
385 2643 530 2698 advertere
550 2648 683 2711 praestat,
701 2642 844 2695 obiectum
864 2643 999 2696 simoniae
1018 2644 1089 2694 iuris
1107 2643 1164 2693 div.
1185 2657 1246 2695 esse
1266 2658 1345 2710 posse

167 2756 225 2803 tum
244 2766 291 2804 res
308 2751 470 2819 spirituales
490 2755 548 2803 tum
570 2750 737 2819 temporales
757 2750 878 2804 adnexas
897 2748 1099 2817 spiritualibus.
1111 2749 1210 2815 Quare,
1228 2748 1346 2802 dixerim

167 2872 235 2925 pace
253 2854 289 2909 cl.
310 2855 452 2919 Vi1·i‚non
472 2856 565 2925 placet
585 2856 684 2909 divisio
709 2872 791 2927 quam
818 2855 926 2909 inducit
945 2854 1128 2920 D'itnnibale,
1143 2867 1246 2921 ‘nempe
1265 2856 1348 2909 simo·

167 2964 242 3016 niam
260 2966 333 3016 iuris
351 2965 406 3016 div.
427 2963 530 3016 versari
545 2962 619 3015 circe
638 2980 685 3015 res
703 2964 876 3032 spirituales,
890 2962 1037 3014 simoniam
1049 2962 1165 3015 humani
1183 2964 1254 3016 iuris
1272 2962 1348 3016 circa

168 3084 211 3122 res
231 3069 399 3139 temporales
411 3070 533 3123 adnexas
546 3069 749 3138 spiritualibus.
766 3070 899 3140 Equidem
914 3068 966 3121 hoc
979 3084 1075 3124 verum
1089 3074 1140 3134 est,
1152 3069 1199 3124 sed
1214 3069 1347 3123 tractatio

166 3172 265 3226 taliter
283 3172 371 3225 diuisa
390 3174 472 3226 effert
490 3172 624 3226 maiorem
649 3172 855 3237 difficultatem,
877 3179 906 3226 et
926 3172 1071 3225 materiam
1096 3153 1185 3240 magis
1210 3171 1346 3242 implicat.

167 3280 309 3349 Siquidem
327 3282 399 3333 iuris
417 3282 474 3333 diu.
494 3281 613 3333 simonia
631 3281 717 3335 etiam
737 3281 812 3333 circa
828 3298 873 3333 rea
892 3280 1013 3334 adnexas
1037 3279 1231 3348 spiritualibus
1249 3280 1348 3334 admit·

168 3388 238 3440 titur·
256 3388 366 3458 quando
384 3388 412 3441 in
433 3388 476 3440 bis
495 3388 598 3442 emitur
616 3387 688 3457 quod
701 3387 810 3441 accedit
823 3388 970 3456 dignitatis
988 3404 1023 3441 ex
1042 3387 1198 3441 adiectione
1212 3405 1274 3441 cum
1293 3390 1349 3457 spi-

168 3496 325 3548 ritualibus.
344 3495 529 3556 Quamobrem
550 3496 578 3547 D.
594 3496 624 3547 D.
645 3495 794 3563 plurimum
808 3495 968 3563 discrepant
986 3495 1060 3548 inter
1079 3512 1109 3549 se
1127 3495 1192 3548 dum
1209 3502 1348 3565 quaerunt

168 3620 203 3655 an
222 3604 343 3656 simonia
361 3602 390 3655 in
410 3604 504 3673 aliquo
528 3619 593 3655 casu
612 3604 649 3655 sit
668 3604 739 3655 iuris
761 3605 816 3656 div.
837 3603 882 3656 vel
900 3604 1023 3654 bunwoi.
1044 3629 1056 3642 ·
1078 3602 1236 3665 Praeterea,
1255 3603 1348 3670 prouti

168 3726 213 3763 res
231 3710 393 3779 spirituales
411 3708 572 3763 bominibus
585 3718 670 3779 atque
689 3712 724 3762 ab
744 3708 904 3762 hominibus
922 3708 1118 3761 ministrantur
1136 3724 1245 3776 semper
1263 3708 1350 3760 admi-

169 3824 249 3872 xtum
273 3816 379 3871 habent
404 3816 508 3887 aliquid
533 3816 704 3885 temporalis.
723 3845 735 3856 ·
755 3816 831 3869 Haec
850 3815 1055 3869 animadversio
1076 3814 1215 3868 satisfacit
1238 3829 1348 3883 quoque

170 3924 339 3993 quaestioni3
354 3940 388 3975 an
404 3938 501 3991 nempe
516 3922 603 3991 possit
615 3937 751 3975 excusare
771 3939 786 3973 a
802 3921 922 3973 simonia
934 3923 1006 3974 iuris
1018 3922 1073 3974 div.
1087 3920 1259 3973 consuetudo
1271 3919 1350 3972 indu·

170 4044 235 4083 cens
257 4034 288 4082 ut
314 4044 363 4099 pro
385 4044 415 4081 re
440 4025 579 4095 spirituali
594 4028 690 4079 detur
712 4026 816 4096 aliquid
840 4025 1002 4094 temporale.
1027 4026 1152 4079 lamvero
1180 4026 1349 4093 permutatio

171 4135 244 4190 inter
268 4153 326 4191 rem
345 4136 435 4205 spirit.
456 4139 486 4187 et
505 4134 649 4202 temporal.
671 4136 730 4187 iure
753 4140 872 4187 naturae
891 4133 1033 4201 prohibita
1051 4138 1108 4186 est:
1128 4139 1158 4186 at
1179 4133 1350 4186 consuetudo

173 4242 279 4298 efficere
292 4248 384 4313 potest
399 4247 429 4295 nt
441 4242 514 4312 quod
534 4241 695 4309 rependitur
714 4258 764 4309 pro
782 4240 923 4309 spirituali
943 4241 1024 4294 cedat
1041 4256 1090 4308 pro
1103 4256 1137 4293 ea
1156 4256 1186 4293 re
1201 4238 1349 4308 temporali

174 4348 279 4403 adnexa
291 4348 440 4419 spirituali.
455 4346 491 4400 iit
504 4346 573 4400 baec
585 4348 623 4400 sit
635 4347 757 4400 intentio
776 4346 910 4412 fidelium,
923 4363 1005 4417 quarn
1019 4345 1143 4414 explicat
1161 4349 1190 4399 et
1208 4344 1351 4414 legitimat

175 4457 350 4512 consuetudo.
369 4456 410 4509 Cf.
431 4454 463 4507 D.
485 4452 581 4507 Thom.
601 4455 630 4506 2.
651 4454 680 4506 2.
700 4454 765 4519 100,
783 4455 812 4517 2,
831 4457 869 4507 ud
888 4453 916 4506 4.
