3350 5100
462 274 506 319 oa·
531 274 669 320 runicus
694 273 936 319 emisissemus
1220 256 1284 319 217

125 394 357 479 respondentem
374 395 479 461 eidem
494 396 610 481 gradui
627 396 843 469 hierarchice,
860 396 961 462 veluti
978 398 1155 483 Episcopus
1174 416 1286 462 causas

125 522 274 605 cognoscit
296 522 330 583 in
354 522 459 605 prima
482 523 643 595 instantia,
660 521 734 586 dum
751 522 1019 607 Metropolitanus
1042 530 1155 587 causas
1179 518 1286 586 deflni·

124 654 163 709 tas
183 646 215 709 in
237 643 455 711 tribunalibus
471 642 755 732 suffraganeorum
775 665 976 731 cognoscere
994 646 1082 713 valet
1097 648 1129 711 in
1147 644 1288 711 secunda

124 768 261 831 instantia
284 773 318 831 ct
341 768 386 831 ita
408 787 518 852 porro.
537 768 670 833 Demum
694 769 730 831 3⁰
752 769 886 835 ratione
910 769 1073 834 territorii
1096 767 1195 833 iudex
1218 788 1285 833 sor-

123 894 198 963 titur,
213 890 401 972 ordinarie,
417 894 664 977 competentiam
683 868 865 957 iudicialem
885 895 918 957 in
942 898 1049 957 certas
1073 912 1237 977 personas,
1254 894 1287 955 in
1370 901 1375 910 ’

124 1038 168 1081 eos
182 1037 306 1102 nempe,
323 1019 377 1101 qni
397 1018 590 1083 domicilium
614 1020 776 1102 autquasi
795 1016 990 1083 domicilium
1006 1017 1127 1083 habent
1143 1019 1177 1081 in
1194 1017 1287 1083 terri·

124 1141 218 1222 terim
240 1148 273 1206 et
296 1141 585 1216 extraordinarie,
610 1144 644 1207 in
667 1162 733 1212 eos,
757 1144 810 1227 qni
833 1141 887 1206 vel
910 1142 988 1207 inibi
1008 1142 1147 1225 aliquam
1168 1140 1288 1206 habent

124 1265 404 1339 commorationem,
429 1266 531 1331 veluti
553 1285 660 1349 vapos
680 1266 734 1331 vel
756 1265 833 1331 inibi
858 1271 989 1351 patrant
1004 1264 1133 1349 aliquod
1157 1264 1287 1329 factum.

200 1390 256 1455 isti
281 1395 350 1455 tres
371 1390 456 1456 tituli
487 1390 724 1476 competentiae
747 1391 842 1456 iidem
870 1390 1032 1456 habentur
1055 1392 1087 1453 in
1113 1408 1150 1455 re
1173 1388 1287 1455 crimi-

123 1514 184 1578 noli
205 1535 243 1581 ac
265 1518 301 1581 in
325 1535 362 1581 re
385 1516 485 1591 cicili,
503 1517 559 1582 sed
579 1522 728 1602 spectant
742 1518 782 1582 ad
807 1516 970 1583 diversum
986 1515 1155 1587 obiectum,
1173 1534 1288 1598 nempe

123 1637 156 1701 ad
175 1642 306 1723 negotia
325 1640 532 1706 criminalia.
549 1640 678 1705 Exinde
694 1642 727 1706 in
742 1641 957 1725 competentia
977 1640 1151 1705 criminali
1169 1636 1288 1721 aliquid

123 1763 275 1847 singulare
290 1764 431 1830 babetur
447 1770 480 1831 et
493 1766 618 1849 muno,
634 1766 769 1831 ratione
783 1764 893 1848 ipsius
908 1764 1026 1831 obiecti
1034 1784 1048 1847 ,·
1063 1768 1097 1831 et
1111 1764 1174 1829 boc
1190 1761 1288 1847 expli-

122 1892 252 1955 cavimus
268 1892 301 1954 in
320 1890 394 1955 Vol.
409 1892 508 1963 lll..l.
525 1892 589 1966 cit.;
606 1891 743 1955 vidimus
755 1891 890 1963 scilicet,
908 1890 1064 1974 quomodo
1081 1896 1113 1955 et
1129 1907 1285 1973 quaenam

121 2014 227 2080 delicta
248 2022 402 2081 coerceat
424 2022 566 2100 potestas
589 2017 819 2081 ecclesiastica.
845 2016 1001 2082 Secundo
1032 2017 1129 2079 etiam
1152 2014 1285 2080 ratione

119 2140 249 2224 pacm,
273 2140 395 2224 aliquid
417 2142 559 2226 speciale
582 2148 641 2222 est,
658 2142 734 2225 quia
756 2140 796 2205 ob
812 2142 1006 2226 gravitatem
1032 2142 1148 2206 barum
1172 2160 1286 2204 causa-

120 2286 191 2336 mm
218 2267 416 2349 potissimum
435 2266 648 2350 quarundam,
664 2266 848 2332 dumtooeal
867 2264 989 2331 iudices
1006 2265 1121 2350 prada
1145 2264 1288 2349 potiores

120 2390 264 2455 eiusmodi
281 2411 397 2457 causas
412 2390 568 2457 dirimunt
582 2393 635 2455 vel
658 2394 691 2456 in
715 2394 820 2477 prima
835 2392 887 2456 vel
905 2392 937 2454 in
961 2391 1110 2455 ulteriori
1126 2390 1287 2456 instantia.

124 2516 394 2597 manatione
418 2518 582 2599 territorii
611 2517 731 2603 aliquid
762 2523 812 2584 est
844 2516 1009 2602 singulare
1033 2534 1149 2600 nempe
1180 2513 1286 2580 iudex.

118 2640 143 2703 in
157 2661 214 2705 suo
229 2643 408 2714 territorio,
426 2643 561 2708 sortitur
584 2644 831 2728 competentiam
856 2643 952 2707 etiam
970 2643 1001 2704 in
1018 2641 1209 2726 peregrinos
1232 2649 1288 2704 aut

117 2781 208 2846 rogos
237 2764 373 2830 ratione
396 2764 518 2845 delicti,
542 2785 637 2850 quem
663 2765 790 2831 titulum
818 2766 1053 2849 competentiae
1075 2761 1287 2828 territorialis

115 2889 252 2972 nequius
274 2888 512 2955 criminalibus
531 2891 717 2974 proprium
747 2889 904 2955 hocloco
932 2889 1097 2974 explicare
1125 2886 1286 2952 debemus,

117 3011 194 3093 quod
218 3013 308 3077 infra
331 3013 576 3098 praestabimus.

199 3137 274 3202 153.
299 3137 401 3202 ludici
425 3144 533 3202 autem
548 3157 681 3221 operam
705 3136 783 3202 dant
798 3138 909 3222 plures
926 3156 1094 3221 personae,
1112 3138 1145 3200 in
1170 3135 1285 3200 iudicio

113 3263 323 3333 accessorius,
347 3262 450 3327 veluti
479 3264 657 3347 apparitor,
682 3263 837 3335 notarius,
865 3262 939 3326 item
963 3281 1152 3328 assessores.
1178 3261 1222 3326 Et
1249 3261 1288 3324 de

113 3385 156 3450 bis
179 3389 248 3452 iam
271 3386 483 3452 disseruimus
505 3389 539 3451 in
563 3388 694 3472 Proleg.
718 3408 750 3450 n.
777 3387 841 3452 143
864 3408 910 3472 sq.

198 3515 274 3579 154.
300 3517 453 3581 Attamen
469 3513 595 3579 adverti
618 3513 714 3579 debet
736 3533 907 3599 personam
932 3517 1048 3580 notarii
1071 3535 1128 3580 seu
1152 3517 1287 3578 actuarii

112 3658 178 3703 esse
193 3641 308 3722 utique
321 3639 440 3703 indicio
462 3639 698 3719 accaronem,
722 3645 832 3723 utpote
855 3640 995 3706 naturali
1011 3642 1083 3705 iure
1099 3659 1163 3704 non
1180 3643 1287 3722 requi-

110 3763 211 3836 sitam,
239 3781 344 3846 neque
370 3767 569 3848 spectantem
600 3762 640 3826 ad
664 3763 734 3827 eius
756 3763 977 3842 substantiam,
1006 3763 1061 3827 sed
1092 3763 1187 3826 hodie
1218 3765 1289 3827 iure

110 3889 257 3968 positivo,
290 3891 457 3972 postquam
486 3889 591 3972 capite
621 3887 658 3952 ll
689 3860 743 3952 Dc
770 3886 868 3970 prou.
903 3888 937 3951 X
962 3885 1018 3970 (ΙΙ,
1054 3889 1111 3966 19)
1141 3886 1289 3952 inductus

110 4016 154 4078 est
175 4031 355 4098 processus
378 3981 534 4094 scriptus,
558 4010 656 4075 iudex
683 4009 862 4095 procedere
885 4030 950 4074 non
973 4010 1061 4074 valet
1083 4011 1153 4074 sine
1183 4015 1289 4075 actua-

111 4138 163 4200 rio.
197 4139 355 4202 Instruct.
389 4137 421 4200 S.
451 4135 485 4201 C.
512 4135 579 4199 ΕΕ.
613 4139 646 4199 et
676 4135 746 4198 RR.
777 4133 810 4198 id
843 4133 930 4198 iubet
959 4134 1090 4199 art.12
1121 4139 1154 4198 et
1184 4133 1238 4199 34.
1270 4171 1286 4183 -

109 4263 241 4328 Etenim
263 4281 329 4326 non
352 4261 402 4326 fas
431 4267 480 4327 est
502 4260 598 4325 iudici
622 4267 731 4345 partes
755 4279 881 4343 quoque
898 4259 1032 4344 explere
1050 4262 1198 4332 actuarii,
1215 4280 1288 4343 quo-

111 4389 191 4451 niam
224 4388 394 4451 actuarius
422 4383 519 4450 fldem
549 4386 661 4450 facere
692 4385 787 4452 debet
816 4384 977 4469 publicam
1007 4384 1153 4452 deuotis
1180 4391 1290 4450 tuma
