3350 5100
296 257 341 322 26
827 272 911 320 raas
936 271 958 316 1.

296 399 450 469 ordinari,
479 400 511 463 vi
544 397 729 462 litterarum
764 396 1047 470 dimissorialium;
1079 377 1226 478 quamvis
1255 393 1290 454 in
1325 388 1477 454 examine

296 544 407 592 coram
431 524 505 588 Vic.
524 522 687 588 Cardineli
711 524 853 587 reiectus
876 523 994 596 fuerit;
1018 520 1102 606 quod
1125 518 1227 584 solide
1250 516 1366 602 probat
1389 516 1477 578 Pen-

297 647 412 713 nacchi
437 647 468 711 b.
493 647 514 712 Ι.
541 648 583 720 ΙΙ,
609 667 638 731 p.
664 647 747 712 424:
772 647 844 710 aliis
868 651 976 710 tamen
1000 646 1138 710 servatis
1169 639 1478 727 praescriptionibus

295 770 513 838 tantummodo
529 772 610 834 iuris
625 771 813 835 communis.
828 770 966 836 Caetera
977 768 1068 833 nulla
1080 767 1225 853 indigent
1238 764 1476 850 explanatione.

432 892 465 977 3)
497 891 612 958 Altera
641 893 769 958 articuli
800 913 877 978 pars
908 897 1032 978 spectat
1066 890 1237 958 enclusioe
1267 889 1308 954 ad
1338 889 1477 957 clericm

296 1021 571 1102 oportunior,-
594 1021 647 1103 qui
671 1021 699 1082 si
721 1019 853 1083 ordines
875 1020 1052 1103 suscipiant
1075 1024 1171 1084 extra
1186 1037 1275 1082 suam
1291 1014 1475 1092 dioecesim,

298 1147 442 1211 ordinari
466 1165 531 1209 non
555 1149 688 1228 possunt
710 1146 771 1208 nisi
795 1163 816 1208 a
840 1143 935 1208 Gard.
953 1143 1049 1210 Urbis
1072 1143 1216 1211 Vicario,
1241 1147 1275 1207 et
1296 1141 1360 1206 nisi
1382 1159 1477 1224 prae-

298 1272 402 1336 missis
424 1270 527 1354 spirit.
552 1270 730 1340 exercitiis,
755 1274 832 1333 ante
855 1268 994 1334 ordines
1023 1286 1142 1334 samos
1171 1265 1408 1351 suscipiendos;
1433 1267 1480 1330 ita

299 1401 392 1460 cavet
421 1397 531 1458 textus
553 1392 594 1457 ad
617 1390 836 1456 excludendos
860 1391 1013 1455 minores
1037 1427 1055 1436 -
1079 1389 1162 1463 Quia
1183 1409 1265 1454 vero
1285 1409 1342 1466 res
1365 1393 1415 1453 est
1438 1387 1478 1454 de

299 1521 429 1585 clericis
451 1517 580 1582 ordines
603 1503 850 1601 suscipientibus
872 1521 973 1582 entra
996 1534 1097 1582 suem
1124 1515 1313 1587 dioecesim,
1338 1533 1418 1599 ergo
1440 1515 1478 1580 in

298 1663 364 1711 sua
385 1642 529 1710 dioecesi
544 1644 621 1707 istos
644 1644 809 1725 suscipere
825 1640 937 1707 valent
955 1641 1008 1704 vel
1031 1661 1052 1704 a
1074 1641 1206 1726 proprio
1223 1638 1409 1718 Ordinario,
1423 1639 1475 1704 vel

299 1789 319 1833 a
334 1764 546 1852 Suffraganeo
563 1767 731 1850 Episcopo,
742 1766 794 1830 vel
810 1764 851 1829 ab
865 1766 929 1829 alio
946 1765 1113 1850 Episcopo,
1127 1766 1181 1830 cui
1192 1763 1280 1829 facta
1295 1765 1337 1828 sit
1347 1763 1479 1828 licentia

300 1889 340 1954 eb
357 1887 542 1960 Ordinario‚
559 1885 601 1951 ad
618 1907 764 1952 normam
780 1888 861 1952 iuris
877 1889 1065 1952 communis.
1084 1923 1102 1935 -
1120 1888 1159 1953 In
1177 1886 1264 1953 Urbe
1278 1893 1386 1951 antem
1404 1886 1478 1972 Epi·

300 2034 416 2100 scopus
431 2013 672 2078 suburbicarius
688 2031 752 2076 non
767 2018 882 2098 peccat
896 2014 936 2075 in.
946 2013 1030 2076 hanc
1046 2012 1163 2097 legem,
1179 2014 1208 2077 si
1226 2013 1259 2076 in
1276 2013 1402 2097 privato
1419 2011 1478 2077 Sa-

301 2138 384 2205 cello
395 2145 562 2204 tonsuram
578 2139 736 2220 conferat,
746 2141 822 2222 quia
836 2159 901 2202 non
917 2144 967 2202 est
978 2137 1072 2212 ordo;
1085 2143 1118 2203 et
1130 2139 1205 2221 quia
1220 2139 1254 2201 in
1266 2144 1358 2202 textu
1369 2138 1478 2222 agitur

300 2263 341 2328 de
364 2263 504 2343 clericis,
528 2281 585 2328 seu
608 2261 648 2327 de
671 2264 736 2327 iam
760 2263 953 2327 tonsuratis:
979 2261 1020 2327 cf.
1046 2261 1235 2326 Pennacchi
1258 2261 1280 2326 l.
1305 2283 1333 2327 c.
1350 2282 1380 2347 p,
1398 2261 1474 2326 421.

435 2385 468 2472 l)
485 2386 734 2472 suspensionem
749 2387 792 2453 ab
807 2407 873 2452 usu
887 2387 1141 2471 Pontificalium
1157 2407 1217 2471 per
1231 2407 1353 2451 annum
1367 2387 1479 2451 incur·

300 2521 378 2579 runt
401 2512 579 2595 ordinarii,
604 2515 657 2597 qui
681 2513 819 2580 clericos
841 2482 1097 2582 suburbicarias
1119 2519 1175 2580 aut
1197 2521 1333 2581 eeteros
1356 2514 1479 2580 Romae

301 2642 538 2703 commorantes
561 2635 712 2701 ordinant
736 2642 852 2701 contra
873 2639 1108 2721 praescriptum
1132 2637 1227 2703 huius
1248 2637 1378 2703 articuli
1401 2635 1457 2722 (1).

393 2760 443 2827 Ad
461 2763 617 2835 ultimum,
637 2764 865 2847 suspensiones
888 2764 909 2827 Ι.
926 2782 954 2829 s.
978 2764 1011 2826 in
1036 2763 1143 2828 const.
1159 2762 1226 2846 Ap.
1245 2762 1323 2829 Sed.
1338 2761 1481 2828 inflictae

303 2902 414 2949 omnes
437 2890 513 2948 sunt
535 2890 722 2949 reservatae
747 2885 839 2949 Rom.
866 2883 986 2948 Pontii.

392 3114 431 3186 (1)
451 3114 600 3183 Suspenslo
619 3130 685 3167 vero
703 3117 738 3168 ab
757 3132 811 3168 usu
825 3116 1033 3185 ,Pontificelium
1051 3119 1148 3184 aperte
1165 3114 1308 3184 significat
1325 3116 1482 3185 suspensio-

303 3236 365 3274 nem
384 3223 419 3274 ab
437 3221 593 3289 insiqntbnr
612 3218 823 3289 Pontificolibus
842 3219 888 3291 (cf.
908 3221 963 3274 vol.
978 3220 1022 3285 111,
1041 3237 1068 3275 ιι.
1084 3221 1161 3292 160);
1177 3226 1207 3276 et
1224 3220 1290 3276 hinc
1309 3221 1482 3291 probabilior

302 3331 345 3381 est
357 3326 452 3395 opinio
464 3342 537 3397 quaa
550 3331 636 3389 tenet,
647 3326 719 3380 hanc
731 3328 943 3395 suspensionem
957 3343 1012 3381 non
1024 3328 1168 3383 incurrere
1181 3328 1348 3398 Episcopum
1364 3329 1411 3399 qui
1425 3330 1480 3396 pri·

303 3450 377 3487 mam
395 3438 539 3487 tonsuram
558 3436 668 3488 confert
685 3436 789 3505 absque
808 3435 967 3503 insignibus
983 3434 1200 3503 pontificalibus,
1215 3436 1256 3488 uti
1269 3435 1351 3490 docet
1366 3435 1481 3499 Giraldi,

303 3536 335 3601 ll,
350 3538 417 3591 Sect.
437 3538 482 3601 21,
500 3547 557 3591 not.
579 3538 609 3589 2.
624 3566 637 3577 -
652 3537 825 3592 D'Annibale
843 3540 872 3592 Ιι.
894 3540 914 3591 Ι.
932 3556 962 3590 n.
973 3538 1038 3589 209
1055 3539 1111 3591 ait:
1125 3556 1141 3590 ‹
1155 3538 1334 3608 Pontificolia
1351 3540 1481 3611 occipere

284 3626 436 3700 debenus
448 3662 520 3713 quae
533 3646 684 3699 consistunt
703 3662 739 3697 ea
748 3654 886 3714 potestate
897 3660 1013 3698 eronus
1026 3646 1208 3714 ορίισοραῑίις
1220 3657 1303 3717 atque
1316 3650 1379 3702 ideo
1393 3648 1483 3702 violat

304 3751 523 3819 suspensionem,
537 3750 584 3819 pul
605 3752 716 3819 confert
740 3765 904 3813 rossensis,
917 3754 969 3802 etsi
989 3751 1127 3819 priuatim
1147 3767 1210 3804 eam
1231 3756 1362 3821 conferat
1379 3771 1404 3805 ι.
1428 3752 1482 3807 Sed

302 3862 398 3911 textus
420 3871 550 3925 expresse
570 3856 695 3925 loquitur
713 3858 750 3910 de
767 3873 821 3909 usu
837 3857 1053 3925 pontificalium,
1071 3874 1126 3911 non
1145 3860 1180 3913 de
1199 3860 1300 3914 ordine
1308 3848 1483 3930 pontificali5

303 3971 333 4020 et
354 3964 524 4019 D'Annibsle
545 3980 598 4017 non
618 3964 671 4017 sibi
690 3964 831 4017 consentit
849 3980 911 4017 cum
931 3963 975 4017 bis
993 3984 1066 4035 quae
1091 3967 1178 4020 tradit
1197 3968 1301 4021 Summ.
1322 3968 1346 4031 I,
1364 3985 1390 4020 n.
1410 3969 1484 4034 381,-

306 4086 393 4141 quare
410 4070 470 4123 eius
489 4068 659 4123 sententiam
677 4083 733 4122 non
750 4069 902 4139 sequimur.
917 4097 928 4111 ·
942 4069 1013 4123 ltem
1032 4074 1207 4141 quaestionis
1225 4078 1278 4133 est.
1296 4090 1332 4126 an
1351 4073 1421 4128 haec
1439 4092 1484 4127 su·

305 4176 416 4245 spensio
433 4176 471 4226 ud
489 4190 595 4227 annum
619 4174 657 4226 sit
674 4189 801 4239 censura,
820 4180 851 4229 et
869 4181 936 4229 tunc
961 4178 1013 4230 fiat
1030 4178 1204 4246 irrepularis
1221 4180 1269 4251 qui
1288 4179 1367 4233 illam
1385 4180 1482 4235 violat

305 4282 386 4335 quta
405 4279 509 4334 tradita
527 4278 590 4331 Vol.
610 4278 654 4346 ΙΙΙ,
675 4296 700 4330 n.
721 4282 782 4345 225,
801 4297 853 4334 nos
871 4297 1017 4337 censemus
1035 4283 1239 4354 irregularitati
1252 4286 1344 4340 locum
1363 4303 1438 4341 esse:
1454 4291 1485 4340 at

304 4392 391 4457 negat
411 4386 582 4441 D'Annibale
604 4387 706 4441 Comm.
727 4389 747 4443 Ι.
766 4390 819 4456 σιω
839 4392 990 4460 utcumque
1008 4407 1152 4447 vereamur
1171 4396 1200 4447 in
1218 4396 1301 4449 dubio
1320 4396 1402 4449 iuris.
