3350 5100
575 329 618 376 DE
642 329 798 378 untionis
822 331 865 377 BT
888 331 1009 378 1²08le

702 611 815 678 Csrur
840 613 881 676 ll.

452 802 497 856 DE
517 803 668 858 SllilONlrl
688 807 711 858 A
732 805 963 859 COLLATIONE
985 805 1031 859 ΕΤ
1053 806 1126 860 USU

511 925 644 980 RERUM
665 927 872 982 SAGRARUM
891 927 1074 981 ARGENDA.

194 1118 465 1174 summarium-
481 1121 521 1175 16.
542 1121 581 1176 De
595 1123 690 1190 poenis
703 1123 768 1176 latis
787 1125 815 1176 in
835 1124 1010 1177 simoniacos
1023 1152 1059 1164 -
1075 1124 1114 1176 Π,
1129 1123 1284 1192 Conceptus
1299 1121 1383 1176 simo-

291 1225 364 1290 niae,
384 1227 463 1282 cuius
481 1225 606 1281 detlnitio
626 1229 783 1297 explicatur
802 1245 851 1297 per
870 1235 970 1297 partes.
983 1257 1020 1270 -
1036 1228 1078 1282 18.
1095 1227 1271 1282 Potissimum
1290 1218 1382 1294 expli·

290 1339 372 1387 catur
389 1335 530 1388 obiectum
549 1336 691 1390 simoniae
705 1335 797 1390 -19,
817 1337 942 1390 Simonis
959 1337 1018 1390 alia
1035 1337 1107 1390 iuris
1124 1337 1223 1401 divini,
1235 1336 1293 1390 alia
1310 1336 1382 1389 iuris

289 1443 479 1496 ecclesiastici.
500 1471 534 1484 -
552 1443 595 1496 20.
616 1443 757 1504 Quaenam
783 1445 841 1499 sint
859 1461 903 1498 res
924 1443 1086 1512 spirituales
1104 1444 1240 1515 aquibus
1263 1442 1384 1497 arcenda

291 1553 335 1602 est
353 1549 481 1602 simonia.
502 1577 535 1590 -
555 1549 601 1603 21.
622 1547 754 1616 Simonis,
774 1550 832 1604 sive
852 1550 938 1603 divini
962 1550 1021 1606 sive
1039 1548 1154 1602 humani
1174 1549 1252 1614 iuris,
1270 1553 1313 1604 est
1333 1552 1384 1603 aut

290 1656 430 1720 mentalis,
450 1660 499 1709 sut
518 1658 745 1722 conventionalia,
763 1665 813 1710 aut
831 1658 929 1722 realis,
947 1659 1110 1710 autenticis.
1123 1685 1138 1698 -
1158 1655 1383 1710 Consentionelie

291 1762 426 1816 simoniae
444 1764 551 1831 species
566 1767 610 1817 est
622 1763 833 1832 confidentiulis.
848 1762 990 1823 Quomodo
1005 1760 1075 1816 baec
1093 1763 1229 1816 consistat
1247 1761 1275 1814 iu
1294 1761 1384 1830 pactis

291 1873 498 1924 reservationis,
508 1899 545 1910 -
555 1871 597 1924 22.
609 1871 678 1932 Quid
689 1871 809 1939 speciale
819 1868 924 1924 habeat
932 1871 1022 1940 quoad
1036 1887 1139 1939 poenas
1151 1869 1339 1924 incurrendae.
1349 1898 1384 1912 -

291 1976 334 2030 23.
355 1975 456 2031 Utrum
476 1977 611 2032 redimere
631 1993 729 2031 raxam
744 1976 915 2046 prohibitum
933 1979 971 2031 sit
989 1982 1019 2033 et
1036 1978 1147 2048 quando
1158 1980 1222 2032 iure
1234 1979 1336 2032 maino.
1349 2006 1383 2019 -

290 2083 334 2137 24.
355 2083 394 2138 De
411 2089 545 2140 mercede
563 2085 697 2154 praestita
716 2101 766 2154 pro
780 2085 877 2139 labore
890 2085 1038 2139 ministerii
1050 2085 1132 2152 sacri,
1144 2095 1195 2138 sut
1213 2102 1261 2154 pro
1276 2102 1330 2156 ope
1347 2086 1383 2138 sb

291 2190 389 2244 amicis
406 2192 573 2260 interposita
591 2207 646 2262 qua
666 2192 770 2245 utimur
789 2191 822 2244 ad
843 2208 888 2246 res
905 2208 1001 2246 sacras
1017 2191 1236 2263 consequendas.
1247 2220 1285 2233 -
1296 2193 1339 2246 25.
1353 2192 1384 2244 ln

292 2299 482 2368 permutandis
500 2299 585 2353 rebus
603 2298 797 2368 spiritualibus
815 2299 891 2354 inter
909 2315 939 2353 se
957 2316 1012 2353 uon
1032 2299 1191 2354 admittitur
1208 2299 1337 2364 simonia3
1354 2302 1385 2352 at

291 2405 411 2458 simonia
423 2409 478 2459 iser.
493 2407 591 2460 eccles.
604 2405 791 2460 committitur
803 2405 955 2476 aliquando
973 2405 1001 2460 in
1016 2405 1207 2474 permutandis
1219 2405 1302 2459 rebus
1314 2410 1384 2459 tem·

292 2509 436 2581 porslibus
454 2513 649 2582 spiritualibus
667 2513 790 2568 adnexis.
810 2541 847 2555 -
864 2514 906 2568 26.
927 2513 1042 2575 Quando
1066 2513 1169 2567 bonum
1187 2511 1334 2580 spirituale
1354 2515 1385 2566 et

290 2618 446 2686 temporale
460 2620 506 2672 uni
520 2619 665 2689 eidemque
684 2618 800 2685 accedit,
812 2619 932 2673 simonia
949 2635 1005 2673 non
1021 2618 1214 2673 committitur.
1226 2645 1264 2658 -
1276 2618 1320 2669 Ἠ.
1342 2616 1384 2673 Ex

291 2726 527 2797 propositionibus
545 2726 634 2779 4546
652 2726 687 2779 ab
707 2726 765 2779 lnn.
779 2725 818 2779 xi
834 2726 974 2779 damnatis
992 2727 1127 2796 sequitur,
1145 2724 1282 2778 committi
1301 2725 1383 2777 simo·

292 2831 368 2885 niam
386 2848 471 2902 quum
493 2832 645 2909 temporale
663 2831 745 2885 datur
764 2836 907 2902 tamquam
924 2835 1068 2897 motivam,
1087 2836 1137 2884 aut
1158 2834 1301 2901 tamquam
1318 2848 1384 2899 pra·

292 2937 362 2990 tuito
386 2938 580 3007 compensatio,
605 2940 654 2990 aut
677 2936 831 3006 temporale
850 2944 894 2991 est
910 2938 976 3007 finis
999 2936 1086 3005 ipsius
1108 2936 1148 2990 rei
1170 2934 1332 3005 spiritualis.
1351 2965 1385 2977 -

291 3044 335 3098 28.
356 3044 540 3113 Explicantur
559 3045 696 3115 principia
714 3062 786 3115 quse
805 3044 985 3099 moderantur
1010 3044 1157 3098 simoniam
1176 3045 1247 3098 iuris
1264 3045 1384 3109 orclem

292 3156 322 3206 et
340 3153 409 3208 haec
426 3156 470 3207 est
489 3153 578 3206 vetita
597 3155 661 3221 quia
680 3154 828 3222 prohibita,
842 3156 871 3206 et
888 3152 953 3205 hinc
971 3153 1000 3206 in
1018 3153 1130 3205 casibus
1141 3156 1252 3205 tantum
1271 3168 1383 3221 expres·

291 3260 339 3314 sis.
360 3288 394 3301 -
412 3259 457 3313 29.
479 3261 522 3312 An
542 3258 631 3313 adbuc
650 3266 680 3314 et
697 3260 835 3331 quomodo
860 3259 979 3314 vetitum
1003 3260 1042 3313 sit
1066 3259 1172 3330 aliquid
1196 3260 1326 3328 excipere
1349 3260 1384 3313 eb

293 3367 460 3437 ingressuris
469 3370 574 3419 statum
585 3365 756 3434 religiosum.
765 3394 801 3409 -
814 3366 857 3420 30.
867 3367 910 3420 Ad
923 3366 983 3419 sim.
998 3370 1054 3420 inr.
1068 3369 1167 3422 eccles.
1181 3367 1305 3437 pertinet
1317 3367 1384 3419 titu-

293 3472 350 3527 lus:
364 3474 406 3527 De
418 3475 561 3544 menistris
579 3482 607 3527 st
620 3490 657 3528 ne
668 3472 777 3544 aliquid
790 3475 921 3543 eaipmnr
934 3491 991 3544 pro
1005 3475 1118 3528 licentia
1129 3475 1256 3538 docendi,
1270 3476 1299 3526 et
1311 3471 1384 3525 alius

294 3578 394 3633 titulus
406 3580 587 3649 subsequens.
599 3607 632 3620 -
646 3578 689 3632 3l.
704 3578 744 3633 De
756 3579 853 3648 poenis
865 3580 894 3631 in
907 3580 1074 3633 simoniacos
1087 3580 1116 3631 in
1129 3594 1243 3647 genere.
1254 3605 1288 3617 -
1297 3576 1340 3629 32.
1354 3577 1385 3629 ln

295 3686 396 3755 specie,
408 3685 443 3740 de
456 3687 553 3759 poean
565 3686 594 3739 in
608 3701 670 3739 reos
682 3685 818 3739 simoniae
830 3686 919 3739 realis
932 3688 962 3739 in
976 3688 1126 3755 beneficiis.
1137 3713 1169 3725 -
1181 3682 1225 3737 33.
1237 3682 1276 3737 De
1290 3683 1387 3751 poenis

293 3794 323 3847 in
337 3810 399 3847 reos
412 3794 546 3847 simoniae
560 3794 771 3863 confidentialr's.
786 3821 820 3835 -
831 3792 876 3847 34.
896 3793 934 3848 De
953 3794 1050 3863 poenis
1068 3794 1097 3846 in
1116 3809 1179 3848 reos
1196 3792 1332 3845 simoniae
1350 3793 1385 3846 ob

294 3902 452 3971 inpressum
470 3904 500 3955 in
521 3902 704 3972 Religionem.
724 3930 761 3943 -
778 3902 823 3954 35.
840 3900 892 3955 Rei
911 3900 1047 3956 simoniae
1064 3900 1174 3971 quando
1191 3900 1250 3953 sint
1267 3898 1386 3953 infames

294 4007 410 4061 infamia
423 4008 498 4063 iuris.
512 4036 549 4049 -
561 4007 604 4061 36.
619 4008 658 4061 De
677 4008 855 4062 restitutione
874 4006 920 4061 vel
938 4006 1114 4060 abdicatione
1133 4006 1214 4074 pretii
1228 4006 1384 4059 simoniaci.

297 4188 348 4252 16.
373 4188 457 4261 Quia
480 4208 534 4252 res
557 4206 667 4253 sacras
690 4188 850 4271 sacrilege
873 4184 1039 4251 offendunt
1061 4189 1237 4267 simoniaci,
1265 4184 1383 4250 exinde

208 4312 275 4395 ipsa
286 4310 393 4377 Const.
409 4312 472 4394 Ap.
487 4310 563 4377 Sed.
581 4308 784 4377 confirmarit
800 4330 956 4374 excomm.
975 4311 995 4373 l.
1008 4330 1035 4375 s.
1052 4312 1143 4395 simp.
1158 4312 1268 4395 Papae
1280 4329 1383 4374 reser-

207 4440 324 4518 vatam,
347 4436 407 4501 sub
427 4456 457 4500 n.
476 4436 559 4501 Vlll
584 4437 681 4502 latam
706 4437 738 4499 in
764 4434 889 4501 «Reos
911 4434 1078 4501 simoniae
1099 4436 1205 4501 realis
1227 4436 1265 4500 in
1284 4435 1383 4501 bene·
