3350 5100
324 248 390 311 440
837 268 921 315 raas
946 269 996 315 ιιι.

302 388 597 473 »irrepalaritates
611 409 655 455 ex
670 387 788 456 delicto
811 392 908 457 etiam
932 392 1060 457 ocmdto
1081 392 1320 477 provenientes,
1336 394 1409 475 ipso
1426 392 1501 459 bare

324 512 542 577 incurrendae
566 512 782 597 (1).ct.v01.
806 516 869 594 111,
887 536 919 579 n.
947 516 1019 581 187.
1043 552 1059 563 -
1085 516 1195 590 Quare
1218 518 1499 602 erectricem,

202 704 207 711 ,
324 638 396 702 iure
420 638 647 711 Decretalium,
670 641 812 705 maxime
833 641 984 705 evolutae
1002 642 1242 707 constituerunt
1264 646 1499 727 temperamen-

322 770 404 834 tum,
429 782 491 846 quo
515 763 705 829 medendum
737 770 808 830 erat
837 740 1065 837 incommodis,
1093 786 1136 830 ex
1166 768 1290 853 vigenti
1321 765 1498 851 disciplina,

321 886 528 952 scatentibus.

410 1012 486 1076 387.
520 1013 626 1077 Porro
655 1014 792 1078 intentio
822 1015 951 1079 Decreti
982 1014 1162 1080 Tridentini
1193 1016 1335 1079 intimius
1360 1015 1499 1099 perspici

321 1156 386 1201 non
409 1144 523 1221 potest,
548 1139 609 1202 nisi
632 1157 711 1222 prae
733 1139 837 1204 oculis
859 1139 1041 1205 habeantur
1067 1140 1150 1205 haec
1172 1140 1328 1204 historica
1349 1138 1501 1205 adiuncta

320 1261 510 1347 disciplinae
539 1262 657 1329 eccles.
681 1264 766 1329 unde
792 1269 881 1348 patet
908 1272 1025 1331 natma
1051 1263 1184 1329 remedii
1216 1264 1499 1343 canaordinarii,

321 1388 405 1471 quod
428 1394 536 1453 tamen
559 1391 658 1454 certis
679 1389 834 1456 limitibus
857 1392 1026 1457 continere
1048 1394 1203 1475 praestat,
1219 1396 1286 1455 tum
1307 1410 1349 1454 ne
1364 1389 1500 1455 ordina·

319 1515 377 1578 ria
407 1514 604 1599 procedendi
636 1515 752 1599 regula
776 1515 994 1587 subvertatur,
1018 1521 1084 1580 tum
1117 1535 1158 1581 no
1189 1518 1291 1599 ipsum
1323 1514 1499 1579 remedium

322 1640 426 1723 impar
440 1638 557 1703 evadat
571 1658 629 1704 suo
645 1659 745 1723 scopo
759 1646 794 1705 et
807 1642 942 1725 gravius
957 1642 1062 1725 pariat
1077 1640 1323 1705 incommodum.
1343 1674 1360 1687 -
1379 1640 1501 1705 Haere

319 1766 375 1829 tici
400 1755 600 1829 lansenistae
626 1764 795 1829 Ecclesiae
825 1768 1051 1830 auctoritatem
1083 1768 1116 1829 in
1145 1770 1325 1831 externum
1354 1766 1498 1850 regimen

320 1908 381 1971 pro
415 1887 538 1951 viribus
571 1894 752 1953 extenuare
785 1888 968 1969 studentes,
1002 1892 1211 1975 impetierunt
1245 1891 1420 1956 sententias
1454 1907 1501 1953 em

320 2012 511 2094 informata
529 2014 743 2087 commerdio,
760 2013 859 2079 veluti
883 2015 1014 2080 nullius
1029 2016 1175 2096 valoris5
1197 2020 1232 2079 at
1253 2016 1313 2081 hos
1335 2012 1502 2079 damnavit

322 2136 400 2200 Pius
414 2137 464 2201 Vl
489 2137 522 2200 iu
546 2137 652 2201 const.
674 2138 857 2203 Auctorem
881 2138 988 2223 Fide,
1013 2137 1075 2203 diei
1098 2139 1148 2203 28
1172 2140 1259 2224 Anp.
1283 2138 1374 2204 1794
1397 2137 1453 2221 (2).

409 2261 486 2325 388.
510 2261 695 2346 Scriptores
713 2263 865 2327 catholici
890 2264 922 2327 in
946 2264 1128 2328 contrarias
1142 2263 1293 2328 abierunt
1312 2264 1498 2335 sententias,

319 2386 374 2449 alii
399 2387 500 2450 nimio
522 2392 772 2472 exaggerantes,
792 2388 847 2451 alii
868 2388 966 2451 nimio
986 2393 1176 2453 coercentes
1197 2394 1385 2473 potestatem
1406 2386 1500 2453 Ordi-

408 2685 448 2755 (1)
466 2687 556 2748 Quum
575 2688 626 2740 stab
645 2686 759 2740 saeculo
777 2687 816 2741 Xl
835 2691 865 2741 et
885 2687 936 2740 ΧΗ
955 2704 1053 2756 parurn
1071 2689 1288 2744 observarentur
1309 2690 1498 2758 poenitentiae

314 2795 448 2864 publicae
460 2799 490 2848 et
507 2795 630 2849 studium
649 2801 716 2848 tunc
733 2796 878 2849 foveretur
895 2796 1092 2850 instaurandae
1111 2797 1209 2851 eccles.
1223 2797 1396 2866 disciplinae,
1415 2793 1498 2850 velie·

319 2905 427 2955 menter
450 2901 561 2970 agitata
577 2905 621 2954 est
641 2901 777 2970 quaestio,
796 2901 857 2954 scil.
876 2918 911 2953 an
931 2901 1073 2954 criminosi
1092 2902 1196 2956 occulti
1219 2901 1381 2972 prohibendi
1405 2905 1498 2956 efflent

318 3009 354 3061 ab
373 3006 516 3060 ordinibus
533 3008 593 3061 sive
611 3008 747 3076 susceptis
764 3008 825 3062 sive
848 3007 1032 3076 suscipiendis
1050 3013 1080 3061 et
1098 3007 1170 3062 hanc
1188 3009 1381 3079 quaestionem
1406 3008 1499 3077 agitet

320 3114 470 3168 Gratianus
487 3114 515 3167 in
537 3114 644 3170 Deerat.
662 3115 697 3168 ad
715 3113 778 3168 dist.
798 3115 842 3178 25,
861 3131 921 3168 can.
940 3115 972 3176 7,
994 3114 1056 3169 dist.
1076 3115 1120 3180 50,
1139 3132 1199 3169 can.
1218 3116 1262 3180 32,
1281 3115 1324 3181 33,
1343 3115 1387 3178 34,
1408 3119 1436 3170 et
1462 3115 1496 3168 ad

319 3223 382 3274 dist.
402 3222 450 3285 51,
468 3221 545 3290 prol.
564 3220 700 3274 advertit:
723 3220 796 3275 Ecce
814 3221 889 3290 quod
910 3223 1127 3288 criminamini
1149 3240 1205 3276 non
1223 3240 1291 3277 aare
1311 3225 1495 3293 poenitentes,

321 3327 367 3381 oei
380 3327 525 3396 pubiicum
544 3330 745 3396 poenitenciam
768 3338 885 3397 acestes
903 3345 921 3381 a
939 3331 1028 3381 sacris
1049 3329 1235 3398 probibentur
1259 3331 1440 3383 ordinibus».
1462 3327 1497 3381 et

321 3433 452 3487 Urbanus
463 3433 486 3485 ll
505 3434 534 3486 in
553 3433 679 3502 Epistola
698 3435 733 3487 ad
752 3435 841 3502 Episc.
859 3433 1039 3488 Constantine
1059 3435 1208 3503 praecipit:
1228 3453 1243 3487 e
1260 3437 1299 3490 De
1316 3437 1496 3506 presbyteras,

318 3541 452 3603 diaconis,
471 3541 656 3604 subdiaconis,
676 3541 725 3611 qni
740 3551 803 3609 post
820 3551 967 3610 acceptum
979 3541 1108 3594 ordinem
1126 3543 1155 3592 in
1174 3542 1269 3610 aliquo
1287 3542 1405 3594 mimine
1424 3541 1497 3611 lapsi

318 3649 434 3716 facerint,
447 3649 506 3701 sire
517 3646 624 3715 paam,
636 3647 695 3701 sire
706 3647 792 3711 cimn,
805 3657 912 3700 constat
931 3649 1043 3717 pridem
1061 3664 1199 3701 amiensem
1218 3663 1339 3702 censura
1350 3648 1496 3702 abeceias.

319 3752 553 3821 officiisinbiberi.
569 3753 960 3824 Tuoetamcnprooidentioe,
970 3756 1186 3825 discretionique
1196 3755 1391 3808 committimus
1400 3765 1496 3808 inrum

319 3875 419 3912 eornm
431 3860 529 3928 aliqui,
542 3862 591 3931 pai
607 3869 702 3912 tamen
714 3861 850 3930 infamiae
862 3863 934 3914 notis
945 3877 1001 3914 non
1013 3864 1123 3932 fuerint
1139 3863 1259 3932 aspersi,
1271 3863 1432 3916 necessitate
1445 3861 1497 3915 Ee·

319 3967 422 4020 clesiac
439 3971 553 4036 arpenti
565 3969 736 4038 stipatorum
755 3979 851 4022 sancta
869 3971 1079 4024 conuersatione
1094 3981 1285 4039 promerente,
1305 3974 1335 4023 in
1353 3972 1413 4024 eins
1431 3986 1496 4040 pra·

319 4072 401 4126 dibus
417 4077 586 4143 recuperari
603 4076 723 4128 debeant
734 4091 759 4127 a.

407 4177 448 4248 (2)
466 4177 619 4248 Episcopus
639 4179 819 4234 Lucionensis
840 4182 869 4236 in
890 4185 973 4236 citata
991 4183 1187 4238 dirsenmione
1207 4187 1361 4252 exaggerat
1379 4185 1495 4247 matum,

318 4284 390 4354 quod
404 4285 585 4353 proveniebat
602 4301 637 4340 ex
650 4286 710 4340 iure
729 4286 918 4341 Decretelium
930 4292 960 4341 et
973 4289 1075 4342 bonnm
1094 4289 1232 4358 profluens
1251 4307 1285 4344 ex
1304 4289 1417 4345 decreto
1435 4289 1495 4342 Tri·

317 4391 441 4445 dentino.
