3350 5100
504 278 548 323 nn
572 277 710 326 1nn1cus
734 276 977 326 oniniunnieus
1265 259 1332 326 223

157 401 242 482 qussi
254 400 457 474 adsessores,
469 406 645 467 censentur
653 401 837 486 propiiom
851 375 1103 466 iurisdictionem
1117 417 1181 467 non
1193 401 1331 468 habere:

154 521 370 606 quamobrem,
382 544 421 591 re
436 526 577 590 intimius
593 544 764 610 perpense,
777 527 889 590 verius
905 525 1077 592 dicendum
1093 531 1151 597 est,
1165 531 1243 590 tunc
1258 545 1330 590 sen·

151 650 285 712 tentiam
300 647 415 715 indicis
437 650 605 723 ordinarii,
622 650 793 717 tribunalis
809 651 983 724 Praesidie‚
1000 651 1077 716 huic
1095 649 1226 717 subesse
1250 651 1331 737 legi·

150 773 245 837 timue
269 773 455 846 conditioni,
479 793 594 860 nempe
617 781 652 840 nt
674 775 799 840 nullum
822 777 884 840 iste
906 774 1025 842 habeat
1047 775 1192 840 valorem
1216 776 1276 840 nisi
1301 777 1331 840 ei

150 892 371 983 suffragentur
392 905 469 964 vota
490 897 696 964 amoenorum
724 919 783 964 eeu
812 899 1035 966 consultorum
1066 898 1109 966 ad
1132 900 1331 964 constituen-

149 1019 220 1084 dum
243 1021 361 1088 saltem
385 1023 599 1088 meioritstem
623 1028 783 1087 votorum.

236 1145 325 1221 Quia
345 1166 426 1212 vero
456 1146 614 1232 praesidis
643 1145 816 1212 tribunalis
839 1151 872 1212 et
898 1144 1038 1212 iudicum
1066 1147 1246 1212 sententiae
1275 1145 1331 1210 eli·

148 1270 277 1353 quando
307 1275 384 1336 sunt
405 1270 580 1346 discordes,
610 1288 653 1335 ne
683 1269 802 1336 exinde
832 1270 961 1336 irritum
994 1269 1148 1336 evaderet
1178 1267 1330 1334 iudicium

149 1415 219 1460 cnm
246 1415 369 1482 magna
394 1399 550 1483 temporis
579 1402 614 1462 et
642 1397 783 1462 institiae
814 1397 957 1468 iactura,
981 1397 1015 1461 in
1046 1397 1099 1460 cit
1125 1394 1200 1462 (ind.
1230 1395 1329 1480 Greg.

148 1524 206 1584 art
223 1521 294 1584 443
309 1526 442 1586 cautum
457 1521 528 1588 luit.
549 1521 850 1590 ‹Detibmationes
866 1526 939 1586 tnm
954 1521 1124 1588 secundae
1140 1525 1212 1586 tum
1227 1538 1328 1586 occu·

147 1649 218 1709 soto
235 1644 408 1710 adversm
422 1645 675 1712 constituuntur
688 1664 734 1711 cn
749 1643 945 1710 maioritote
959 1647 1126 1710 votorum.
1140 1677 1156 1692 ·
1172 1639 1210 1706 Si
1222 1643 1329 1726 paria

147 1766 211 1831 sint
233 1773 327 1849 voto,
340 1769 436 1835 tome
458 1775 507 1835 cst
527 1770 713 1836 immistae
734 1769 874 1836 mitiori.
900 1767 938 1834 Si
960 1767 1089 1834 indices
1111 1767 1149 1832 in
1173 1767 1329 1833 diversas

146 1891 331 1960 sententias
345 1893 480 1973 meum,
500 1893 526 1957 ii
547 1893 609 1978 qni
622 1867 829 1980 unffi—opium
852 1893 1021 1959 dednnnt
1036 1893 1073 1958 in
1084 1911 1236 1975 poenum
1248 1907 1326 1977 prc-

147 2019 275 2085 oiorem
293 2019 462 2085 accedunt
476 2019 563 2100 otiis,
579 2019 641 2104 qni
658 2039 810 2103 poersom
824 2019 1005 2099 minorem,
1021 2017 1197 2103 produtim
1209 2018 1329 2102 procri-
1407 2087 1413 2093 ,

146 2140 292 2208 miorcm
314 2142 488 2216 severiori,
505 2141 689 2209 decernere
705 2141 865 2208 arbitrati
887 2145 975 2216 nint,
992 2141 1084 2208 unde
1105 2140 1170 2206 hoc
1184 2140 1327 2216 ratione,

146 2265 272 2330 scilicet
290 2283 358 2348 per
376 2266 576 2332 descensum
591 2267 639 2331 ad
652 2267 823 2332 mitiorem
842 2284 1003 2349 poenam,
1020 2264 1211 2333 obtineatur
1226 2265 1329 2332 moio-

145 2389 231 2454 ritos
252 2395 413 2456 notorum
428 2410 459 2454 ›.
484 2391 548 2454 Hic
569 2391 727 2456 articulus
750 2390 888 2457 dictatus
911 2389 1010 2455 luisse
1033 2389 1162 2454 videtur
1189 2387 1229 2454 ad
1253 2408 1327 2453 nor-

146 2533 230 2578 mam
261 2533 339 2597 cap.
364 2515 385 2581 1
407 2514 457 2580 De
485 2515 585 2583 arbit.
613 2517 650 2582 in
681 2516 704 2580 6
734 2517 777 2596 (1,
802 2516 868 2599 22)
900 2517 945 2581 ita
975 2517 1141 2600 concepti:
1168 2535 1186 2577 ‹
1213 2515 1252 2581 Si
1282 2534 1328 2582 ecc

148 2640 255 2707 tribus
282 2640 423 2707 arbitms
445 2648 476 2708 te
498 2642 567 2708 dno
588 2642 627 2707 in
648 2643 774 2717 decem,
799 2648 830 2707 et
854 2642 972 2707 tertius
1001 2641 1039 2707 in
1070 2642 1221 2726 quinque
1247 2661 1327 2708 con·

146 2764 292 2838 demnet,
316 2762 413 2830 debet
432 2764 597 2829 sententio
616 2765 821 2848 praeualere
844 2764 1013 2831 duorum:
1036 2763 1111 2829 ticet
1135 2780 1213 2829 cum
1235 2783 1326 2829 unns

147 2889 182 2954 in
211 2886 292 2968 XV,
324 2887 414 2953 otius
442 2886 481 2951 in
511 2887 545 2951 X
572 2888 691 2953 tertius
720 2906 801 2952 nero
830 2887 869 2951 in
901 2886 1204 2969 Vpronunciont,
1235 2886 1328 2953 illins

147 3013 204 3097 poi
227 3012 322 3077 dimi
343 3012 385 3077 de
414 3030 552 3076 stimmo
580 3010 709 3077 minori
732 3012 825 3090 (cum
847 3012 886 3077 in
908 3013 969 3077 itta
998 3030 1115 3078 omnes
1143 3012 1327 3079 concordes

148 3134 310 3223 constant)
331 3136 497 3200 sententio
521 3133 649 3219 officum
670 3140 849 3201 cernentur
873 3156 904 3199 ›.
929 3171 947 3183 -
973 3134 1077 3209 Quum
1106 3135 1188 3199 haec
1210 3134 1327 3221 regule

149 3266 316 3347 repetatur
338 3278 359 3324 a
380 3260 452 3323 iure
467 3260 637 3333 communi,
654 3261 716 3325 etsi
732 3260 857 3325 directe
874 3260 959 3325 editu
978 3259 1019 3324 ad
1035 3280 1089 3325 res
1105 3259 1226 3334 civiles,
1244 3261 1326 3326 nihil

149 3384 297 3469 prohibet
327 3385 498 3468 quominus
524 3386 636 3451 curiae
666 3384 782 3450 eccles.
812 3385 917 3451 eidem
945 3385 1079 3471 regulae
1103 3383 1327 3469 obtemperent

148 3511 253 3592 prouti
276 3508 340 3575 ists
362 3509 556 3593 exprimitur
585 3508 626 3573 ad
655 3528 730 3595 rem
760 3510 975 3575 criminalem
1001 3510 1156 3574 incitato
1186 3508 1326 3572 articulo
1438 3508 1440 3515 “

150 3629 222 3695 God.
246 3631 312 3696 ind.
336 3650 431 3715 poen.
456 3632 554 3717 Greg.
572 3666 588 3679 ·
608 3632 740 3697 Grotius
764 3632 813 3697 De
835 3632 913 3697 iure
936 3631 1012 3698 betti
1036 3636 1067 3697 et
1086 3630 1185 3714 pacis
1208 3628 1261 3695 lib.
1279 3628 1325 3713 11,

149 3773 216 3839 cap.
232 3755 264 3828 5,
280 3757 302 3838 5
319 3754 361 3820 19
377 3755 462 3821 hanc
481 3755 627 3840 regulum
644 3755 786 3840 explicat
802 3760 834 3819 et
850 3758 967 3825 tuetur,
985 3756 1036 3819 cui
1053 3755 1195 3820 concinit
1210 3753 1265 3817 lex
1282 3753 1325 3818 38

149 3877 180 3943 ff.
204 3879 255 3945 De
275 3898 316 3945 rc
337 3878 409 3945 ind.
435 3878 492 3963 (1).
1358 3973 1361 3979 Ι

237 4006 329 4071 Haec
351 4004 437 4070 dictu
459 4012 535 4071 sunt
557 4005 598 4071 de
619 4005 773 4071 tribunali
798 4004 969 4091 collegisll
987 4002 1070 4088 quod
1091 4003 1323 4088 appellavimus

238 4286 277 4356 (l)
296 4287 350 4340 Vix
368 4286 503 4342 credibile
521 4292 566 4343 ost
583 4292 652 4358 quot
669 4287 796 4341 diuersae
814 4284 972 4341 sententiae
993 4284 1046 4338 Di).
1059 4284 1212 4353 prodierint
1224 4283 1276 4339 hae
1290 4285 1324 4340 de

153 4408 194 4459 τος
212 4410 295 4464 quum
313 4394 371 4451 late
390 4399 420 4449 et
438 4394 519 4449 docte
538 4394 716 4465 prosequitur
734 4392 853 4447 Currere
871 4407 915 4461 op.
934 4392 982 4446 cit.
1001 4396 1019 4456 ς
1041 4390 1109 4446 1009
1128 4396 1158 4445 et
1175 4408 1215 4463 sq.
