3350 5100
433 305 438 318 '
520 323 566 372 ns
589 321 744 370 nunrcrrs
766 319 811 366 sr
838 314 958 366 rosnrs
1282 287 1327 352 93

238 450 351 527 Quoad
374 467 497 536 paenas
525 447 609 513 latas
639 446 673 510 in
697 444 855 530 eligentes
881 439 1038 524 indiguos,
1063 439 1204 513 notetur,
1232 429 1328 496 hodie

149 580 263 664 vigere
285 571 505 641 tantummodo
527 570 742 658 privationem
765 568 846 634 iuris
876 562 1017 650 eligendi
1044 579 1104 648 pro
1127 577 1167 624 ea
1189 558 1271 639 vice,
1295 561 1329 622 et

148 703 237 766 banc
250 702 425 766 incurrere
440 694 587 769 clericos,
604 696 679 779 quia
698 691 865 758 electionis
882 690 931 754 ius
945 688 1086 774 pertinet
1109 683 1149 749 ad
1172 682 1330 754 clericos;

151 823 382 912 praesentandi
404 829 511 890 autem
534 822 584 886 ius
607 821 704 885 ettam
723 817 765 882 ad
781 817 882 881 laicos
897 817 1030 900 spectat.
1048 811 1096 878 Cf.
1124 809 1328 882 Tbesaarmr,

153 953 192 1018 P.
217 952 261 1024 ll,
285 969 316 1013 v.
338 948 521 1018 Patronus.
545 965 621 1030 cap.
647 943 701 1010 VI.

243 1074 298 1139 67.
322 1075 362 1139 In
386 1068 611 1137 Deorstalibus
633 1069 732 1154 Greg.
756 1066 817 1139 lx,
840 1063 896 1130 lib.
921 1061 956 1136 V,
982 1061 1027 1126 tit.
1051 1059 1104 1126 22
1126 1057 1329 1124 inscribitur:

157 1200 246 1265 «Dc
275 1197 459 1265 cottaiorte
487 1193 694 1280 dctcpcndae
717 1213 747 1255 n.
779 1191 929 1256 Iamvero
959 1185 1097 1254 munao
1129 1185 1252 1249 crimen
1283 1187 1333 1248 est

156 1323 335 1411 impediens
349 1321 502 1388 iustitiam
517 1318 712 1386 iudicialem
735 1319 767 1382 in
792 1335 829 1381 re
849 1320 906 1382 aut
921 1311 1080 1378 criminali
1096 1313 1152 1375 aut
1167 1315 1334 1396 spectante

155 1446 196 1515 a‘tl
219 1448 339 1514 bonum
362 1446 540 1533 publicum,
564 1443 665 1509 veluti
691 1444 725 1506 in
756 1459 854 1508 musa
884 1434 1082 1512 beneficiali;
1109 1454 1184 1500 uam
1215 1433 1333 1499 exinde

154 1574 293 1640 crimina
324 1570 504 1636 redduntur
527 1569 683 1655 impunita
703 1567 758 1632 vel
781 1567 855 1631 iura
877 1563 1051 1629 laeduntur
1073 1561 1202 1627 illorum
1219 1559 1333 1644 quibus

156 1717 278 1764 nocere
293 1696 455 1762 destinata
476 1701 525 1760 est
547 1692 691 1759 collusio.
709 1691 801 1757 Haec
824 1692 869 1755 ita
892 1685 1019 1754 definiri
1036 1692 1155 1773 potest:
1181 1687 1288 1752 lateas
1304 1691 1336 1750 ct

155 1822 381 1906 fraudolenta
407 1819 581 1887 conventio
605 1818 694 1883 inter
716 1821 867 1883 actorem
889 1819 921 1881 ct
941 1831 1041 1881 ream
1064 1817 1123 1878 aut
1145 1813 1235 1878 inter
1256 1811 1333 1877 isto-

156 1965 239 2012 rum
250 1948 497 2028 procuratores
519 1947 579 2007 aut
602 1941 784 2007 advocatos
804 1939 843 2005 in
862 1937 1116 2022 praeiudicium
1136 1933 1282 2001 iustitiae
1306 1937 1337 1997 et

155 2069 312 2137 veritatis
335 2090 384 2162 '·.-

251 2196 318 2260 Per
339 2214 377 2259 se
406 2195 440 2259 in
471 2190 624 2259 civilibus
654 2191 788 2258 collusio
817 2207 863 2254 ne
891 2187 1028 2273 intelligi
1060 2185 1186 2270 quidem
1212 2189 1336 2271 potest;

157 2318 318 2404 siquidem
347 2319 382 2381 in
413 2317 504 2382 bisce
535 2317 641 2382 causis
670 2312 851 2380 huiusmodi
886 2313 1058 2378 conventio
1089 2315 1240 2376 censetur
1267 2329 1338 2374 esse

159 2445 287 2531 species
314 2442 556 2517 transactionis
588 2439 757 2506 dummodo
786 2445 895 2504 tamen
926 2439 1097 2503 conventio
1128 2455 1193 2502 uon
1225 2439 1339 2502 noceat

159 2569 280 2634 tertiae
305 2583 474 2651 personae,
498 2564 619 2649 absque
641 2582 699 2629 sua
725 2563 830 2648 culpa,
855 2561 1078 2627 conventionis
1104 2562 1243 2625 nesciae.
1268 2559 1339 2624 Hoc

161 2693 262 2755 etiam
284 2690 318 2754 iu
340 2708 419 2754 casu
442 2687 581 2754 hebetur
603 2687 760 2772 quaedam
783 2688 909 2773 species
923 2684 1057 2760 fraudis,
1073 2690 1187 2770 utputa
1208 2684 1290 2767 falsi
1306 2686 1339 2748 iu

162 2836 204 2882 re
214 2814 368 2887 iudiciali,
382 2812 440 2879 sed
451 2813 590 2882 cattusio
601 2815 734 2899 proprie
744 2832 810 2878 sou
821 2812 1011 2879 admittitur.
1027 2846 1042 2859 -
1056 2812 1094 2875 Iu
1107 2810 1341 2877 criminalibus

162 2960 247 3006 vero
270 2939 396 3005 indiciis
417 2943 451 3005 et
473 2940 507 3004 iu
530 2940 636 3005 causis
655 2938 769 3023 quibus
783 2940 892 3025 agitur
915 2937 954 3003 de
978 2956 1016 3002 re
1039 2935 1179 3001 obnoxia
1194 2935 1342 3022 publicae

164 3066 364 3139 auctoritati,
380 3065 426 3130 uti
441 3069 517 3130 suut
531 3062 697 3138 beneficia,
713 3064 767 3128 vel
790 3062 830 3128 de
844 3081 884 3127 re
906 3061 1048 3128 obnoxia
1062 3062 1127 3149 legi
1142 3060 1280 3143 divinae,
1296 3063 1342 3127 uti

164 3190 383 3264 matrimonia,
399 3189 533 3255 collusio
548 3195 598 3255 est
620 3190 744 3255 crimen
760 3186 815 3274 (l).
837 3187 889 3253 Ad
905 3188 1113 3254 collusionem
1135 3186 1343 3273 praepedien-

165 3315 241 3381 dum
264 3318 455 3381 constitutus
469 3320 518 3380 est
534 3315 734 3379 Procurator
748 3310 877 3387 fiscalis,
895 3315 986 3380 ouius
1016 3314 1139 3399 species
1154 3318 1204 3381 est
1228 3312 1345 3379 Delen-

168 3460 224 3507 sor
246 3440 453 3513 matrimonii,
476 3440 511 3505 iu
534 3439 765 3504 controversiis
778 3438 932 3504 nimirum
947 3437 1146 3504 iudicialibus
1169 3439 1209 3505 de
1232 3439 1346 3504 valore

167 3564 293 3630 vinculi
315 3562 567 3644 matrimonialis,
585 3582 628 3627 ex
652 3562 760 3627 Const.
783 3561 847 3629 Dei
868 3561 1086 3628 scismaticae
1109 3559 1227 3626 Beued.
1250 3561 1343 3626 XIV.

259 3684 314 3751 68.
339 3685 379 3749 In
399 3684 610 3751 recensendis
625 3683 812 3751 criminibus
827 3702 910 3766 quae
926 3685 994 3749 sire
1016 3703 1037 3748 a
1055 3684 1145 3749 laicis
1161 3682 1229 3747 sive
1244 3702 1265 3746 a
1280 3682 1344 3747 cle·
1441 3758 1444 3765 Ι

170 3811 251 3877 ricis
271 3810 396 3878 admitti
418 3811 576 3896 contingit
599 3829 744 3895 quaeque
762 3808 884 3874 violent
905 3808 1011 3895 legem
1034 3806 1346 3874 naturalem-eccle-

262 4022 303 4093 (l)
323 4022 355 4077 lu
373 4038 433 4093 cap.
451 4021 478 4090 3,
495 4024 525 4077 h.
544 4032 564 4082 t,
582 4022 716 4076 statuitur
735 4021 902 4092 privationis
919 4037 1009 4091 poena
1026 4026 1080 4093 scr.
1094 4030 1162 4075 scat.
1183 4019 1211 4073 in
1231 4018 1350 4075 clericos

171 4128 221 4199 qui
240 4129 282 4182 its
299 4128 453 4195 colludunt,
471 4132 503 4182 ut
521 4128 706 4184 conuentione
724 4131 800 4184 tacta
823 4145 887 4184 cum
905 4128 964 4184 illis
982 4128 1030 4199 qui
1051 4129 1112 4183 iure
1134 4127 1235 4183 merito
1253 4126 1349 4181 valam

172 4233 338 4303 impugnare
355 4234 484 4289 beneficii
504 4233 694 4299 collationem,
706 4234 742 4288 lis
760 4235 939 4299 instituatur-3
957 4232 1005 4287 sed
1018 4237 1115 4303 postea
1134 4250 1167 4289 eo
1188 4237 1271 4303 pacto
1288 4238 1350 4288 «nrt

175 4327 334 4408 quaestioni
340 4340 454 4395 cedatur
464 4344 494 4394 et
505 4338 590 4395 iidem
604 4339 699 4396 clerici
711 4342 850 4396 beneficia
862 4340 956 4411 quiete
969 4338 1136 4409 possideant,
1146 4340 1225 4411 quasi
1238 4340 1351 4394 nomine

175 4448 382 4515 transactionis,
399 4448 513 4503 solvunt
531 4448 595 4503 aliis
613 4448 646 4503 de
664 4448 732 4519 ipsis
750 4449 893 4505 beneflciis
912 4464 1033 4503 annuam
1052 4447 1252 4517 pensionem».
