3350 5100
380 330 424 377 DE
448 329 587 378 IUDIGIIS
611 329 852 378 emisissemus
876 329 913 376 IN
935 327 1053 376 sraela
1240 310 1301 375 391

115 452 357 535 cognitionem,
381 457 448 518 tum
472 453 506 517 in
528 453 768 520 accusationem
791 451 943 538 inquisiti,
967 457 1035 517 tum
1058 451 1092 516 in
1115 453 1184 516 eius
1207 471 1305 517 excu-

113 577 286 641 sationem
303 597 333 642 u.

213 701 271 766 Ex
287 701 380 768 dictis
395 707 492 787 patet,
509 703 729 768 necessarium
752 721 823 768 esse
846 721 1018 788 processus
1040 701 1228 787 inquisitioi
1250 723 1307 768 seu

117 835 299 918 offeraeioi,
332 834 438 918 (quem
473 835 602 924 vocant)
638 837 783 904 indicere
817 836 1065 922 publicationem
1100 836 1309 920 eamdemque

118 959 250 1044 absque
266 961 333 1025 ulla
349 961 551 1027 solemnitate
567 961 642 1026 huic
659 959 712 1026 tini
730 961 926 1027 ordinarint
944 965 1115 1027 accusatus
1134 965 1309 1046 cognoscat

117 1085 349 1148 accusationis
370 1090 571 1170 argumenta.
596 1084 646 1150 Ab
670 1085 732 1150 hac
759 1087 828 1170 ipse
851 1085 1087 1171 simplicissima
1112 1085 1218 1151 forma
1243 1106 1308 1150 nou

119 1208 222 1276 distat
249 1211 302 1274 cit.
326 1209 395 1274 cod.
413 1211 511 1296 Greg.
529 1210 642 1275 iubens
665 1216 726 1294 art.
751 1211 833 1277 385:
853 1232 871 1274 s
889 1210 1061 1278 Obiectum
1085 1211 1309 1297 publicationis

119 1341 179 1406 est,
207 1335 365 1418 inquisito
388 1335 534 1420 cognitas
562 1335 709 1416 reddere,
733 1337 765 1399 in
790 1355 849 1400 sua
871 1338 1067 1420 integritate,
1091 1335 1307 1419 probationes

119 1459 204 1522 adeo
231 1467 271 1524 ut
294 1461 363 1544 ipse
385 1479 459 1524 suas
483 1465 649 1546 comparet
672 1460 879 1545 probationes
893 1460 1119 1546 proponendas
1141 1465 1216 1526 ante
1239 1481 1309 1525 sen-

121 1587 262 1650 tentiam
295 1585 475 1651 iudicialem
500 1607 532 1648 ι.
556 1587 627 1652 Art.
656 1585 740 1652 386:
766 1606 783 1649 ιι
809 1587 928 1652 Forma
959 1586 1053 1652 buius
1084 1586 1309 1671 publicationis
1403 1577 1408 1588 ’

121 1713 276 1776 consistit
296 1712 328 1776 in
344 1711 485 1792 decreto,
502 1731 564 1796 quo
581 1711 678 1778 iudex
693 1714 871 1778 instructor
889 1717 945 1778 aut
960 1713 1166 1780 Gubernator
1188 1711 1310 1798 (iudea

122 1834 344 1924 ordinarius)
356 1835 509 1908 declarat,
523 1857 692 1922 processus
705 1837 950 1902 instructionem
962 1859 1034 1902 esse
1046 1836 1222 1904 absolutam
1235 1857 1310 1922 pro-

123 1962 270 2046 indeque
291 1962 718 2028 istiuscommunicationem
742 1960 813 2026 fieri
830 1963 973 2047 legitimo
988 1964 1195 2049 procuratori
1210 1962 1309 2046 inqui·

123 2087 186 2158 siti,
205 2089 263 2171 qui
280 2087 368 2151 illam
391 2087 531 2171 postulet
547 2106 576 2150 ›.
596 2086 699 2158 Patet,
724 2086 801 2151 inibi
826 2087 947 2152 nullam
971 2086 1104 2152 decerni
1128 2089 1309 2152 solemnita-

125 2220 190 2277 tem
206 2221 244 2278 et
260 2213 426 2279 dumtaxat
442 2213 567 2276 servari
587 2211 815 2278 neeessariam
832 2213 987 2288 termam,
1004 2215 1121 2298 quippe
1136 2213 1309 2299 publicatio

125 2336 161 2404 tit
184 2339 390 2442 eundeereto
423 2337 535 2403 iudicis
565 2336 753 2406 ordinantis.
780 2339 882 2422 ipsum
906 2339 1091 2423 inquisitum
1114 2345 1170 2404 aut
1192 2359 1251 2424 per
1274 2359 1310 2403 se

126 2469 182 2531 aut
214 2485 276 2551 per
307 2469 553 2551 procuratorem
584 2461 707 2527 admitti
731 2462 771 2527 ad
794 2463 993 2551 perlegenda
1023 2469 1097 2529 acta
1127 2483 1307 2551 processus.

127 2588 244 2663 Quoad
261 2610 331 2655 rem
348 2594 500 2661 nostram,
518 2588 550 2651 in
571 2588 708 2651 relatum
732 2589 915 2670 articulum,
932 2589 995 2654 duo
1010 2589 1209 2655 advertenda
1224 2596 1307 2655 sunt.

129 2716 252 2783 Primo
276 2716 442 2781 decretum
458 2715 682 2800 publicationis
706 2712 777 2778 fieri
800 2735 821 2779 a
843 2716 948 2780 iudice
970 2716 1173 2783 instructore
1195 2718 1221 2781 si
1246 2717 1310 2781 boc

130 2840 283 2907 babuerit
309 2842 341 2904 in
369 2838 540 2913 mandatis,
565 2860 622 2905 seu
644 2836 841 2925 procedendi
871 2860 970 2924 usque
997 2842 1036 2905 ad
1060 2841 1309 2927 publicationem

131 2986 318 3049 processus,
349 2964 513 3031 inclusive
520 2983 534 3047 ;
561 2984 653 3029 secus
684 2961 720 3030 lit
746 2964 786 3028 ab
814 2964 884 3050 ipso
910 2962 1016 3029 iudice
1046 2965 1225 3031 ordinario
1250 2967 1309 3046 (l).

134 3089 300 3171 Secunde,
324 3091 571 3155 communicatio
599 3096 745 3155 actorum
768 3087 805 3153 fit
827 3094 883 3171 aut
905 3090 965 3175 ipsi
990 3089 1140 3173 inquisito
1163 3096 1219 3153 aut
1241 3093 1310 3155 eius

133 3216 355 3296 procuratori;
380 3216 472 3280 iuxta
496 3234 626 3279 normas
648 3234 749 3300 supra
772 3214 962 3299 explicatas.

219 3341 298 3407 324.
324 3340 450 3407 Etenim
484 3360 526 3404 ex
558 3359 590 3404 α.
618 3358 650 3405 a.
679 3340 778 3403 XXX
806 3344 839 3403 et
865 3340 984 3403 XXXI
1011 3340 1088 3403 satis
1118 3344 1232 3424 aperta
1263 3345 1311 3404 est

136 3463 362 3531 instructionis
374 3465 516 3546 intentis,
531 3482 646 3550 nempe
662 3469 697 3529 ut
711 3468 865 3529 accusato
876 3462 959 3530 adsit
974 3482 1075 3549 opera
1086 3463 1244 3534 advocati,
1258 3463 1309 3528 vel

135 3588 226 3654 electi
243 3589 284 3654 ab
302 3592 369 3674 ipso
389 3595 548 3663 accusato,
566 3590 618 3653 vel
642 3609 685 3655 ex
709 3589 814 3655 officio
830 3589 983 3676 deputati,
1000 3590 1056 3654 sed
1080 3591 1208 3675 singula
1225 3595 1309 3662 acta,

136 3714 237 3779 valide
253 3716 349 3779 etiam
366 3735 426 3800 per
441 3735 486 3787 se,
503 3714 639 3800 explere
655 3716 743 3781 valet
766 3717 835 3801 ipse
850 3722 1035 3792 accusatus;
1052 3718 1165 3782 saltem
1186 3718 1230 3781 ita
1246 3716 1311 3780 lert

108 3878 111 3887 ·
136 3839 340 3905 consuetudo.
361 3841 573 3905 Nihilominus
588 3841 772 3907 attendatur
795 3842 953 3907 articulus
969 3841 1101 3906 XXXII
1122 3843 1309 3906 Instructio-

137 3964 183 4027 uis
205 3970 368 4031 statuens:
394 3984 412 4027 s
437 3963 604 4049 Deseruer
627 3972 724 4032 caute
750 3966 906 4032 aetitiam
938 3966 1055 4030 lauru
1077 3984 1262 4047 processus
1281 3972 1311 4030 et

222 4160 261 4226 (ll
281 4158 406 4211 Officium
427 4160 527 4213 iudicis
543 4162 722 4213 instructoris
745 4165 788 4213 est
806 4162 982 4231 deteputum3
1000 4159 1064 4213 inde
1089 4158 1172 4213 iudex
1196 4162 1311 4213 ordina·

139 4267 194 4319 sius
214 4271 307 4335 potest
325 4267 377 4319 sibi
397 4284 539 4321 reservare
558 4267 722 4321 facultatem
742 4268 906 4321 decernendi
927 4266 1146 4337 publicationem
1164 4283 1312 4335 processus

140 4372 299 4442 iaquisitiai,
328 4374 383 4427 imo
412 4373 483 4429 banc
510 4376 673 4430 facultatem
699 4375 750 4427 sibi
778 4390 933 4428 reservasse
961 4373 1149 4443 praesumitur
1173 4374 1224 4427 nisi
1251 4390 1312 4428 eam

141 4494 263 4548 expresse
283 4480 425 4535 concedat.
446 4480 486 4535 cf.
506 4500 590 4551 supra
609 4500 633 4535 n.
658 4483 715 4536 155.
