3350 5100
344 315 410 381 166
856 334 941 382 raas
972 334 1009 380 n.

337 460 579 540 procuratoris
588 458 714 544 fiscalis
728 479 786 524 seu
801 458 919 543 publici
934 457 1145 524 materis
1159 476 1205 522 eu
1215 457 1336 542 officio,
1349 458 1404 542 qui
1414 455 1467 520 vel
1479 475 1520 520 ex

342 585 478 669 simplici
495 585 609 649 notitia
623 584 734 649 curiae
746 584 800 649 vel
815 603 858 648 ex
871 583 998 667 publica
1013 582 1099 646 lama
1114 589 1170 648 aut
1183 601 1314 646 rumore
1325 580 1379 676 yel
1390 579 1524 665 praevia

341 708 590 776 denunciatione
624 710 722 773 instat
755 705 828 772 deri
858 709 1097 790 inquisitionem
1133 713 1167 772 ut
1198 693 1372 791 detegatur
1397 705 1521 770 crimen

342 834 545 898 commissum
560 833 595 896 in
609 853 668 897 sua
684 833 839 916 qualitate
860 838 893 897 et
908 833 1096 916 quantitate,
1113 838 1145 897 et
1160 852 1181 895 a
1196 849 1336 914 quonam
1359 834 1520 914 patratum

342 959 384 1022 sit
405 957 571 1042 probetur.
597 958 703 1022 Porro
725 958 889 1040 inquisitio
916 957 1077 1022 diducitur
1100 959 1133 1021 in
1159 956 1367 1042 pennatam,
1390 955 1424 1020 in
1448 971 1521 1036 spe·

342 1083 474 1158 itanu
491 1087 521 1148 in
548 1084 840 1168 specialissimam.
861 1113 882 1130 ·-
908 1085 1086 1148 Processus
1101 1083 1261 1148 iudicialis
1280 1083 1458 1148 instituitur
1481 1101 1522 1145 ex

341 1209 547 1291 inquisitione
574 1191 852 1291 spectatissimas
874 1227 949 1271 nam
981 1207 1065 1272 baec
1095 1209 1237 1292 pertinet
1267 1207 1308 1271 ad
1332 1212 1522 1290 potestatem

341 1334 454 1398 stricte
465 1333 672 1413 iudicialem
690 1352 785 1416 quum
809 1332 958 1399 intendat
971 1332 1222 1398 accusationem
1239 1331 1435 1396 iudicialiter
1449 1349 1522 1415 pro-

341 1457 421 1522 bare
436 1459 470 1521 in
482 1464 723 1542 praesumptum
739 1457 887 1523 criminis
902 1461 1087 1532 aucbirem;
1103 1464 1234 1522 ceterae
1251 1457 1360 1541 potius
1374 1455 1414 1520 ad
1427 1454 1524 1520 iuris-

342 1583 522 1650 dictionem
545 1584 776 1650 uoluntariam
799 1588 947 1667 spectant
971 1581 1027 1667 (l).

434 1707 538 1770 Porro
562 1707 775 1790 inquisitionis
796 1705 1061 1789 specialissimae
1091 1727 1148 1770 seu
1174 1703 1345 1772 iudicialis
1367 1702 1441 1768 finis
1465 1709 1522 1780 est,

342 1829 499 1914 colligere
522 1849 560 1892 ea
583 1829 807 1914 probationum
831 1828 1146 1920 momentaquibus
1169 1830 1325 1895 innitatur
1351 1828 1522 1894 ocaeano

341 1955 551 2022 instauranda
574 1953 730 2019 adversus
752 1955 937 2037 inquisitum
961 1974 1020 2040 per
1042 1955 1211 2019 formalem
1232 1973 1418 2040 processum
1443 1951 1522 2017 iudi-

342 2080 467 2148 cialem.
492 2079 571 2146 Inde
594 2083 760 2164 postquam
777 2077 887 2160 iudex,
903 2081 955 2163 qui
980 2079 1216 2162 inquisitionem
1239 2052 1408 2148 instaurat,
1434 2075 1522 2142 advi-

342 2208 466 2294 gilante
488 2213 521 2272 et
542 2207 684 2270 instante
706 2209 892 2289 promotore
914 2201 1025 2277 fiscali,
1050 2205 1220 2291 collegerit
1243 2203 1451 2289 probationes
1469 2206 1525 2267 aut
1632 2239 1633 2244 κ

341 2331 456 2398 saltem
467 2331 583 2416 gravia
594 2328 723 2409 indicia,
736 2347 819 2412 quae
829 2326 1031 2394 sufficienter
1041 2328 1265 2393 demonstrant
1281 2327 1403 2392 factum
1416 2327 1521 2392 crimi-
1547 2345 1549 2350 ·

342 2472 455 2518 nusum
479 2453 612 2534 eiusque
633 2453 813 2522 auctorem,
838 2457 1005 2534 promotor
1027 2447 1147 2515 fiscalis
1170 2449 1422 2516 accusationem
1447 2467 1522 2513 oon·
1632 2443 1633 2446 ’

342 2577 419 2661 cipit
434 2578 466 2641 in
483 2574 620 2660 quodam
643 2573 762 2647 libello,
779 2573 833 2638 ubi
853 2579 1075 2661 congeruntur
1094 2573 1301 2659 probationes
1324 2579 1380 2638 aut
1403 2572 1524 2637 indicia

342 2702 456 2787 quibus
480 2701 613 2767 fundata
636 2700 798 2765 accusatio
821 2700 935 2785 procul
960 2700 1064 2773 dubio,
1089 2720 1153 2765 non
1170 2706 1218 2764 est
1234 2698 1448 2765 calumniosa
1468 2696 1522 2763 sed

341 2826 527 2891 necessario
551 2828 707 2907 provocat
729 2821 769 2886 ad
795 2841 965 2889 censuram
982 2822 1129 2908 publicae
1149 2824 1325 2908 potestatis.
1343 2822 1524 2887 Processus

342 2950 395 3033 qui
418 2948 571 3033 deinceps
597 2948 758 3012 evolvitur
782 2953 832 3011 est
854 2948 1097 3021 accusatorius,
1121 2950 1153 3013 vi
1177 2947 1401 3027 accusationis,
1426 2966 1523 3031 quam
1632 3024 1633 3029 ἵ

342 3080 452 3139 tuetur
466 3081 500 3138 et
523 3074 665 3158 explicat
688 3079 854 3159 promotor
869 3072 997 3147 fiscalis,
1013 3075 1126 3139 eadem
1149 3074 1264 3139 ductus
1287 3076 1469 3140 intentione
1484 3094 1523 3138 ac

342 3200 478 3269 ratione,
492 3216 554 3281 qua
566 3203 745 3267 accusator.
758 3200 830 3263 iure
843 3216 986 3270 romano,
999 3199 1201 3264 instaurabat
1216 3199 1368 3264 iudicium
1380 3194 1522 3263 afferens

342 3319 547 3407 probationes
561 3318 674 3403 quibus
688 3321 842 3386 evincere
857 3320 1072 3386 contendebat
1083 3322 1240 3407 prolatam
1259 3316 1520 3387 accusationem.

344 3480 362 3493 -
379 3446 415 3509 ln
430 3442 563 3529 periodo
580 3443 793 3508 accusatoria
806 3442 999 3509 referendae
1011 3451 1086 3511 sunt
1099 3464 1161 3508 non
1175 3448 1298 3509 tantum
1314 3443 1521 3528 probationes

342 3567 498 3633 collectae
519 3568 548 3628 vi
564 3566 801 3651 inquisitionis,
817 3566 873 3631 sed
890 3572 965 3633 sunt
981 3568 1215 3633 examinandae
1232 3573 1264 3633 et
1281 3568 1378 3633 ueluti
1403 3569 1521 3633 iterum
1632 3654 1633 3661 ἵ

429 3812 469 3883 (Ι)
488 3812 527 3866 De
545 3811 622 3892 bisce
641 3812 786 3880 speciebus
805 3812 997 3881 inquisitionis
1016 3813 1118 3868 redibit
1133 3818 1234 3879 sermo,
1245 3813 1292 3868 sed
1309 3814 1390 3867 modo
1404 3814 1522 3867 innuere

341 3918 468 3985 sufficiat,
482 3918 691 3988 inquisitionem
707 3918 872 3988 pasicratem
885 3936 945 3973 esse
958 3920 1096 3972 assiduam
1112 3919 1291 3989 vigilantiam
1311 3938 1328 3973 s
1341 3919 1522 3975 praesulibus
1632 3940 1633 3945 ¹

341 4025 533 4089 adhibendam,
546 4039 619 4094 quae
631 4026 740 4093 satagit
753 4025 872 4077 crimina
884 4026 1038 4094 prevenire.
1053 4056 1068 4067 -
1083 4027 1221 4097 specialis
1237 4028 1378 4097 inquisitio
1391 4027 1524 4095 dirigitur
1632 3996 1633 4057 ἶ

340 4131 370 4184 in
388 4132 493 4184 factum
512 4130 692 4184 criminosum
711 4130 766 4184 ism
783 4130 933 4183 admissum
954 4136 985 4185 ut
998 4132 1059 4185 eius
1071 4132 1203 4187 adiuncta
1215 4138 1422 4201 cognoscantur
1434 4136 1463 4187 et
1475 4132 1521 4185 via

341 4242 484 4292 sternatur
500 4236 535 4289 ad
554 4237 740 4307 detegendum
763 4237 889 4290 criminis
910 4234 1061 4292 auctorem.
1082 4268 1093 4279 ·
1116 4240 1332 4309 specialissima,
1351 4239 1472 4295 intendit
1489 4243 1521 4291 ul
1632 4244 1633 4309 ζ

341 4344 457 4399 crimine
475 4345 649 4398 iudicialiter
665 4344 849 4398 convincatur
868 4344 915 4415 qui
936 4346 976 4398 uti
996 4345 1121 4399 criminis
1138 4352 1238 4400 auctor
1255 4357 1405 4401 accusation
1423 4364 1440 4400 a
1459 4361 1520 4413 pro·

341 4450 501 4504 bationibus
519 4455 547 4504 et
566 4449 676 4503 indiciis
694 4451 790 4505 sedulo
809 4450 937 4505 collectis
957 4468 991 4505 ex
1009 4455 1129 4523 speciali
1144 4455 1329 4523 inquisitione.
