3350 5100
427 300 470 344 uu
494 267 898 349 ruumus'cmumamsus
922 304 957 350 m
981 304 1098 352 susem
1286 290 1351 355 413

174 424 266 487 curia
289 422 479 489 dioecesana
510 427 592 491 solet
614 427 771 511 appellari
796 427 851 492 vel
876 426 915 491 ad
940 430 970 493 S.
996 430 1114 515 Gongr.
1141 432 1273 498 Consilii
1298 434 1351 499 vel

174 548 215 611 ed
238 550 269 615 S.
291 548 410 635 Cougr.
436 550 502 615 ΕΕ.
527 557 559 615 et
584 552 653 617 RR.
676 551 830 636 (l).·Imo
853 555 927 635 quia
950 556 982 618 in
1009 528 1146 631 Decreto
1169 556 1201 623 S.
1226 558 1260 623 C.
1283 559 1348 623 IIE.

174 678 207 737 et
224 674 294 739 RR.
311 676 354 738 18
368 674 636 749 Decumo1835,
654 674 844 742 confirmato
860 678 925 742 alio
940 678 1072 744 decreto
1088 679 1149 744 diei
1165 680 1216 745 26
1232 680 1352 745 Martii

174 798 274 880 1886,
299 799 426 865 iubetur
449 807 512 866 art.
537 801 570 866 I:
597 821 615 864 ‹
639 800 719 867 Reis
742 822 763 867 a
787 803 879 868 curis
903 803 1149 887 episcopatibus
1179 805 1352 871 damnatis

173 899 476 1005 spatium'dienuen
491 926 535 989 10
549 926 745 992 conceditur
761 946 829 1011 quo
845 928 893 992 ud
910 928 943 993 S.
965 926 998 993 0.
1015 930 1084 995 ΕΕ.
1102 935 1133 994 et
1148 928 1221 993 ΕΗ.
1239 932 1354 1013 oppet-

174 1051 248 1115 Iore
267 1050 399 1132 possint
418 1071 449 1123 s,
474 1050 649 1117 dubitatum
675 1058 732 1120 eet.
757 1072 798 1117 an
820 1054 883 1117 hae
906 1054 997 1119 dnae
1019 1055 1191 1121 instantiae
1215 1055 1352 1139 appella·
1443 1022 1447 1035 ι

173 1176 270 1239 tlouis
284 1180 408 1241 tantum
424 1176 604 1241 servandae
621 1185 737 1243 essent.
752 1180 813 1243 Ast
828 1198 923 1243 omne
939 1178 1068 1243 dubium
1080 1178 1211 1245 abstulit
1227 1183 1352 1245 Instru-

174 1302 240 1365 ctio
262 1302 295 1365 in
318 1307 378 1366 art.
397 1303 548 1368 XXXIX
571 1309 604 1367 et
623 1304 717 1369 XLII
742 1310 775 1369 et
797 1325 851 1370 res
875 1305 1010 1390 intelligi
1036 1304 1131 1371 debet
1153 1307 1198 1370 uli
1223 1286 1373 1371 (sautum¹

175 1435 223 1493 est
245 1426 287 1493 in'
306 1429 503 1513 Appendiee
524 1430 564 1494 ad
589 1432 643 1496 cit.
660 1430 730 1495 eod.
749 1432 858 1516 Greg.‚
881 1436 941 1495 art.
960 1432 996 1497 9:
1015 1431 1308 1515 ‹Appellationes
1331 1453 1353 1498 u

174 1555 347 1620 sententiis
362 1554 597 1621 crineinelilnes
613 1555 836 1621 tribunalium
852 1556 965 1623 eccles.
983 1556 1188 1639 deseruntur
1203 1558 1250 1622 od
1267 1557 1300 1622 S.
1317 1558 1351 1624 C.

175 1681 243 1745 ΕΕ.
261 1684 292 1745 et
309 1678 392 1753 lili„
408 1680 512 1745 seteis
526 1680 660 1747 iuribus
674 1681 1019 1764 metropolitanorum
1038 1682 1096 1748 ubi
1112 1683 1225 1748 adhuc
1240 1682 1352 1749 obser-

174 1810 300 1871 vantur
322 1826 353 1868 ».
379 1805 539 1877 Ceterum,
564 1808 596 1869 in
621 1826 658 1870 re
681 1807 852 1880 crimInali
877 1805 955 1872 duas
986 1809 1154 1871 instantes
1187 1806 1353 1888 iudiciales

175 1927 326 1995 sufficere
349 1948 448 2015 supra
471 1929 687 2014 probavimus.

265 2055 340 2121 351.
364 2056 502 2141 Tempus
521 2055 560 2120 ad
584 2055 809 2140 appellandum
834 2054 933 2121 fatale
950 2063 998 2122 est
1014 2057 1224 2123 decendium.
1249 2058 1354 2121 Etiam

176 2179 336 2263 explorati
359 2180 437 2245 iuris
462 2186 520 2251 est,
545 2181 607 2244 hoc
631 2200 701 2245 esse
725 2188 850 2265 tempus
867 2181 1064 2249 continuum
1082 2183 1114 2245 in
1123 2181 1279 2259 decursu,
1297 2202 1354 2247 seu

176 2324 312 2370 currere
336 2308 432 2369 etiam
457 2307 490 2370 in
513 2305 624 2371 diebus
645 2288 779 2380 feriatis,
804 2306 860 2371 sed
883 2307 964 2373 utite
988 2326 1059 2371 esse
1079 2308 1110 2371 iu
1128 2307 1218 2372 initio
1235 2308 1309 2373 Vol.
1327 2306 1353 2381 Ι,

176 2451 205 2495 n.
224 2430 306 2507 361;
323 2424 439 2517 quippe
453 2426 626 2498 incohatur
644 2469 661 2481 -
679 2452 701 2497 o
724 2433 952 2519 notificatione
967 2434 1151 2499 sententiae
1168 2470 1185 2481 ·
1204 2434 1248 2499 uti
1267 2432 1354 2497 iubet
1428 2514 1430 2519 Ι

173 2563 236 2622 art
252 2557 436 2624 XXXVIII
457 2557 535 2622 Inst.
561 2559 603 2624 ita
630 2563 821 2644 conceptus:
842 2579 858 2620 c
879 2559 1045 2623 Instentio
1069 2558 1115 2624 ud
1137 2557 1354 2624 introducen-
1471 2575 1476 2588 ·

175 2683 258 2748 dan
272 2683 536 2765 appellationem
551 2683 712 2766 faciendo
727 2688 776 2748 est
790 2683 883 2748 intra
908 2683 1091 2748 terminum
1110 2683 1154 2748 10
1169 2682 1304 2748 clinum
1328 2700 1350 2746 u

175 2809 401 2894 notificatione
416 2809 609 2882 sententiae,
624 2827 691 2893 qno
708 2809 852 2875 termino
867 2808 1032 2874 inutiliter
1048 2809 1172 2890 elapso,
1190 2806 1354 2872 sententia

176 2936 314 3019 ipsein
340 2942 430 3002 statu
460 2936 669 3004 euecutionis
698 2905 872 3019 repetitur
887 2957 918 2998 e.
944 2937 986 3016 Et
1009 2935 1128 3000 clarius
1154 2936 1191 2999 in
1219 2934 1351 3000 decreto

175 3059 217 3124 18
234 3060 386 3127 Decemb.
404 3060 495 3127 1835
512 3061 564 3145 (de
580 3080 642 3144 quo
658 3059 693 3126 fit
709 3061 827 3125 mentio
851 3061 883 3124 iu
906 3065 969 3124 art.
988 3059 1154 3125 XXXVII
1171 3060 1230 3130 cit.
1248 3057 1351 3144 Inst.)‚

177 3186 216 3251 ad
240 3193 301 3252 art.
318 3187 340 3252 2
363 3188 578 3272 praecipItur:
599 3186 757 3252 «Decem
780 3185 852 3250 dies
876 3184 1056 3251 numerari
1078 3204 1148 3250 non
1168 3184 1270 3265 odie,
1286 3202 1353 3268 quo

176 3312 340 3379 sententio
364 3314 434 3378 toto
448 3317 505 3383 est,
521 3312 582 3376 sed
596 3330 618 3375 a
634 3309 698 3383 die,
715 3329 783 3396 quo
802 3329 861 3376 reo
878 3311 930 3377 oet
946 3309 1018 3375 eius
1038 3309 1211 3391 defensori
1226 3306 1273 3393 (2)
1286 3325 1352 3390 per

176 3455 350 3502 musonem
367 3435 573 3501 denunciato
595 3434 661 3516 fuit
677 3457 708 3499 ».
734 3434 795 3500 Sed
812 3433 866 3498 hle
882 3433 1040 3498 articulus
1063 3433 1204 3516 quuitur
1224 3429 1263 3494 de
1280 3451 1352 3496 cur·

176 3579 262 3640 sore,
276 3560 367 3625 cuius
382 3566 489 3625 umen
505 3579 637 3644 operam
654 3579 718 3622 nou
734 3577 863 3642 semper
878 3556 972 3621 hodIe
985 3561 1114 3641 praesto
1131 3575 1201 3620 esse
1213 3555 1356 3620 advertit

176 3688 237 3746 art.
254 3683 336 3747 XIV
353 3683 449 3757 Iust.;
467 3699 568 3764 quare
585 3678 819 3745 recurrendum
836 3683 885 3745 est
900 3678 939 3743 ad
956 3677 1086 3762 pubIIca
1100 3674 1207 3740 efficta
1228 3677 1354 3740 littera·

265 3913 305 3981 (I)
324 3913 416 3967 Etiam
436 3912 461 3966 S.
481 3913 567 3982 (long.
587 3910 705 3966 Consilii
725 3911 830 3965 iudicat
849 3910 899 3963 has
924 3925 1022 3962 causas
1040 3909 1069 3962 iu
1089 3909 1118 3961 2·
1138 3907 1288 3974 instantia,
1307 3907 1356 3962 sed

177 4021 203 4075 S.
223 4021 252 4076 C.
272 4021 326 4075 ΕΕ.
347 4025 376 4076 et
395 4021 452 4074 RR.
472 4019 560 4075 habet
576 4020 733 4090 appositum
752 4018 909 4082 officialem,
932 4017 1051 4071 Iudicem
1071 4015 1232 4071 Relatorem
1252 4032 1355 4069 nuncu·

178 4135 273 4199 patum
292 4131 321 4183 in
341 4129 388 4184 clt.
407 4128 509 4184 decret.
529 4129 567 4181 18
586 4129 714 4182 Decemb.
734 4127 824 4180 1835.

233 4288 241 4301 ‚
266 4235 306 4306 (2)
325 4237 397 4298 Quia
414 4237 542 4292 defensor
560 4241 673 4291 tenetur
692 4253 771 4288 suum
789 4235 921 4290 clientem
937 4249 1051 4288 monere
1064 4233 1097 4287 de
1116 4233 1275 4286 sententiae
1294 4247 1355 4300 pro·

174 4346 279 4400 latione
298 4352 328 4402 et
346 4346 439 4413 etiam,
460 4362 494 4400 ue
513 4350 622 4414 tempus
641 4343 906 4414 praetergrediatur,
927 4341 1145 4412 appellationem
1167 4340 1354 4410 interponere,

175 4455 223 4509 sed
241 4454 366 4508 eamdem
386 4470 441 4508 uon
459 4457 571 4509 tenetur
591 4452 726 4523 prosequi.
