3350 5100
313 278 380 343 308
827 298 912 345 ruas
935 298 972 345 11.

311 419 432 505 pluries
456 420 684 483 examinantur
700 417 795 483 iidem
810 424 919 492 testas,
938 439 999 486 nec
1017 438 1082 483 non
1107 422 1181 485 novi
1202 420 1334 505 produci
1360 428 1492 505 possunt

310 544 351 609 ad
374 543 565 630 ampliorem
596 542 835 628 probationem
860 546 936 628 quin
967 551 1075 611 tamen
1104 564 1244 629 uuquam
1275 547 1403 628 citetur,
1427 567 1493 613 uua

312 690 386 736 cum
409 668 552 740 testibus,
577 689 654 734 reus
677 670 746 735 sive
770 674 805 734 ut
827 670 888 735 hos
910 668 1018 735 videat
1042 672 1151 735 iurare
1173 676 1230 736 aut
1247 690 1359 736 eorum
1383 672 1491 739 audiat

312 797 559 864 attestationem.
576 830 592 843 ·
608 795 678 860 Reo
701 800 808 860 autem
831 796 992 879 inquisito,
1010 797 1043 861 in
1059 795 1262 861 examinibus
1285 796 1400 880 quibus
1423 798 1492 883 ipse

311 920 489 993 subiicitur,
506 919 541 985 fit
564 922 756 987 contestatio
778 921 923 985 criminis
940 927 972 986 et
991 920 1214 987 adiuncturum
1236 922 1392 1002 criminis,
1409 941 1493 1006 quae

312 1068 371 1132 per
401 1054 500 1112 testes
522 1051 579 1113 aut
605 1066 664 1131 per
687 1044 880 1111 documenta
909 1044 1040 1130 probari
1068 1048 1097 1111 ei
1121 1044 1340 1131 significatum
1364 1044 1493 1121 additis,

311 1171 350 1253 (si
365 1172 429 1237 hoc
444 1172 629 1257 expostulet
644 1171 820 1237 necessitas
835 1169 1034 1256 detegendae
1049 1172 1209 1254 veritatis)
1227 1160 1390 1235 nonnullis
1409 1190 1490 1255 qua·

311 1295 463 1371 hiatibus,
494 1293 581 1360 unde
604 1296 773 1379 inquisitus
801 1296 960 1379 percipiat
985 1314 1048 1379 quo
1078 1293 1194 1360 debeat
1222 1294 1366 1380 dirigere
1393 1315 1491 1362 exce-

311 1422 437 1505 ptiones
451 1422 491 1485 ad
511 1419 713 1505 repellendas
728 1418 870 1485 obiectas
885 1420 1107 1486 attestationes
1125 1424 1158 1486 et
1176 1419 1393 1505 probationes.
1415 1422 1492 1485 Post

311 1546 584 1613 contestationem
596 1544 759 1623 criminis,
772 1540 808 1609 dt
819 1544 956 1610 facultas
970 1546 1119 1627 inquisito
1134 1565 1169 1609 se
1185 1542 1379 1610 defendendi
1392 1546 1491 1610 etiarn

311 1676 410 1734 testes
433 1668 621 1733 deducendo
644 1674 700 1733 aut
722 1668 787 1733 alia
810 1667 1033 1751 probationum
1060 1688 1192 1752 genera.
1220 1668 1310 1733 Haec
1334 1669 1418 1732 enirn
1443 1674 1493 1733 est

313 1799 429 1858 natura
456 1812 628 1878 processus
653 1811 743 1875 pure
765 1792 952 1877 inquisitivi
975 1800 1010 1857 ut
1033 1793 1182 1874 inquisito
1210 1790 1371 1875 pandatur
1399 1810 1491 1855 accu-

311 1919 393 1981 satio
417 1924 449 1979 et
473 1918 537 1980 uua
559 1915 653 1979 simul
677 1914 883 1998 probationes
909 1914 1066 2000 singulae,
1082 1913 1196 1997 quibus
1216 1916 1338 1980 veritas
1361 1932 1491 1979 accusa·

311 2042 409 2105 tionis
423 2040 518 2105 iudici
536 2040 664 2105 videtur
678 2040 798 2114 evinci;
815 2044 956 2103 attamen
974 2038 1080 2107 iudex.
1098 2041 1124 2105 si
1141 2038 1203 2103 hoc
1218 2038 1319 2124 pravi
1335 2058 1377 2103 ex
1393 2055 1494 2103 causa

312 2165 466 2251 expedire
489 2163 691 2235 iudicaverit.
715 2169 820 2249 potest
843 2164 983 2246 aliquam
1006 2164 1179 2247 specialem
1211 2163 1434 2247 probationem
1459 2168 1492 2227 et

312 2290 509 2374 potissimum
533 2288 676 2355 nomina
690 2287 825 2353 testium
840 2306 905 2351 non
922 2287 1100 2371 publicare.
1118 2288 1294 2383 Legitimae
1313 2292 1420 2352 autem
1441 2288 1490 2351 rei

312 2414 490 2479 defensioni
507 2414 712 2499 prospicitur,
729 2432 827 2495 quum
842 2414 992 2496 inquisito
1016 2411 1202 2497 panduntur
1217 2430 1369 2497 suprema
1384 2412 1491 2495 capita

311 2536 545 2622 probationum,
560 2542 595 2600 ut
606 2555 684 2601 ecce
695 2537 825 2602 testium
836 2538 977 2620 potiores
989 2537 1194 2608 assertiones,
1207 2534 1344 2600 reticitis
1359 2536 1489 2600 testium

312 2665 507 2737 nominibus;
523 2684 585 2730 nec
600 2683 666 2728 non
681 2663 796 2748 aliquis
811 2663 922 2728 forsan
937 2662 1116 2728 ostenditur
1131 2669 1240 2728 textus
1256 2681 1313 2728 seu
1329 2661 1492 2747 fragmen·

311 2797 378 2854 turn
394 2789 670 2860 documentorum,
688 2790 868 2872 suppressis
884 2795 992 2852 tamen
1007 2789 1046 2851 iis
1066 2787 1219 2871 partibus,
1238 2805 1320 2869 quae
1336 2787 1491 2869 inquisito

312 2913 555 2979 manifestarent
569 2912 804 2978 immediatum
826 2910 956 2990 fontem
973 2912 1179 2994 probationis.
1199 2945 1215 2957 -
1235 2909 1391 2992 Equidem
1416 2929 1490 2992 pro·

313 3057 421 3101 cessus
433 3055 523 3119 pure
533 3035 747 3120 inquisitione
759 3042 808 3100 est
818 3039 966 3100 secretas
978 3034 1176 3118 proindeque
1190 3035 1342 3098 remissus
1354 3031 1493 3096 arbitrio

313 3159 434 3230 iudicis,
448 3161 500 3242 qui
514 3159 603 3244 leges
614 3164 724 3222 servat
740 3158 879 3224 iustitiae
892 3125 994 3240 quoad
1009 3156 1244 3237 substantium,
1261 3159 1493 3240 praetermissa

313 3301 512 3368 quacumque
531 3300 702 3367 processus
725 3283 936 3348 solemnitate.
956 3283 998 3346 Et
1014 3283 1153 3346 iustitiae
1177 3281 1217 3345 ad
1241 3300 1371 3345 normas
1394 3285 1492 3345 natu·

311 3407 397 3474 ratis
419 3407 506 3472 iuris
529 3406 715 3491 obsequitur
740 3406 839 3470 iudex
863 3407 947 3486 dum,
973 3412 1144 3488 antequam
1173 3425 1264 3470 reum
1288 3405 1492 3484 condemnet,

313 3533 482 3618 collegerit
505 3551 544 3594 ea
568 3531 789 3614 probationum
818 3539 991 3609 momenta,
1016 3549 1098 3612 quae
1125 3537 1237 3615 suapte
1260 3532 1291 3594 vi
1319 3531 1490 3594 veritatem

313 3657 517 3744 persuadent,
534 3677 682 3740 quaeque
711 3631 888 3723 indiciatiu
912 3656 973 3720 dici
998 3663 1131 3741 possunt
1153 3663 1310 3741 quatenus
1332 3656 1420 3722 facta
1443 3663 1491 3722 est

312 3802 371 3850 reo
388 3788 528 3866 potestas
547 3781 765 3847 demostrandi
787 3801 879 3846 suam
902 3783 1129 3855 innocentiam,
1148 3783 1289 3846 maxime
1314 3780 1494 3846 refellendo

314 3907 456 3972 obiectas
471 3904 687 3990 probationes.

405 4033 579 4096 Processus
591 4049 670 4094 vero
682 4029 813 4094 ineratus
822 4034 987 4095 semotam
1003 4029 1241 4110 inquisitionem
1255 4029 1384 4094 ordinat
1396 4046 1492 4093 acca

312 4157 445 4226 sationi.
462 4175 545 4239 quae
564 4153 600 4220 lit
623 4154 739 4220 nedum
763 4155 797 4217 in
819 4153 974 4220 miminis
989 4154 1228 4244 contestatione
1248 4151 1304 4218 sed
1321 4159 1491 4242 praeterea

315 4285 346 4344 in
363 4280 541 4365 pandendis
556 4287 708 4345 accusato
731 4280 865 4364 singulis
888 4277 1129 4363 probationibus
1154 4278 1298 4342 collectis
1313 4279 1345 4342 in
1363 4281 1491 4342 secreta

201 4420 203 4423 ·
314 4405 528 4487 inquisitione.
543 4405 630 4469 Reus
641 4406 686 4468 ita
696 4410 868 4469 accusatus
880 4404 1006 4488 plenam
1020 4402 1117 4467 babet
1129 4402 1317 4468 facultatem
1331 4421 1365 4466 se
1382 4399 1492 4465 delen·
