3350 5100
361 311 427 379 676
826 333 932 381 innox
957 333 1075 382 aenon

360 472 394 510 ex
417 455 760 519 irrlormataconscieutia,
778 454 919 510 453.-1ι
976 455 1154 524 probationes
1181 458 1225 508 ast
1252 452 1383 520 moralis,
1408 456 1472 507 ib.-
1491 455 1525 509 lix

358 526 503 579 ordinibus
518 528 656 595 exemptis
673 527 887 597 competentia
880 544 920 581 ιιι-
975 526 1062 597 gradu
1083 526 1259 580 certitudinis
1277 542 1361 597 quam
1383 527 1455 595 parit
1474 542 1528 594 pro·
1617 508 1618 567 1

360 596 506 651 dieialia'
499 616 527 651 ιι
566 597 722 667 Regulares
756 599 922 653 attribuitur
978 598 1054 651 batio
1068 603 1112 651 est
1130 596 1213 666 plena
1229 596 1274 652 vel
1293 596 1459 679 semiplena,
1474 614 1526 666 pag
1617 648 1618 675 ι

361 669 500 730 Praelato,
519 684 581 738 pag.
600 668 662 724 518.
681 668 746 724 ·.01
759 671 841 740 Repu
843 670 923 735 luris,
976 670 1061 722 776·
1076 668 1182 737 Duplex
1200 670 1350 737 systema
1343 686 1373 723 ιι
1392 668 1529 722 aestimari

362 742 529 810 Relipr'esaa,
547 740 700 795 Pessum
718 752 768 796 etc.

976 811 1039 865 nico
1058 826 1113 865 non
1132 813 1296 865 aestimatur
1316 812 1448 879 probatio
1461 812 1529 879 plena

415 884 679 952 &coemptio-
644 882 864 967 -Conceptns
896 888 924 937 et
976 881 1192 951 autsemiplena
1209 899 1244 936 ex
1263 882 1290 935 vi
1311 882 1486 965 probationis
1501 882 1529 937 le

361 956 571 1008 tundamentum
591 955 818 1022 praescriptionis
842 956 869 1008 in
895 972 924 1009 ιιι
976 953 1049 1021 galis
1067 954 1114 1007 sed
1133 954 1168 1006 ab
1188 954 1287 1007 intima
1306 970 1489 1021 persuasione
1500 970 1531 1007 ru

362 1026 482 1095 poenali,
504 1042 566 1096 pag.
586 1026 682 1079 757.-
703 1029 745 1079 An
766 1026 923 1080 huiusmodi
976 1025 1053 1091 dicis,
1067 1040 1129 1095 pag.
1142 1024 1228 1077 277.-
1243 1025 1377 1078 Probatio
1388 1024 1530 1093 semipleni

362 1097 545 1181 praescriptio
563 1096 756 1151 admittatur‘
749 1113 810 1151 rure
834 1097 923 1151 eccle·
976 1095 1463 1150 sufficitaccusstioniinstituendae
1464 1112 1530 1178 ,pag

361 1170 487 1230 sintice,
509 1184 570 1237 pag.
589 1168 643 1221 753
665 1184 741 1238 sq.-
725 1168 924 1236 -llxplicatur
977 1168 1070 1220 278.-
1087 1168 1190 1221 Fontes
1218 1166 1449 1237 probatiouum
1442 1186 1470 1220 ιι
1491 1168 1531 1219 eri·

362 1243 405 1293 ius
416 1240 564 1309 positivum
574 1244 604 1293 et
613 1239 696 1293 datur
704 1239 847 1295 decretum
859 1240 885 1293 8.
894 1239 923 1294 C

362 1313 417 1366 EE.
436 1318 466 1367 et
486 1310 543 1364 tttt.
566 1310 600 1365 de
628 1311 847 1379 praescriptione
871 1312 926 1365 cri·
976 1310 1050 1363 dicia
1074 1326 1124 1364 seu
1154 1312 1414 1377 praesumptiones;
1433 1310 1461 1379 3)
1480 1326 1533 1363 eon
1617 1316 1618 1345 r

362 1384 478 1446 minum,
499 1398 560 1451 pag.
578 1382 631 1435 754
649 1398 688 1453 sq.
701 1410 715 1423 ·
727 1387 770 1435 ιιι
790 1383 924 1452 praescri·

362 1457 445 1509 batur
464 1468 553 1521 poena
569 1453 629 1507 inre
648 1454 850 1520 ecclesiastico,
862 1470 924 1523 pag.

362 1526 415 1579 258
438 1542 477 1595 sq.
497 1554 511 1566 ·
540 1524 579 1579 De
606 1524 652 1578 die
676 1542 693 1577 a
717 1541 773 1595 quo
800 1525 925 1579 decurrit

362 1596 557 1667 praescriptio,
583 1611 645 1665 pag.
668 1596 730 1649 760.
750 1626 764 1638 -
782 1596 925 1656 Quomodo

362 1670 583 1735 interrumpatur
600 1674 629 1720 et
648 1668 841 1736 suspendatur,
862 1684 923 1737 pag.

416 1881 644 1935 Praeraarae-
658 1886 708 1933 aut
721 1880 856 1935 nominati
877 1882 924 1951 qni

362 1958 507 2007 ιιιιιιιιιιι
529 1950 656 2033 regimen
682 1952 823 2007 Ecclesiae
847 1961 926 2006 ente-

253 2050 259 2060 .
362 2042 445 2094 quam
460 2024 571 2078 litteras
583 2022 769 2077 institutionis
784 2022 840 2077 aS
855 2024 941 2079 Sede

362 2096 535 2165 reciperent,
558 2094 642 2147 variis
668 2096 764 2163 poeuis
787 2093 927 2150 mulctan-

363 2174 417 2231 tur,
437 2184 498 2236 pag.
522 2165 572 2219 133
590 2182 630 2236 sq.

418 2310 623 2377 Praesumptio.
638 2335 670 2347 -
685 2307 795 2389 Viget
789 2326 816 2361 ru
832 2308 927 2361 crimi-

364 2379 473 2434 nalibus
491 2379 709 2461 praesumptio'
702 2380 771 2431 ruris
794 2380 843 2432 sed
871 2395 926 2433 nou

362 2468 451 2521 aeque
469 2467 502 2503 ac
527 2452 554 2502 in
580 2448 725 2515 civilibus,
745 2466 806 2519 pag.
827 2452 925 2506 784.-

362 2522 401 2577 Gi.
424 2522 572 2578 Indicium.
589 2522 782 2591 Praesumptio
800 2522 926 2576 criminis

363 2594 508 2649 habetur
501 2611 531 2648 ιι
549 2598 722 2656 contumace,
744 2609 804 2662 pag.
824 2594 886 2647 476.

417 2737 592 2790 flaccentis.
612 2763 646 2775 -
671 2735 721 2788 Est
745 2735 823 2790 locus
849 2753 926 2804 prae-

362 2808 487 2862 ventioui
506 2808 535 2859 in
549 2806 742 2860 criminalibus
760 2808 870 2877 quando
884 2813 927 2862 eat

363 2881 478 2933 dubiam
506 2879 620 2947 quinam
647 2878 685 2930 sit
708 2877 790 2932 iudex
816 2895 925 2947 compe·

364 2961 434 3016 tens,
454 2965 516 3018 pag.
536 2949 597 3003 735.
609 2977 622 2989 -
632 2949 674 3002 Ad
686 2949 925 3004 determinandam

364 3023 591 3091 praeventionem
610 3021 709 3090 nequit
721 3026 871 3076 contumax
885 3023 925 3075 in·

365 3109 464 3148 vocare
483 3093 541 3145 litia
560 3093 747 3160 pendentiam,
767 3110 828 3162 pag.
844 3095 904 3146 477.

419 3272 553 3327 Pretium.
575 3299 609 3310 -
634 3269 733 3324 Utrum
754 3270 925 3325 restitutioni

364 3341 715 3396 sitobnoxinmetcuinaru
723 3341 925 3396 restituendum

365 3415 402 3468 sit
423 3415 542 3482 pretium
562 3413 754 3477 simoniacum,
769 3429 831 3482 pag.
846 3411 889 3468 49.

418 3589 844 3660 Prioilepiati-dsliuquentss
864 3606 927 3658 poe·

367 3665 419 3788 ilii}
427 3663 584 3716 arbitrariia
609 3662 738 3730 puniendi
764 3667 844 3727 sunt,
865 3677 926 3730 pag

419 3877 606 3944 Prinileoisam
632 3878 752 3946 fori.-
717 3873 817 3929 -De
844 3874 928 3942 privi-

365 3948 440 4016 legio
459 3947 532 3999 fori'
525 3964 555 4000 ιι
574 3963 604 4001 re
619 3945 769 4009 criminali,
782 3962 863 4028 pag.
866 3947 927 4010 776,

365 4021 395 4072 ιι
426 4035 482 4088 qua
513 4018 590 4086 viget
625 4034 712 4088 aeque
748 4017 927 4100 principium.

365 4095 444 4143 actor
462 4091 588 4160 sequitur
606 4090 697 4143 iorum
716 4089 767 4153 rei,
787 4105 849 4157 pag.
866 4087 927 4142 731.

421 4233 614 4286 Praemia-
633 4231 684 4285 Est
708 4232 747 4285 rei
775 4229 877 4284 dubiae
899 4235 928 4284 et

365 4311 563 4357 controversae
599 4317 649 4371 per
685 4301 813 4384 legitima
844 4317 928 4370 argn-

366 4381 460 4428 menta
478 4375 562 4429 indici
580 4375 656 4428 lacta
673 4374 807 4438 ostensio,
821 4389 846 4441 p.
866 4373 927 4426 775.

365 4445 531 4500 ·Certitudo
549 4461 632 4517 quam
653 4461 750 4515 parere
768 4450 851 4499 natas
863 4450 928 4499 sunt

977 1382 1060 1436 lessio
1079 1382 1133 1444 ιιι·
1152 1384 1180 1448 ι
1199 1382 1401 1436 attestationes
1421 1383 1532 1443 testium,

978 1468 1040 1522 pag.
1051 1452 1112 1516 781,
1123 1478 1133 1491 ·
1146 1468 1217 1521 qnae
1230 1453 1324 1506 omnia
1337 1452 1378 1507 Cf.
1394 1454 1454 1507 suis
1468 1453 1532 1505 loeis
1617 1462 1618 1503 1

978 1554 993 1564 -
1014 1524 1199 1577 Probationes
1216 1523 1376 1578 afferendae
1396 1530 1465 1578 sunt
1481 1524 1533 1575 dun
1617 1580 1618 1585 .

978 1600 1056 1665 patet
1075 1594 1204 1663 periodus
1225 1594 1412 1649 instructoris
1439 1612 1536 1663 proces
1617 1654 1618 1657 ,

978 1685 1033 1727 sus,
1054 1683 1114 1735 pag.
1129 1666 1213 1719 787.-
1230 1668 1273 1719 Αι
1292 1682 1385 1720 novae
1406 1668 1536 1736 probatio·

979 1754 1027 1793 nes
1046 1738 1103 1791 sint
1121 1736 1310 1791 admittendae
1331 1738 1357 1790 in
1381 1738 1487 1791 iudicio
1499 1756 1535 1806 ap
1617 1744 1618 1775 ἓ

979 1810 1150 1879 pelletionis,
1171 1824 1232 1877 pag.
1251 1810 1313 1862 «120,
1327 1838 1339 1848 .
1361 1808 1536 1863 probationes
1617 1812 1618 1815 ¹

979 1881 1103 1936 efficaces
1130 1880 1157 1932 iu
1184 1881 1244 1933 loro
1268 1885 1388 1934 externo
1415 1887 1536 1949 expostu-

979 1952 1073 2005 lentur
1097 1950 1130 2005 sd
1153 1951 1287 2005 edendam
1314 1953 1489 2005 sententiam
1510 1969 1536 2005 ex

979 2024 1128 2077 informata
1155 2022 1343 2086 couscientia,
1365 2038 1432 2092 pag
1457 2023 1539 2077 442-

980 2094 1019 2148 Da
1038 2092 1202 2163 probatiore
1220 2094 1346 2147 criminis
1364 2092 1539 2148 sollicitatio

980 2166 1029 2219 nis.
1049 2164 1090 2218 cf
1112 2164 1289 2219 Sollicitare.

1032 2306 1255 2360 Recessere-
1281 2306 1320 2360 De
1339 2323 1474 2375 processu
1500 2324 1540 2361 ec·
1617 2362 1618 2369 ,

979 2378 1133 2443 memorio,
1158 2378 1537 2448 1ιιιιιιι1ι1ιιιι,ιιιιίιιο,ιιιι
1617 2386 1618 2397 ¹

983 2452 1144 2521 trosq-

1032 2551 1067 2564 -
1084 2524 1292 2575 accusatorius.
1315 2520 1425 2590 Utpote
1443 2519 1539 2589 simpli·
1617 2585 1618 2588 ι

979 2595 1038 2647 cior
1057 2593 1162 2662 primns
1183 2591 1255 2660 apud
1279 2591 1399 2661 populos
1418 2593 1538 2646 obtinere

979 2665 1063 2729 solet,
1085 2663 1132 2718 ssd
1156 2664 1289 2732 supponit
1312 2665 1391 2717 cives
1416 2663 1542 2717 honestos

979 2742 1008 2790 et
1017 2735 1154 2789 sollicitos
1165 2735 1267 2788 iurium
1278 2735 1476 2804 Reipublicae,
1486 2749 1540 2803 pag.

981 2807 1039 2860 lte.
1049 2835 1062 2848 ·
1071 2805 1211 2867 Quomodo
1222 2805 1274 2860 hoc
1284 2811 1414 2876 systema
1425 2807 1540 2876 riguerit

980 2878 1052 2946 apud
1063 2877 1202 2932 ιιιιιιιιιιοι
1213 2879 1248 2932 ib.
1258 2893 1307 2947 sp,
1316 2884 1369 2931 -et
1381 2881 1466 2931 iuxta
1476 2877 1542 2930 ordi-

979 2951 1121 3003 nationem
1153 2948 1221 3002 iuris
1252 2949 1377 3014 romani,
1408 2947 1542 3019 quomodo

979 3021 1133 3074 obtinuerit
1152 3021 1212 3073 iure
1230 3020 1316 3074 etiam
1334 3019 1542 3080 eeclesiastico,

980 3107 1040 3161 pag.
1066 3090 1116 3144 150
1135 3109 1174 3162 sq.
1191 3119 1206 3132 ·
1223 3091 1389 3158 Explicatur
1408 3089 1541 3161 quomodo

980 3179 1124 3232 processus
1148 3163 1340 3216 accusatorius
1364 3163 1542 3233 inquisitione

979 3235 1145 3288 adhibeatur
1158 3233 1242 3287 etiarn
1261 3235 1291 3287 in
1309 3235 1403 3288 causis
1416 3234 1544 3302 spiritus-

975 740 1018 793 dis
1044 740 1264 809 probationibus,
1283 742 1350 793 ib.-
1371 739 1435 793 lure
1459 756 1527 793 cauo
1617 742 1618 799 ζ

977 1238 1128 1292 minalibus
1139 1244 1213 1292 sune
1230 1236 1454 1307 l)documenta;
1464 1238 1507 1297 71
1501 1256 1532 1291 ιιι
1617 1282 1618 1285 ,

981 3305 1062 3368 libus,
1087 3309 1124 3370 et,
1143 3320 1206 3357 cnm
1227 3305 1331 3371 primis,
1349 3305 1380 3359 ιι
1402 3305 1543 3358 matrimo·
1617 3331 1618 3342 r

980 3375 1112 3442 uialibue,
1122 3393 1185 3445 pag.
1195 3375 1310 3430 243.-1n
1323 3391 1456 3445 processu
1467 3393 1543 3430 accu-

980 3453 1056 3502 sator
1058 3448 1085 3500 ιο
1095 3453 1181 3502 testes
1191 3448 1278 3516 recipi
1291 3464 1346 3501 uon
1361 3455 1480 3516 possum
1492 3447 1540 3502 nisi
1617 3481 1618 3530 ι

980 3520 1068 3574 citata
1082 3525 1159 3586 perte
1172 3524 1313 3583 accusata,
1326 3535 1391 3588 pag
1383 3519 1469 3572 306.

1032 3617 1068 3632 -·
1084 3589 1272 3673 laeaniticus.
1287 3589 1349 3644 lure
1369 3605 1489 3644 romano
1505 3591 1543 3641 in·

980 3660 1042 3714 duci
1068 3661 1161 3731 coepit
1183 3676 1327 3730 processus
1351 3661 1540 3732 inquisitione,
1617 3657 1618 3684 ³

980 3733 1027 3802 qui
1046 3732 1176 3786 evolutus
1194 3749 1243 3801 per
1262 3733 1305 3786 ius
1322 3734 1497 3797 canonicum,
1510 3747 1540 3785 er

980 3803 1202 3858 extraordinario
1222 3804 1381 3857 ordinarius
1405 3804 1523 3860 evasit
1516 3819 1541 3854 ιι
1617 3831 1618 3852 ι

982 3874 1105 3929 Ecclesia
1108 3877 1278 3944 ,operelnrn
1291 3874 1466 3931 llletBouif.
1477 3873 1540 3935 Vlil,
1617 3873 1618 3916 l

982 3961 1045 4015 pag.
1060 3945 1105 4000 151
1122 3963 1187 4016 sq.-
1173 3947 1227 4001 -ln
1240 3963 1369 4015 processu
1380 3945 1540 4030 inquisitiro
1617 3939 1618 3980 Τ

980 4017 1135 4087 supplenda
1148 4023 1191 4071 est
1205 4033 1291 4086 opera
1308 4018 1490 4080 accusatoria,
1502 4031 1540 4068 se·
1617 4031 1618 4078 j

981 4105 1030 4142 cus
1042 4104 1097 4143 non
1110 4087 1280 4143 haberentur
1294 4094 1351 4144 tres
1367 4103 1503 4158 personae
1515 4087 1537 4138 ιι
1617 4131 1618 4186 t

979 4159 1538 4287 ttt⁰¹1¹¹t¹¹.⁰.ttttss⁰.¹.¹ttt·..t²ett
1617 4257 1618 4260 κ

980 4302 1100 4357 tuendus
1110 4303 1188 4357 estin
1200 4302 1253 4357 hoc
1263 4317 1400 4372 processu,
1409 4319 1474 4385 pag.
1485 4299 1535 4379 ter}
1617 4315 1618 4362 ζ

978 4374 1173 4429 ·'dccusator
1166 4391 1195 4426 ιι
1209 4390 1340 4442 processu
1350 4389 1419 4442 pure
1430 4370 1536 4442 inquisi-

981 4447 1039 4500 tivo
1057 4449 1101 4500 est
1120 4445 1256 4510 virtualis,
1273 4461 1336 4515 pag.
1352 4446 1440 4499 741-
1452 4447 1495 4497 nu
1511 4443 1535 4494 el
1617 4451 1618 4502 1
