3350 5100
254 339 259 346 .
331 286 397 350 336
850 304 933 353 rans
957 303 993 349 11.

421 428 463 514 2).
483 430 511 493 Α
524 430 684 493 sententia
695 427 927 495 declaratama
943 446 1101 493 censurae
1112 427 1296 513 appellatur
1308 448 1382 495 cum
1394 424 1510 493 ellectu

331 554 539 636 capenam,
562 574 660 638 quum
684 559 733 618 est
758 553 977 619 declaratoria
1004 553 1054 617 vel
1073 534 1241 619 ¹criminis
1269 554 1321 619 vel
1345 572 1511 620 mammae

332 695 379 742 etc
408 677 501 759 iare,
530 698 586 744 seu
617 678 777 745 incarne
809 680 842 743 in
877 697 1049 743 censuram
1077 678 1176 744 latam
1208 698 1230 743 a
1264 679 1349 744 inre.
1379 678 1511 753 Quoties

332 806 492 869 sententia
516 811 565 869 est
588 804 804 870 declaratoria
825 804 919 886 facti,
936 804 1029 889 quod.
1046 806 1197 869 nimirum
1219 824 1321 889 aeque
1337 804 1510 870 obnoxium

333 934 382 995 est
404 930 648 993 controversiae
663 927 823 1035 pendente
839 928 1079 1012 appellationis
1093 928 1221 1010 iudicio,
1244 934 1322 993 tunc
1345 928 1427 994 haec
1442 948 1512 993 sen·

333 1056 433 1119 tentia
459 1055 533 1138 quia
556 1074 619 1118 non
644 1055 777 1138 respicit
799 1054 922 1119 directe
946 1072 1136 1125 cantaram,
1154 1054 1210 1119 sed
1225 1053 1349 1120 directe
1368 1052 1510 1135 factam,

332 1180 579 1263 appellationem
609 1178 748 1244 admittit
777 1199 850 1244 cum
878 1176 994 1245 ellectu
1026 1180 1232 1263 suspensivo.
1267 1180 1298 1244 Si
1330 1200 1410 1245 vero
1441 1197 1511 1244 sen-

333 1304 433 1367 tentia
455 1309 504 1367 est
530 1302 745 1370 declaratoria
769 1320 926 1367 censurae
950 1303 1036 1369 latae
1059 1303 1103 1370 ab
1127 1304 1263 1371 1101111111
1289 1324 1347 1369 seu
1374 1301 1414 1367 ab
1442 1305 1513 1389 ipso

333 1426 448 1500 iudice,
458 1429 511 1510 qui
523 1426 668 1491 declarat
679 1446 851 1492 censuram
863 1427 962 1492 luisse
974 1429 1159 1499 incurram.
1169 1430 1244 1511 quia
1256 1428 1338 1492 haec
1350 1429 1513 1492 sententia

335 1553 466 1635 respicit
481 1553 583 1636 ipsam
599 1571 781 1619 caesuram
797 1560 829 1617 et
845 1572 908 1618 nou
925 1552 1056 1634 factum
1072 1552 1156 1636 quod
1181 1552 1400 1637 praesumitur
1416 1558 1512 1615 extra

290 1686 293 1691 ·
333 1676 599 1746 controversiam,
623 1676 795 1760 appellatio
819 1684 868 1741 est
892 1674 1012 1759 absque
1043 1672 1160 1740 ellectu
1188 1668 1398 1759 mspencioo.
1428 1674 1510 1738 Item

332 1799 460 1865 dicatur
483 1800 523 1864 de
547 1802 694 1865 censuris
717 1820 739 1866 a
762 1802 840 1867 iare
860 1801 925 1884 fer.
950 1808 1032 1869 sent.
1056 1821 1140 1886 quae
1168 1801 1352 1866 executioni
1376 1799 1510 1863 deman-

333 1923 428 1988 datur
451 1942 512 2007 per
533 1924 733 1989 sententiam
749 1926 1076 1999 condemnatoriam,
1093 1944 1151 1989 seu
1169 1926 1201 1988 in
1217 1924 1415 1991 catenatione
1430 1920 1512 1987 fiunt

333 2066 498 2113 amarae
521 2047 565 2114 aa
589 2047 734 2131 nomam,
758 2050 804 2113 uu
827 2050 1061 2134 explicavimus
1083 2048 1511 2115 11111111110111111.

334 2172 408 2235 eelli
422 2208 438 2217 -
451 2172 568 2237 Form.
580 2174 643 2257 lep.
652 2178 764 2255 praet.
783 2172 877 2239 Tam.
894 2172 919 2240 3
935 2174 981 2237 tit.
999 2174 1025 2247 1,
1049 2172 1151 2256 form.
1170 2172 1195 2239 3
1216 2194 1251 2238 a.
1268 2174 1311 2240 15
1334 2179 1367 2238 et
1391 2172 1509 2256 Pigna-

333 2297 401 2360 telli
430 2293 578 2362 Coaenlt.
602 2295 686 2363 Noa.
719 2298 862 2380 Tomy
888 2299 1034 2365 Censuit.
1058 2298 1135 2379 139,
1159 2319 1194 2373 n,
1220 2299 1268 2366 90
1291 2304 1321 2365 et
1343 2318 1378 2362 n.
1403 2295 1486 2363 258.

422 2422 456 2504 3)
481 2422 657 2487 Concilium
682 2423 768 2487 Trid.
793 2443 872 2489 sese.
896 2425 945 2488 24
968 2444 1042 2507 cap.
1068 2426 1110 2490 10
1137 2426 1183 2491 De
1206 2424 1269 2505 rof.
1295 2425 1406 2489 statuit
1431 2458 1448 2470 -
1473 2422 1511 2485 ia

333 2546 490 2614 omnibus
512 2547 564 2628 ns,
589 2567 678 2633 quae
696 2525 751 2619 tat
780 2550 1006 2615 visitationem
1038 2557 1070 2615 et
1099 2570 1236 2616 moram
1266 2547 1510 2616 correctionem

331 2678 492 2754 spectant.
508 2709 525 2719 -
544 2670 739 2758 Episcopum
763 2673 941 2758 procedere
964 2676 1039 2758 quin
1065 2677 1214 2740 executio
1232 2673 1439 2738 decretorum
1457 2692 1510 2738 aa·

330 2796 521 2877 apendatnr
536 2815 596 2879 per
618 2796 883 2882 appellationem:
898 2797 939 2863 cl.
966 2797 1053 2863 Sese.
1070 2797 1114 2863 13
1137 2818 1163 2863 a.
1180 2797 1199 2862 1
1215 2796 1268 2863 De
1282 2795 1355 2879 ref3
1372 2815 1451 2862 sess.
1468 2779 1511 2861 1'4

334 2942 360 2986 c.
386 2923 409 2985 4
433 2922 482 2987 De
503 2923 577 3004 νοῇ·
600 2929 630 2988 ct
652 2919 731 2988 e'eas.
756 2923 808 2988 22
830 2943 857 2990 c.
882 2927 898 2988 1
924 2925 973 2990 De
994 2924 1058 3007 ref.
1085 2923 1146 2991 Sed
1169 2925 1199 2992 S.
1218 2925 1250 2990 C.
1270 2925 1302 2990 G.
1321 2924 1509 2993 declaravit.

334 3045 378 3108 uti
404 3043 507 3110 refert
530 3045 702 3129 Fagnanus
725 3048 757 3109 in
781 3067 856 3129 cap.
882 3046 960 3112 311.
986 3054 1006 3111 l.
1030 3067 1065 3111 n.
1089 3048 1142 3117 15,
1156 3057 1188 3113 et
1212 3048 1386 3112 solemnius
1409 3045 1511 3110 edixit

334 3168 366 3229 in
403 3168 548 3233 Decretis
583 3169 683 3234 Glem.
711 3171 791 3234 VIll
828 3191 855 3236 a.
895 3171 1003 3252 1600,
1039 3172 1080 3236 16
1119 3171 1192 3238 Oct.
1228 3192 1259 3235 n.
1292 3173 1323 3245 8,
1355 3177 1509 3236 statutum

334 3290 455 3356 Concil.
470 3292 612 3359 Trident.
622 3296 787 3378 respicere
799 3295 932 3360 decreta
947 3297 1238 3368 emlraa'adicialia
1249 3317 1312 3361 non
1321 3295 1510 3360 indicialia.

424 3416 577 3491 Quamvis
600 3419 799 3502 generaliter
814 3421 877 3484 hae
898 3441 1024 3491 causae,
1042 3441 1101 3506 pro
1118 3422 1231 3505 quibus
1247 3421 1385 3488 facultas
1404 3419 1509 3505 appel·

335 3540 419 3604 landi
444 3543 689 3624 recognoscitur
710 3549 835 3607 tantum
866 3544 969 3627 quoad
1002 3542 1150 3610 ellectum
1183 3545 1421 3624 devotatioum,
1447 3545 1510 3609 iam

334 3665 494 3730 indicatae
518 3667 640 3731 luerint
662 3669 695 3731 in
722 3666 829 3734 Const.
857 3670 1036 3735 Innocentii
1071 3670 1119 3732 lV
1143 3670 1219 3754 Cap.
1244 3667 1404 3736 Romana
1426 3705 1443 3718 ·
1462 3669 1512 3734 De

305 3872 307 3875 Ι
333 3791 455 3872 appell.
481 3798 514 3854 et
538 3794 639 3877 magis
663 3811 840 3877 expressae
863 3792 985 3860 fuerint
1002 3795 1035 3858 in
1051 3797 1156 3860 citatis
1173 3794 1308 3860 testibus
1325 3793 1422 3861 Gonc.
1442 3795 1511 3858 Tri·

335 3913 465 3990 demini,
490 3917 629 4000 itemque
660 3937 720 4001 per
742 3920 794 3982 cit.
818 3916 951 3982 decreta
980 3918 1078 3985 Clam.
1104 3921 1187 3985 Vlll
1213 3941 1242 3985 a.
1271 3920 1359 3985 1600
1386 3926 1419 3985 et
1451 3937 1512 4004 per

334 4037 466 4103 decreta
490 4039 610 4105 Urbani
637 4041 718 4106 VllI
743 4062 771 4105 a
801 4041 884 4107 1626
908 4051 941 4109 et
963 4043 1091 4110 demum
1114 4065 1173 4129 per
1199 4047 1358 4130 rescripta
1383 4043 1511 4109 editae

336 4163 367 4226 S.
393 4163 491 4248 Cong.
510 4164 631 4242 Concil.
648 4167 699 4230 die
720 4167 852 4263 ¹5„M³ii
871 4167 966 4244 1700,
984 4169 1192 4237 nihilominus
1217 4172 1411 4236 Benedictus
1427 4171 1510 4236 XIV

336 4289 369 4350 in
393 4287 498 4352 Const.
514 4289 570 4354 Ad
591 4291 769 4357 militantis
784 4328 799 4339 -
818 4295 894 4359 istas
910 4295 1053 4380 singulas
1069 4315 1192 4369 causas.
1205 4316 1295 4380 pene
1310 4315 1437 4377 amaea,
1453 4316 1511 4364 seu

336 4429 399 4472 non
423 4411 582 4492 lamellae,
596 4433 659 4478 uno
683 4415 819 4481 elencho
844 4420 1099 4504 comprehendit,
1117 4423 1207 4486 cuius
1230 4420 1338 4488 const.
1355 4439 1509 4486 summam
