3350 5100
413 281 457 327 oa
481 280 620 329 runicus
644 281 887 329 caruissemus
912 279 947 325 nv
971 274 1088 326 sonora
1273 265 1334 331 541

147 425 310 487 munere,
334 409 380 471 uti
406 408 441 471 P.
468 408 504 471 P.
530 405 754 473 cardinalibus
779 412 811 471 et
834 403 1037 472 Officialibus
1064 407 1172 469 omnia
1201 409 1340 473 manife-

146 533 234 594 stari
261 538 392 617 possunt
423 550 505 615 quae
536 533 702 615 pertinent
729 530 769 597 ad
794 530 824 596 S.
850 527 1022 605 Officium
1047 528 1103 593 sed
1129 529 1340 617 Quatificato·

144 654 250 721 ribrcs
274 662 307 723 et
323 654 542 722 Revisoribas
561 655 719 721 librorum
737 630 834 720 iussit
851 654 951 719 Glem.
968 654 1063 722 Xltl.
1081 655 1103 736 ᾖ
1119 654 1142 718 4
1158 674 1198 721 ea
1212 661 1336 721 tantum

145 780 252 866 pandi
276 800 369 865 posse
391 780 556 865 inquibus
579 782 638 865 ipsi
656 777 904 855 Qualificatores
923 780 977 844 vel
999 776 1176 845 Revisores
1198 781 1338 865 aliquam

146 912 282 991 partem
308 902 437 971 habent.

244 1029 420 1105 Quaeritur
450 1050 492 1096 an
524 1050 596 1096 cum
621 1032 807 1116 Episcopis‚
832 1049 906 1094 cum
933 1028 1238 1111 denunciatoribus,
1264 1051 1338 1095 oum
1469 1058 1473 1066 ¹

145 1154 223 1219 aliis
248 1156 379 1239 negotia
394 1152 657 1238 promoventibus
679 1158 735 1219 aut
754 1151 989 1219 instruentibus
1006 1152 1145 1235 colloqui
1168 1153 1218 1217 fas
1242 1154 1284 1218 sit
1298 1153 1339 1220 de

145 1280 292 1363 negotiis
315 1278 345 1343 S.
363 1276 482 1344 Officii.
508 1280 657 1344 Iamvero
674 1278 767 1342 docet
783 1276 879 1343 Gard.
901 1277 1046 1341 Gennari
1063 1274 1195 1359 (Monit.
1212 1278 1337 1343 Eccles.

156 1402 228 1469 Vol.
256 1404 296 1477 X,
317 1422 354 1485 p.
382 1404 407 1476 l,
429 1423 464 1485 p.
489 1402 561 1485 181)
585 1402 676 1467 cuius
701 1403 837 1487 vestigia
868 1402 1045 1486 pressimus
1068 1400 1101 1463 in
1129 1401 1221 1465 hisce
1248 1401 1338 1466 evol-

145 1528 266 1593 vendis
297 1527 536 1611 quaestionibus
560 1529 602 1593 de
632 1534 759 1594 secreto
792 1526 826 1592 S.
853 1502 981 1611 Officii,
1012 1546 1086 1590 cum
1114 1526 1283 1611 Episcopis
1306 1533 1338 1592 et

145 1674 224 1719 cum
247 1654 320 1719 aliis
343 1651 426 1720 haec
442 1654 572 1738 negotia
595 1653 859 1739 promoventibus
882 1671 947 1716 non
963 1651 1014 1717 fas
1030 1672 1101 1717 esse
1116 1653 1256 1737 colloqui
1276 1654 1337 1719 nisi

146 1779 187 1844 de
211 1780 253 1845 iis
269 1799 352 1863 quae
367 1779 487 1844 eisdem
513 1781 575 1844 iam
599 1783 674 1843 sunt
690 1782 820 1863 cognita
843 1777 923 1842 adeo
940 1782 975 1842 ut
991 1796 1212 1863 quaecumque
1236 1781 1335 1845 mani·

145 1904 280 1969 testatio
297 1906 344 1969 rei
361 1924 425 1969 non
441 1909 538 1969 antea
554 1904 704 1989 cognitae
720 1906 762 1969 sit
777 1904 896 1967 secreti
915 1902 1063 1968 violatio.
1081 1904 1209 1969 Etenim
1227 1904 1249 1967 ii
1263 1908 1337 1969 tan·

144 2028 314 2093 tummodo
330 2029 383 2111 qui
399 2034 475 2093 sunt
491 2028 713 2094 moderatores
732 2033 880 2095 actorum
896 2046 997 2111 penes
1021 2027 1052 2093 S.
1071 2025 1221 2094 Officium
1238 2028 1337 2093 facul-

145 2154 249 2217 tatem
281 2150 403 2215 habent
432 2150 593 2235 pandendi
623 2150 750 2235 aliquod
783 2151 948 2235 negotium
973 2154 1005 2213 et
1031 2150 1252 2215 tantummodo
1276 2172 1336 2236 pro

145 2294 247 2359 scopo
272 2279 304 2338 et
327 2275 519 2339 necessitate
543 2274 685 2341 eiusdem
710 2274 830 2357 negotii
854 2272 1057 2357 expediendi.

239 2396 384 2479 Denique
401 2396 440 2461 de
462 2398 637 2462 sanctione
660 2397 755 2461 buius
778 2398 908 2461 secreti.
932 2394 967 2477 3)
985 2396 1123 2463 Sanctio
1144 2402 1194 2461 est
1209 2399 1333 2483 gravis;

145 2520 267 2604 quippe
290 2520 344 2585 cit.
370 2519 509 2584 Decreta
532 2521 770 2586 comminantur
793 2522 826 2585 in
850 2519 1028 2584 violatores
1056 2522 1175 2586 secreti
1201 2540 1334 2589 cacom-

144 2643 415 2710 muaicatioaem
430 2645 487 2709 tat.
505 2649 587 2710 seat.
602 2649 812 2709 reservatam
830 2644 863 2708 S.
877 2641 1037 2727 Pontifici
1051 2643 1186 2710 sublato
1201 2645 1333 2728 cuique,

141 2773 392 2854 praeterquam
414 2769 452 2833 ia
475 2769 596 2834 mortis
618 2770 773 2850 artic-ato,
790 2790 832 2836 ac
845 2769 913 2852 ipsi
929 2770 1033 2834 etiam
1056 2769 1235 2836 Cardiaali
1249 2769 1334 2838 Poe·

145 2891 343 2960 silentiario
363 2893 493 2960 illatori
515 2913 732 2978 quacumque
746 2913 853 2976 saper
867 2894 932 2960 boc
947 2893 1144 2960 absolvendi
1158 2895 1333 2974 facultate.

214 3017 339 3082 Verum
363 3019 390 3082 si
413 3020 493 3100 quis,
519 3018 603 3082 malo
628 3019 704 3089 lato,
721 3016 807 3083 hanc
830 3038 1004 3084 censuram
1027 3021 1207 3083 incurrerit
1229 3025 1334 3104 potest

145 3159 323 3208 recurrere
347 3142 388 3207 ad
405 3143 435 3208 S.
449 3141 752 3216 Poenitentiariam;
776 3148 856 3209 tunc
878 3145 963 3210 enim
989 3145 1094 3208 Maior
1113 3141 1333 3209 Poenitentia-

144 3268 214 3332 rius
239 3267 305 3332 adit
321 3269 352 3332 S.
376 3265 565 3333 Pontificem
583 3288 641 3354 pro
666 3272 860 3334 necessariis
875 3269 1094 3335 facultatibus.
1115 3269 1176 3354 (Cf.
1194 3270 1270 3335 Vol.
1288 3270 1332 3342 ΙΙ,

145 3409 174 3454 n.
192 3392 282 3476 273).
308 3393 379 3457 Hac
395 3395 563 3459 sanctione
586 3399 740 3462 tenentur
754 3395 777 3460 ii
793 3415 906 3459 omnes
922 3415 1001 3478 quos
1018 3394 1157 3459 diximus
1174 3394 1331 3478 obstringi

143 3512 217 3598 lege
246 3517 374 3586 secreti,
399 3517 544 3600 exceptis
568 3535 625 3580 reo
649 3523 681 3582 et
705 3517 853 3591 testibus,
878 3519 923 3581 uti
947 3537 1063 3602 supra,
1088 3518 1330 3600 explicavimus.

149 3635 261 3722 Neque
283 3638 365 3702 haec
389 3657 529 3703 censura
559 3638 684 3704 sublata
716 3637 808 3704 est'a
832 3639 939 3705 Consi.
965 3641 1082 3723 Apost.
1113 3637 1227 3714 settin
1258 3641 1333 3724 quia

146 3761 228 3830 haec
254 3765 361 3830 Const.
379 3765 524 3830 servavit
547 3785 703 3830 censuras
725 3766 807 3830 latas
824 3786 884 3851 pro
900 3766 1034 3831 laterae
1050 3765 1218 3850 regimine
1239 3764 1333 3830 Ordi-

150 3907 235 3970 num‚
261 3895 293 3954 et
316 3909 593 3974 quorumcumque
620 3888 859 3976 Cottepiorana
887 3890 1208 3976 Conprepatioaam.

235 4013 313 4079 532.
328 4015 406 4080 Eius
418 4016 634 4100 competentia
647 4021 696 4083 est
708 4015 843 4100 duplicis
856 4017 995 4100 generis,
1009 4014 1079 4079 scil.
1092 4014 1215 4078 ordinis
1226 4013 1333 4078 admi-

148 4137 318 4204 nistratioi
330 4145 362 4204 et
378 4138 556 4205 iudicialis.
574 4140 668 4204 Hanc
685 4141 828 4224 explicat
843 4158 906 4223 qua
923 4147 971 4203 est
986 4138 1167 4223 Collegium
1184 4137 1333 4203 iudiciale
1414 4135 1419 4144 ’

149 4259 179 4344 l)
197 4231 342 4326 iudicans
361 4282 475 4327 causas
499 4263 700 4348 implicantes
723 4263 897 4335 haeresim,
922 4262 1073 4343 schisma,
1098 4263 1290 4347 apostasiam
1313 4283 1334 4326 a

54 4399 56 4402 ·
149 4381 220 4468 ilde,
241 4389 390 4473 magiam,
415 4389 591 4474 sortilegia,
616 4387 828 4454 divinationes
852 4393 884 4452 et
908 4388 1192 4453 Sacramentorum
1215 4388 1333 4453 abusus
