3350 5100
832 684 1012 750 TITULUS
1043 684 1101 748 IX.

444 898 488 945 DE
512 898 676 947 Processu
702 899 738 945 IN
763 898 875 947 OAUSIS
899 898 966 945 VEL
991 897 1233 946 calummaris
1261 898 1490 946 REGULARIUH

547 1024 614 1072 vul,
637 1026 681 1071 DE
704 1024 896 1075 notumne
920 1026 1155 1074 Puorssssmrus
1178 1026 1386 1074 rumorosus.

380 1232 646 1293 scunarium-
663 1236 724 1291 500.
744 1234 939 1305 Competentia
957 1236 1101 1291 iudicialis
1119 1235 1148 1288 in
1165 1236 1317 1306 regulares
1335 1236 1515 1303 attribuitur,
1538 1238 1564 1290 in

467 1340 616 1395 Ordinibus
629 1346 774 1413 comptis,
788 1340 935 1396 Praelatio.
949 1367 982 1383 ·-
994 1340 1057 1395 501.
1069 1339 1188 1403 Quinam
1207 1341 1266 1395 sint
1283 1340 1449 1411 Superiores
1467 1342 1566 1411 Regn-

467 1448 577 1515 lmiuus,
590 1448 637 1519 qui
654 1446 726 1503 hanc
744 1449 875 1504 obtinent
891 1448 1118 1517 competentiam.
1138 1476 1172 1488 -
1189 1447 1253 1501 502
1271 1447 1389 1509 Quinam
1405 1455 1565 1504 exerceant

467 1553 539 1608 hanc
557 1558 725 1624 potestatem
744 1554 774 1609 in
793 1553 940 1609 Moniales.
953 1581 988 1620 -,
1000 1552 1062 1607 503.
1081 1554 1184 1609 Forma
1203 1554 1368 1624 procedendi
1386 1559 1431 1610 est
1449 1571 1566 1625 semper

465 1656 629 1716 summaria,
641 1689 677 1703 -
689 1660 750 1715 504.
764 1659 880 1731 Aliquid
892 1660 1014 1729 speciale
1027 1666 1140 1715 cautum
1152 1664 1197 1715 est
1208 1676 1258 1730 pro
1270 1662 1363 1714 causis
1377 1665 1438 1713 tum
1450 1664 1566 1717 eiectio

466 1768 508 1821 nis
528 1766 720 1838 Regularium,
733 1771 792 1822 tum
809 1768 951 1823 multitaria
970 1768 1150 1838 professionis
1169 1767 1327 1837 religiosae.
1339 1795 1374 1809 -
1389 1768 1453 1822 505.
1473 1766 1563 1823 Ratio

467 1854 632 1944 procedendi
650 1878 694 1929 est
709 1890 783 1945 prere
802 1876 970 1947 inquisitiva.
990 1899 1024 1916 -
1044 1874 1106 1929 506.
1123 1876 1161 1929 At
1179 1874 1313 1943 competit
1331 1874 1375 1928 ius
1394 1874 1563 1944 appellandi

466 1982 550 2035 etiem
570 1981 600 2034 in
617 1984 788 2051 suspensivo,
803 1980 913 2052 qnando
932 1997 988 2036 non
1006 1982 1102 2051 agitur
1118 1982 1153 2035 de
1172 1982 1344 2037 corrediens
1361 1998 1485 2036 mmm.

467 2214 543 2280 500.
568 2214 748 2300 Regulares
770 2216 840 2279 sive
862 2214 925 2278 viri
949 2215 1018 2277 sive
1040 2215 1206 2285 moniales.
1223 2216 1340 2299 quippe
1363 2213 1478 2280 fideles
1501 2215 1560 2281 bo·

371 2337 503 2421 pucati,
516 2344 591 2403 sunt
606 2336 740 2403 subiecti
757 2337 969 2403 iurisdictioni
984 2339 1161 2403 universali
1177 2342 1209 2403 et
1223 2339 1397 2423 primatiali
1415 2340 1563 2404 Romani

379 2460 554 2535 Pontificis
571 2482 712 2528 necnon
732 2463 921 2550 particulari
944 2461 1155 2527 iurisdictioni
1178 2463 1265 2528 illius
1285 2464 1447 2550 Episcopi,
1463 2466 1562 2529 ouius

376 2587 493 2654 subditi
516 2585 595 2653 flunt
618 2589 658 2651 ad
681 2608 812 2654 normas
835 2589 921 2652 iuris
939 2589 1127 2653 communis.
1153 2587 1261 2654 Status
1280 2590 1366 2654 enim
1383 2589 1562 2675 religiosus

376 2713 513 2787 nullam,
534 2732 600 2796 per
622 2731 665 2786 se,
691 2733 749 2778 seu
772 2718 896 2778 attenta
919 2719 1038 2778 natura
1060 2713 1202 2780 instituti
1223 2714 1385 2800 religiosi,
1410 2717 1564 2781 continet

376 2840 532 2904 rationem
554 2839 768 2922 exemptionis
783 2837 825 2903 ab
843 2837 1008 2903 ordinaria
1022 2839 1256 2924 Episcoporum
1279 2809 1458 2923 potestate..
1470 2841 1561 2906 Nam

375 2965 401 3029 si
426 2966 478 3048 qui
502 2969 577 3029 vota
599 2963 809 3049 perfectionis
840 2964 1049 3050 evangelicae
1079 2969 1302 3047 nuncupantes
1327 2965 1427 3030 vitam
1453 2976 1562 3050 agant

376 3109 575 3155 communem
592 3095 624 3154 et
643 3090 721 3155 hinc
743 3091 930 3168 societatem
953 3090 1066 3154 ineant
1089 3088 1282 3174 religiosam,
1300 3091 1440 3156 Praeses
1459 3091 1564 3158 huius

376 3214 536 3279 societatis
559 3213 727 3280 iuridioae
748 3213 805 3278 sed
828 3212 1042 3280 uoluntariae
1064 3211 1185 3276 nnllam
1205 3214 1340 3277 sortitur
1362 3217 1561 3299 potestatem

376 3339 409 3400 in
428 3356 503 3400 suos
518 3337 579 3400 nisi
599 3341 766 3421 paternam
784 3343 816 3401 et
831 3335 1009 3406 amicalem,
1034 3336 1124 3400 iuxta
1146 3336 1265 3402 limites
1281 3339 1561 3404 constitutionum.

366 3496 395 3558 ἵ·
421 3460 481 3527 Ast
505 3461 641 3526 Romani
666 3459 840 3526 Pontifices
864 3461 1005 3528 Ordines
1031 3461 1200 3546 religiosos
1226 3459 1349 3525 donare
1376 3472 1561 3547 coeperunt
1617 3550 1624 3566 ι

377 3585 591 3668 coemptione
615 3603 635 3649 a
662 3589 819 3669 potestate
844 3582 1092 3650 Ordinariorum
1121 3589 1154 3648 et
1183 3590 1261 3650 tunc
1288 3583 1409 3650 facturn
1440 3593 1489 3652 est
1520 3595 1561 3652 ut

376 3715 517 3796 potestas
536 3681 685 3778 coartioo
700 3709 872 3776 iudicialis
890 3709 1128 3774 transferretur
1143 3711 1177 3774 in
1194 3709 1364 3777 Praelatos
1384 3711 1561 3798 regulares

377 3853 418 3899 ne
440 3834 586 3900 hominos
610 3833 778 3919 regulares
802 3831 919 3897 fierent
938 3832 1072 3918 exleges
1091 3838 1124 3898 et
1147 3833 1331 3917 poenalium·
1352 3837 1561 3902 sanctionum

377 3963 537 4045 expertes.
561 3959 641 4024 Inde
657 3959 843 4024 necessaria
858 3955 931 4023 fluit
953 3957 1036 4024 haec
1051 3957 1228 4022 conclusio:
1249 3958 1437 4026 ‹Proeloti
1452 3957 1561 4026 Ordi-

374 4103 459 4150 num
472 4089 709 4166 euemptorum
725 4084 945 4148 rorssnn'rsu
958 4099 1197 4148 mnnaorrvsu
1210 4101 1254 4147 nr
1266 4100 1463 4149 murounuu
1475 4083 1562 4150 Esu-

376 4227 549 4274 soorenuu
562 4206 683 4274 tabem
695 4227 725 4271 r.
738 4205 787 4274 Cf.
802 4205 932 4278 Suarez‚
947 4205 995 4270 De
1007 4203 1192 4291 Religionis,
1208 4205 1302 4271 Tom.
1314 4206 1376 4279 IV,
1395 4207 1500 4272 tract
1517 4207 1559 4290 8,

377 4333 431 4399 lib.
449 4332 484 4414 2,
501 4351 575 4414 cap.
593 4331 624 4398 9.
643 4331 705 4398 Sed
722 4309 804 4396 haec
827 4329 1004 4395 iurisdictio
1020 4335 1069 4393 est
1089 4329 1308 4394 tantummodo
1324 4333 1357 4394 in
1373 4333 1456 4416 ipsas
1467 4349 1560 4412 per-

377 4477 479 4524 sonas
493 4457 659 4542 regulares
672 4476 728 4521 sen
742 4463 791 4521 est
802 4455 1005 4539 personalia,
1019 4455 1172 4538 quocirca
1184 4457 1327 4547 Praelati
1340 4455 1429 4522 ferre
1440 4455 1561 4522 velent
1640 4450 1642 4495 t

1640 4506 1642 4543 l

1640 4564 1642 4603 l
