3350 5100
536 329 580 375 us
603 328 748 375 runicus
771 327 1014 375 cernissemus
1081 318 1083 325 ’
1299 306 1365 373 333

189 469 277 525 mnr;
301 449 456 534 siquidem
488 452 570 517 haec
599 452 664 515 late
695 452 929 536 explicavimus
960 453 994 515 in
1017 452 1081 515 sol.
1106 452 1132 523 I,
1158 470 1189 514 n.
1216 450 1291 521 617,
1317 468 1363 533 sq.

189 576 251 639 Hic
276 574 444 641 dumtaxat
463 576 627 641 innuimus
650 596 731 659 quae
755 577 907 662 specialia
930 582 1013 641 sunt.
1033 574 1225 659 -Equidem
1249 574 1366 659 regula

189 707 248 771 est.
273 720 337 764 uon
360 698 493 765 differre
517 702 589 767 iure
612 722 695 773 can..
720 702 831 787 prouti
850 720 913 765 uon
938 698 1108 766 differebat
1130 704 1201 765 iure
1217 718 1366 765 romano

186 845 267 894 rum.
291 827 470 891 institutum
492 826 717 911 appellationis
741 827 773 889 in
797 824 944 890 civilibus
968 831 1001 891 et
1017 828 1048 888 in
1065 800 1285 889 criminalibus
1304 822 1362 907 (1).

189 952 301 1032 ltaque
323 952 357 1013 in
380 950 647 1036 appellationibus
669 950 819 1015 servandi
844 958 918 1015 sunt
940 950 1059 1014 diversi
1085 948 1205 1036 gradus
1235 964 1366 1033 compe·

187 1078 317 1167 tentiae,
341 1095 410 1161 arg.
435 1096 467 1141 a.
492 1096 525 1141 a.
549 1075 600 1141 39
622 1084 653 1141 et
675 1076 725 1141 42
747 1076 801 1142 cit.
827 1078 980 1143 Instruct.
995 1112 1010 1123 -
1027 1075 1075 1141 Cf.
1089 1075 1163 1141 Vol.
1182 1076 1206 1155 l,
1231 1094 1262 1138 n.
1288 1073 1363 1138 622.

189 1200 360 1283 Excipitur
387 1198 535 1264 iudicium
566 1200 713 1265 haeresis
743 1178 775 1265 et
800 1200 1051 1274 sollicitationis;
1079 1197 1233 1282 siquidem
1260 1200 1291 1263 in
1316 1198 1367 1263 his

188 1324 303 1394 causis.
330 1327 360 1387 vi
387 1326 536 1407 rescripti
562 1324 595 1389 S.
631 1323 692 1408 Off.
720 1322 745 1389 3
766 1329 828 1391 oct.
861 1324 948 1389 1612
970 1322 1065 1408 (apud
1090 1324 1265 1390 Pitoninm
1284 1360 1295 1371 ·
1316 1322 1365 1387 Ad

188 1450 299 1531 Episc,
322 1468 357 1513 n.
382 1447 461 1528 631)
484 1448 525 1511 ab
547 1450 708 1511 sententia
731 1447 897 1514 Ordinarii
914 1446 1096 1513 immediate
1119 1448 1302 1531 appellatur
1326 1446 1366 1511 ad
1463 1532 1469 1548 ι

188 1573 219 1637 S.
245 1571 360 1637 Sedem
383 1592 441 1637 seu
463 1571 505 1636 ad
527 1572 559 1637 S.
585 1572 622 1637 U.
647 1572 900 1655 Inquisitionem.

276 1695 353 1761 262.
372 1696 421 1760 Ad
434 1716 513 1773 rem,
527 1698 722 1762 mentionem
740 1703 885 1761 meretur
900 1704 1025 1781 tempus
1036 1694 1144 1777 fatale
1156 1697 1366 1761 constitutum

189 1821 229 1885 ad
252 1821 488 1907 appellandum,
514 1840 570 1886 seu
593 1821 805 1887 decendium.
830 1792 901 1887 Hoc
918 1841 960 1889 ex
980 1822 1051 1885 iure
1067 1822 1237 1891 communi,
1262 1820 1366 1904 quoad

190 1966 305 2012 causas
328 1966 454 2031 quoque
476 1948 672 2029 criminales,
689 1949 802 2032 incipit
819 1936 998 2013 decurrere
1021 1946 1116 2026 adia
1133 1948 1222 2013 latae
1241 1954 1368 2013 senten·

192 2074 266 2143 tiae,
283 2073 309 2135 si
327 2078 406 2138 tunc
428 2072 558 2157 cognita
580 2073 622 2137 sit
644 2091 665 2137 a
686 2072 895 2156 litigantibus,
920 2090 1013 2138 secus
1035 2072 1076 2137 ab
1092 2074 1162 2137 eius
1177 2072 1291 2139 habita
1306 2092 1367 2139 no-

148 2294 158 2311 ·
191 2197 273 2270 lilia,
286 2216 354 2281 arg.
381 2216 408 2261 c.
433 2216 461 2259 c.
489 2197 531 2261 15
553 2196 604 2261 De
625 2202 708 2262 sent.
732 2203 763 2263 et
785 2216 825 2261 re
848 2198 918 2263 ind.
943 2197 973 2261 X
997 2196 1176 2281 (11‚27);8
1201 2197 1231 2261 lt.
1247 2203 1267 2261 t.
1284 2197 1322 2261 in
1345 2196 1369 2261 6

260 2425 301 2492 (l)
321 2424 396 2479 Haec
414 2424 566 2494 applicatio
580 2425 661 2477 unius
673 2423 852 2494 eiusdemque
867 2424 988 2478 instituti
1002 2424 1200 2493 appellationis
1214 2428 1273 2477 tum
1287 2440 1369 2493 nego-

190 2532 237 2584 tiis
256 2531 386 2586 civilibns
398 2536 458 2585 tum
471 2532 499 2584 in
513 2529 706 2585 criminalibus
725 2547 779 2585 non
799 2538 842 2586 est
861 2531 1042 2604 undequaque
1062 2530 1230 2600 respondens
1250 2535 1369 2585 staturae

191 2638 367 2705 negotiorum
392 2641 421 2691 et
445 2652 529 2705 scopo
546 2637 795 2690 animadversionis
821 2636 954 2707 poenalis.
974 2637 1045 2690 Nam
1069 2642 1099 2690 ut
1122 2653 1210 2706 poena
1233 2637 1370 2691 resarciat

191 2743 321 2797 damnum
340 2743 435 2798 delicti
453 2743 544 2808 debet,
557 2759 612 2813 quo
626 2743 709 2796 citius
726 2744 787 2824 tisri
807 2747 907 2813 potest,
927 2743 1077 2812 applicari;
1096 2761 1176 2796 secus
1194 2759 1261 2796 vero
1281 2758 1369 2811 poena

192 2867 246 2906 non
265 2851 375 2905 obtinet
395 2868 474 2904 suum
499 2851 628 2905 ellectum
648 2852 788 2904 socialem.
810 2850 850 2904 Ut
874 2867 948 2916 ecce,
967 2851 1108 2904 sententia
1133 2850 1368 2916 condemnatoris,

192 2975 263 3029 qnae
282 2959 387 3027 patitur
402 2973 495 3010 moras
512 2959 622 3027 primae
634 2959 774 3011 secundae
786 2961 816 3012 et
828 2958 927 3011 tertiae
940 2958 1101 3023 instantiae,
1115 2957 1197 3009 nimis
1209 2973 1271 3010 sero
1284 2956 1371 3010 attin-

192 3068 235 3135 git
256 3082 333 3119 suam
355 3067 554 3120 executionem.
574 3092 588 3104 -
607 3064 673 3118 lude
692 3063 893 3118 criminalistae
915 3063 1042 3116 hodierni
1062 3061 1246 3116 communiter
1264 3068 1369 3129 negant

190 3173 426 3243 opportunitatem
445 3171 610 3224 admittendi
628 3171 761 3224 indicium
780 3170 987 3240 appellationis,
1001 3170 1073 3224 tunde
1096 3171 1205 3240 integre
1225 3176 1370 3240 repetatur

194 3295 344 3348 processus,
355 3279 402 3333 sad
414 3278 566 3332 admittunt
578 3284 628 3331 aut
641 3282 809 3332 recisionem
819 3294 869 3332 seu
882 3293 997 3332 examen
1012 3293 1155 3347 processus
1168 3278 1224 3330 iam
1238 3276 1369 3329 instructi

193 3387 220 3438 in
233 3387 358 3440 ordinem
370 3387 403 3438 ad
423 3386 609 3448 sententiam3
622 3390 672 3438 aut
690 3387 881 3450 cassationem,
895 3402 950 3454 qua
965 3393 1113 3440 exercetur
1131 3401 1248 3438 cerisura
1267 3398 1322 3437 non
1341 3385 1369 3436 in

193 3499 299 3565 samam
316 3492 405 3546 sedin
420 3495 463 3544 ins
481 3497 510 3545 at
529 3493 557 3543 iu
578 3505 678 3544 nouum
694 3493 869 3561 procedendi
881 3519 895 3530 ·
908 3489 1001 3546 Codex
1020 3507 1139 3559 process.
1154 3491 1235 3560 Grsg.
1252 3491 1306 3544 iam
1321 3490 1370 3544 cit.

194 3603 246 3651 art.
263 3595 295 3649 13
307 3597 408 3649 statuit
425 3613 441 3648 a
454 3597 486 3649 ln
497 3609 613 3649 runicus
632 3596 826 3649 criminalibus
840 3598 934 3666 cipent
946 3597 1002 3650 duo
1013 3599 1121 3665 qradns
1133 3596 1273 3649 ordina-rii
1285 3595 1370 3648 iuris·

194 3704 322 3757 dictionis
340 3704 371 3754 in
388 3701 492 3754 delicta
510 3683 667 3754 urucas-et
684 3702 714 3752 in
730 3701 835 3755 delicta
850 3701 1122 3770 currrsn1s3quoad
1139 3699 1251 3768 reliqna
1272 3703 1369 3753 omnia

193 3826 266 3865 mins
278 3818 386 3863 tantum
394 3810 473 3862 adest
480 3809 634 3877 prestus»-
645 3811 705 3861 Art.
719 3807 758 3862 15.
767 3836 780 3849 ·
791 3825 807 3860 a
819 3808 855 3862 In
863 3811 1015 3864 sententias
1024 3808 1211 3877 appellationi
1220 3823 1275 3859 non
1286 3807 1371 3859 abne

195 3921 257 3969 nias
275 3918 333 3968 sice
349 3926 467 3985 propter
485 3915 612 3969 indolem
630 3917 859 3981 consummitate
871 3918 973 3986 quippe
986 3917 1074 3970 editas
1087 3918 1116 3968 in
1129 3917 1251 3968 secundo
1263 3916 1371 3984 prada,

194 4025 324 4093 competit
341 4023 499 4076 remedium
518 4025 665 4077 recisionis
677 4041 703 4078 a.
725 4027 783 4081 Art.
806 4026 846 4078 16.
866 4026 1062 4078 «Remedium
1080 4027 1230 4078 recisionis
1245 4025 1371 4077 consistit

194 4133 224 4185 in
242 4133 379 4203 facultate
396 4131 570 4201 implorandi
588 4149 603 4184 e
623 4131 810 4185 mirantitibus
828 4133 1022 4201 superioribus
1050 4131 1244 4184 rescissionem
1262 4131 1371 4185 senten·

194 4242 251 4292 tiae
268 4240 328 4292 sine
342 4248 461 4307 propter
477 4239 597 4290 violatas
615 4241 723 4308 formas
741 4240 937 4293 substantiales
955 4239 1013 4291 siue
1031 4239 1065 4291 eb
1083 4237 1188 4308 falsam
1206 4239 1370 4308 applicatio·

194 4362 258 4399 nem
277 4345 348 4415 lepis
364 4345 494 4414 poenalis
511 4346 570 4398 sive
587 4354 706 4415 propter
723 4347 967 4414 incompetentiam
979 4359 1005 4402 t.
1019 4343 1088 4399 Item
1102 4345 1131 4398 in
1143 4344 1256 4399 decreto
1270 4343 1372 4400 Sacrae

196 4449 283 4518 Coug.
303 4448 357 4502 ult.
376 4454 406 4504 et
425 4449 483 4502 RR.
503 4466 526 4501 a.
541 4447 610 4502 1835
627 4448 681 4502 diei
703 4448 736 4503 18
756 4449 883 4504 Decemb.
904 4453 956 4502 art.
978 4451 1009 4503 14
1028 4449 1163 4504 statuitur
1181 4451 1293 4504 recisio.
