3350 5100
317 286 383 352 294
830 312 914 359 raus
942 312 979 357 11.

236 454 241 465 ’
318 432 458 498 elicitam
481 434 514 498 in
543 435 714 500 tormentis
739 441 796 501 aut
817 437 1055 503 attestationem
1083 435 1336 505 confirmandam
1360 460 1430 506 esse
1455 441 1498 507 ab

317 565 468 625 accusato
487 558 543 625 aut
558 578 577 625 a
592 565 675 626 teste
697 565 794 625 extra
815 565 980 627 tormenta
1002 560 1118 648 probet
1138 562 1329 629 Fariuacins
1351 564 1402 641 De
1424 567 1495 632 iud.

319 687 351 747 et
372 687 447 749 tort.
465 702 494 765 q.
519 682 563 749 34
586 683 813 767 u.114sq.et
836 684 970 753 Scaccia
993 685 1043 753 De
1065 686 1136 753 iud.
1163 722 1181 735 -
1207 687 1257 753 De
1281 694 1351 753 teri.
1377 694 1499 755 turtur.

319 806 431 874 0137
445 808 823 895 u.181;etPellegrini‚
849 812 902 893 qni
926 830 980 894 op.
998 811 1050 881 cit,
1067 819 1143 879 sect.
1169 812 1203 877 V.
1227 833 1261 878 n.
1287 814 1345 895 80,
1362 815 1501 881 recitato

318 937 410 999 textu
434 934 614 1018 Augustini,
639 939 748 999 menet
770 936 899 1018 quantis
922 935 1075 1021 periculis
1100 936 1229 1021 plenum
1247 939 1288 1002 sit
1310 938 1374 1003 hoc
1398 956 1499 1003 reme-

320 1058 405 1123 dium
435 1058 587 1124 iudiciale
618 1060 728 1143 plures
750 1060 901 1127 recolens
931 1080 1025 1127 casus
1057 1062 1245 1147 graviorum
1277 1082 1437 1130 morum
1468 1069 1500 1128 et

321 1182 414 1249 docet
429 1184 521 1249 iuxta
536 1185 602 1250 ou.
620 1204 821 1250 communem
837 1186 1043 1268 sententiam,
1060 1205 1080 1251 a
1095 1185 1202 1252 iudice
1213 1188 1341 1253 nonnisi
1358 1188 1499 1253 maxima

321 1310 448 1375 cautela
479 1315 511 1375 et
540 1312 701 1395 aequitate
725 1316 885 1377 torturam
908 1312 1132 1396 applicandam
1156 1332 1293 1379 essene
1317 1314 1501 1399 gravissimi

321 1430 377 1497 flat
400 1454 476 1500 reus
499 1435 653 1499 criminis.
668 1470 686 1483 -
712 1433 745 1518 4)
761 1434 912 1501 Ceterum
937 1433 1110 1501 advertere
1132 1439 1290 1520 praestat,
1307 1437 1379 1500 iure
1403 1435 1499 1499 meri-

320 1566 417 1645 toque
433 1560 626 1647 sperandum
643 1579 714 1625 esse
729 1580 770 1627 ne
785 1565 914 1627 tortura
937 1560 1074 1645 amplius
1097 1560 1204 1626 forum
1220 1560 1442 1647 ingrediatur;
1467 1566 1506 1627 et

321 1686 415 1751 simul
440 1676 602 1753 latendum
627 1696 685 1759 est,
708 1685 804 1751 hodie
827 1688 922 1751 etiam
946 1686 1020 1751 dum
1045 1706 1156 1751 omues
1179 1684 1360 1751 abhorrent
1382 1705 1402 1751 a
1424 1688 1501 1751 sim·

323 1810 396 1895 plici
411 1811 637 1877 recordatione
655 1794 841 1877 'huiusmodi
857 1811 1004 1887 instituti,
1024 1830 1088 1875 uon
1105 1812 1149 1875 ita
1165 1828 1243 1875 raro
1259 1814 1427 1875 accusatos
1443 1828 1503 1873 seu

323 1943 451 2002 secreto
473 1935 652 2021 inquisitos
680 1936 822 2003 submitti
854 1938 887 2001 in
917 1935 1052 2003 ecmelis
1083 1935 1235 2001 custodiis
1265 1934 1353 1999 haud
1376 1932 1504 1999 levibus

323 2062 459 2127 torturis
482 2063 535 2127 vel
560 2061 735 2131 moralibus
756 2062 809 2127 vel
832 2063 987 2150 physicis,
1003 2064 1110 2147 prouti
1127 2082 1193 2126 non
1217 2062 1316 2127 semel
1335 2060 1506 2127 elatebris

324 2192 471 2254 secretae
486 2187 650 2252 custodiae
663 2206 731 2252 uox
746 2206 920 2272 erumpens
940 2186 1095 2253 eiusmodi
1111 2188 1295 2253 coactiones
1311 2185 1505 2261 denunciat;

325 2332 392 2380 vox
414 2332 531 2396 nempe
553 2318 610 2378 aut
633 2314 730 2398 ipsius
745 2313 887 2397 inquisiti
910 2317 966 2379 aut
987 2314 1078 2379 testis
1094 2311 1257 2378 cuiusdam
1274 2316 1329 2377 aut
1344 2308 1502 2376 officialis.

328 2437 523 2523 -Siquidem
547 2437 676 2503 insitum
699 2442 749 2501 est
770 2437 871 2501 veluti
894 2438 927 2501 in
951 2437 1093 2501 humana
1108 2435 1291 2501 conditione
1306 2440 1342 2501 ut
1357 2434 1505 2500 criminis

191 2648 194 2652 ι
326 2569 441 2629 auctor
455 2583 520 2627 non
539 2563 639 2628 semel
663 2568 754 2628 certe
777 2566 993 2648 cognoscatur
1015 2566 1049 2626 at
1072 2561 1221 2647 iepiiimu
1237 2559 1384 2646 probatio
1400 2559 1502 2624 vehe-

211 2768 215 2773 ,
325 2689 521 2756 montissime
540 2686 761 2762 desideratum
784 2707 850 2751 uon
874 2705 967 2752 secus
990 2705 1030 2751 ac
1053 2691 1166 2760 mater,
1184 2705 1266 2770 quae
1281 2685 1377 2750 valde
1399 2685 1503 2769 suspi-

326 2819 419 2880 catur
433 2814 588 2879 tenellum
604 2810 737 2878 filiolum
753 2831 888 2897 gravem
904 2816 1050 2896 patrasse
1064 2810 1313 2878 inobedientiam
1330 2809 1418 2874 stab
1435 2811 1504 2876 eius

326 2958 384 3004 ore
409 2939 595 3022 exprimere
626 2942 764 3002 conatur
786 2937 959 3021 ingenuam
990 2935 1226 3000 confessionem
1257 2953 1353 3018 quam
1375 2932 1505 2998 timidus

327 3068 439 3150 uagam
456 3069 489 3128 et
502 3068 580 3129 tuuc
596 3068 701 3128 mater
714 3068 771 3127 aut
785 3062 903 3127 osculis
919 3066 975 3128 aut
992 3059 1299 3147 reprehensionibus
1314 3065 1411 3145 urget
1425 3078 1502 3144 pue-

327 3188 434 3252 rulum
457 3191 492 3252 ut
514 3187 658 3271 fateatur
680 3183 870 3260 admissum
887 3183 971 3268 quod
986 3183 1103 3249 deinde
1118 3184 1251 3269 plorans
1268 3179 1440 3247 confitetur
1454 3186 1506 3246 ast

328 3310 473 3400 pluribus
487 3311 640 3376 admixtis
663 3309 880 3375 excusationis
896 3307 1107 3374 adminiculis.
1124 3309 1167 3375 Ut
1182 3307 1356 3393 plurimum
1373 3325 1507 3371 excusa-
1576 3288 1579 3296 ¹

328 3439 430 3504 tiones
441 3435 523 3502 fiunt
533 3455 632 3502 verae
645 3434 856 3501 confessionis
868 3435 1047 3500 certissima
1058 3431 1214 3518 probatio.
1228 3433 1261 3516 5)
1275 3431 1418 3514 lienique
1430 3430 1506 3514 quia

329 3583 393 3628 non
405 3562 578 3629 defuerunt
592 3565 739 3626 torturae
754 3557 949 3632 laudatores,
963 3558 1013 3623 isti
1025 3543 1176 3642 arguunt,
1189 3576 1207 3620 s
1219 3561 1335 3622 contra
1344 3559 1505 3620 torturam

327 3687 445 3753 bonum
461 3683 581 3750 afferre
597 3683 656 3769 ipsi
671 3687 823 3749 accusem
839 3683 956 3766 quippe
972 3678 1008 3746 fit
1022 3680 1130 3746 iudam
1144 3680 1182 3745 iu
1198 3697 1303 3746 causa
1314 3678 1461 3764 propria:
1478 3675 1505 3740 si

328 3815 413 3880 enim
437 3817 486 3877 est
504 3805 666 3877 inuocans
681 3827 808 3873 omnem
823 3807 1061 3872 accusationem
1085 3810 1117 3869 et
1140 3824 1275 3890 gravem
1292 3803 1505 3886 suspicionem

328 3938 454 4003 indiciis
476 3933 716 4019 comprobatam
736 3930 777 3997 ab
799 3950 835 3996 se
858 3930 975 4003 aufert,
996 3948 1093 4013 quum
1118 3947 1231 4015 passus
1253 3927 1354 3992 fuerit
1376 3925 1507 4010 aliquod

327 4067 540 4135 tormentum;
565 4061 592 4125 si
612 4063 661 4124 est
674 4076 755 4124 reus
770 4055 828 4122 sibi
846 4059 1012 4140 comparat
1029 4053 1263 4119 absolutionem
1280 4072 1301 4116 a
1316 4047 1508 4138 gravissima

329 4207 432 4274 poena
454 4187 602 4274 perleve
619 4189 824 4249 tormentum.
843 4216 861 4229 -
884 4181 974 4245 Haec
998 4197 1076 4246 saue
1090 4179 1235 4244 defensio
1252 4179 1319 4241 non
1333 4185 1383 4242 est
1397 4173 1507 4241 admo-

329 4313 402 4386 dum
419 4311 536 4380 efficax
547 4317 581 4376 ut
592 4330 684 4374 usum
700 4305 815 4394 probet
828 4274 990 4380 torturae;
1007 4306 1124 4390 quippe
1140 4304 1223 4369 haec
1238 4303 1299 4368 etsi
1314 4321 1379 4366 non
1395 4301 1510 4366 intrin-

329 4455 404 4504 sece
418 4435 556 4506 iniusta,
573 4437 706 4518 praeter
722 4429 794 4503 alia,
811 4429 924 4495 vitium
939 4425 1038 4494 habet
1052 4425 1277 4513 mppestiouis
1291 4423 1406 4490 realis.
