3350 5100
465 336 509 381 nn
533 333 671 380 runicus
696 330 938 381 onruruanrsus
965 330 1000 377 in
1023 330 1140 377 senous
1329 311 1392 377 479

214 458 312 531 aona,
329 474 532 541 quocumque
546 475 590 520 ex
605 456 698 520 titulo
714 474 779 519 nou
797 454 975 538 requiritur
991 472 1091 538 opera
1102 451 1283 519 defensoris
1298 458 1392 519 matr.

214 584 243 661 c)
269 584 355 646 Ante
377 580 507 664 nuptias
528 580 697 646 ineundas
724 580 832 665 egitur
859 578 898 643 de
923 576 1089 663 probanda
1112 576 1265 645 libertate
1286 582 1394 645 status

212 714 247 772 et
268 707 421 792 tepitima
435 706 598 773 attestatio
613 705 654 770 da
670 704 822 771 libertate
836 708 959 785 surus,
970 723 1026 769 seu
1042 702 1082 767 de
1098 700 1245 769 absentia
1260 702 1393 789 impedi-

212 832 324 903 menti,
347 830 575 917 expostulatur
596 836 673 899 aute
696 830 949 895 celebrationem
965 830 1160 914 nuptiarum,
1177 826 1252 893 inde
1267 847 1287 893 a
1302 830 1393 895 curia

212 956 391 1020 instituitur
412 954 559 1040 apposita
575 953 751 1039 inquisitio
767 958 801 1019 et
815 951 1076 1038 baecexpleuda
1091 956 1140 1017 eet
1155 952 1246 1018 iuxta
1261 969 1392 1017 normas

211 1079 349 1146 traditas
371 1098 390 1143 a
415 1078 446 1145 S.
471 1076 587 1146 Officio
611 1098 694 1163 quae
715 1078 881 1162 speciales
903 1076 1066 1143 habentur
1087 1094 1148 1162 pro
1175 1096 1254 1143 casu
1276 1077 1392 1145 incerti

212 1205 318 1271 obitus
332 1206 479 1291 coniugis
493 1205 534 1270 ad
550 1202 699 1270 effectum
715 1203 922 1289 permittendi
937 1202 1096 1269 secundas
1111 1202 1238 1288 nuptias
1262 1210 1294 1268 et
1315 1208 1392 1267 tunc

211 1348 276 1393 non
293 1329 414 1411 requiri
432 1328 638 1393 defensorem
650 1329 819 1413 rescripsit
830 1326 861 1395 S.
876 1327 910 1394 Ο.
925 1326 1022 1393 Conc.
1036 1325 1344 1393 martaniam
1359 1328 1391 1393 in

212 1455 466 1535 Wratislarien3
483 1474 558 1519 nam
574 1456 746 1539 propositis
761 1452 865 1519 dubiis
882 1454 908 1517 Ι.
925 1450 984 1518 An'
997 1451 1156 1536 prabatio
1172 1456 1279 1519 status
1295 1450 1391 1517 liberi

211 1579 249 1645 in
271 1596 355 1645 casu
376 1580 527 1647 incertae
542 1580 664 1646 mortis
686 1579 841 1666 coniupis
861 1578 1070 1645 recerasenda
1092 1578 1134 1644 sit
1156 1578 1247 1645 inter
1269 1596 1392 1643 consus

207 1706 494 1787 matrimoniales,
510 1724 601 1790 quae
621 1704 765 1772 uibrant
779 1702 1021 1769 Benedictinae
1039 1703 1149 1769 Consi.
1168 1702 1229 1767 Dar
1254 1720 1391 1767 ursnal-

210 1852 314 1899 rrous
330 1833 447 1918 quoad
460 1831 615 1915 somnam
633 1849 816 1915 processus
828 1831 867 1896 in
882 1848 975 1897 cana.
996 1830 1038 1895 ΙΙ.
1057 1830 1114 1895 Aa
1136 1829 1173 1894 in
1198 1828 1391 1895 huiscemodi

210 1960 346 2045 nepotis
371 1958 584 2041 eapediendo
614 1956 776 2040 defensor
803 1956 932 2022 vinculi
955 1955 1116 2021 interesse
1138 1954 1252 2020 adhuc
1277 1960 1390 2020 tarnem

212 2079 340 2157 debeat,
368 2082 491 2147 iurare
515 2085 547 2146 et
569 2080 748 2163 appellare
770 2078 817 2144 ad
839 2078 991 2161 formam
1017 2077 1200 2161 praefatae
1226 2078 1389 2143 Constitu·

76 2268 79 2272 .
212 2204 313 2269 donis
327 2204 365 2269 in
376 2223 459 2272 casn
471 2240 487 2253 -
501 2225 519 2267 ‹
531 2204 573 2269 ad
591 2204 650 2269 1¹¹m
661 2203 835 2291 Nepotioe.
849 2202 898 2267 Ad
915 2201 974 2267 2⁰¹⁰
983 2220 1051 2285 pra
1068 2202 1195 2268 ditione
1206 2199 1389 2267 Austriaca

209 2347 309 2411 posse
331 2328 464 2395 serrari
484 2328 746 2395 instructionem
768 2328 805 2394 in
819 2327 897 2410 foro
921 2328 1034 2395 eccles.
1050 2326 1097 2393 ibi
1112 2330 1302 2409 receptam:
1322 2344 1389 2406 pro

210 2452 337 2519 ditione
360 2452 544 2519 Borussica
568 2452 733 2518 standum
753 2448 1031 2517 instructionibus
1055 2448 1088 2513 S.
1119 2446 1225 2531 Officii
1247 2446 1293 2511 ad
1314 2464 1386 2511 rem

208 2579 436 2660 spectantibus
459 2575 514 2664 (l).
540 2577 576 2663 d)
601 2579 639 2642 In
663 2579 769 2642 causis
791 2576 833 2641 de
856 2581 949 2640 matr.
974 2580 1051 2640 rato
1078 2577 1112 2638 et
1132 2592 1202 2640 non
1235 2590 1389 2639 canaam·

208 2708 300 2768 mato
329 2702 369 2766 ad
400 2698 550 2767 effectum
578 2699 799 2786 impetrandae
829 2675 1075 2785 dispensationis
1105 2717 1125 2762 a
1156 2697 1187 2763 S.
1221 2693 1387 2770 Pontiflca

209 2845 391 2910 processus,
415 2827 461 2890 uti
483 2828 546 2890 iarn
570 2825 777 2898 advertimus,
794 2844 858 2890 non
883 2827 988 2910 potest
1011 2819 1125 2888 confici
1146 2821 1186 2887 ab
1206 2821 1389 2888 Ordinariis

209 2947 279 3010 sine
313 2945 516 3032 delegatione
547 2948 578 3012 S.
609 2944 786 3011 Pontificis.
816 2946 914 3012 Certe
951 2944 1139 3010 constitutio
1170 2943 1291 3010 Bened.
1322 2962 1387 3008 non

209 3071 342 3153 respicit
364 3071 423 3135 bas
446 3088 570 3144 causas,
587 3070 644 3135 sed
659 3069 755 3135 hodie
779 3071 812 3134 in
831 3070 992 3155 rescripto
1008 3068 1228 3154 delegationis,
1245 3069 1387 3134 commit·

207 3195 288 3258 titur
317 3214 488 3280 processus
517 3194 727 3260 instruendus
748 3196 788 3259 ad
816 3213 964 3259 normam
994 3193 1090 3258 huius
1114 3191 1222 3258 Consi.
1251 3191 1388 3261 Benedi-

208 3320 324 3384 ctinae.
349 3302 440 3384 Tunc
470 3318 624 3385 defensor
654 3323 747 3383 mab.
773 3317 1000 3402 expostulatur
1023 3319 1056 3381 vi
1077 3317 1235 3401 rescripti
1257 3317 1387 3403 delepa

208 3444 331 3528 tionis‚·
354 3447 400 3510 uti
422 3446 548 3511 censuit
571 3444 603 3511 S.
628 3445 662 3510 G.
687 3444 721 3510 G.
746 3445 778 3508 in
803 3443 1177 3517 Varsarien.,.161ura
1201 3441 1300 3508 1894.

297 3569 373 3634 449.
399 3569 445 3633 De
467 3575 562 3654 parte
585 3587 681 3653 qnam
704 3568 772 3654 agit
793 3567 948 3633 defensor
970 3575 1065 3632 matr.
1088 3567 1136 3633 ait
1158 3565 1278 3660 Bened.
1302 3565 1384 3630 XIV

207 3694 259 3756 cit.
278 3693 385 3758 Gonst.
402 3698 422 3776 ξ
437 3693 478 3759 8.·
500 3695 616 3761 «cum
639 3695 739 3780 igitur
761 3713 870 3758 coram
888 3691 1073 3764 Ordinario,
1090 3690 1131 3756 ad
1154 3709 1249 3775 quem
1272 3673 1386 3756 causas

205 3816 387 3883 huiusmodi
409 3837 609 3904 cognoscere
633 3821 784 3904 pertinet,
808 3819 1034 3884 controversia
1055 3817 1165 3900 aliqua
1187 3821 1386 3901 proponetur

205 3941 239 4004 in
263 3941 390 4024 quade
412 3943 609 4008 matrimonii
641 3942 807 4009 validitate
837 3941 1034 4008 dubitabitur
1057 3947 1090 4006 et
1112 3939 1325 4008 existentibus
1351 3942 1384 4006 in

294 4133 334 4205 (Ι)
353 4133 432 4188 Hanc
450 4135 665 4192 instructionem
683 4136 826 4191 trademus
837 4136 912 4190 inter
925 4137 1066 4206 Altepata.
1080 4134 1279 4190 Probationem
1295 4137 1385 4189 status

204 4239 287 4295 liberi
305 4240 461 4296 iaciendum
480 4259 542 4297 esse
560 4244 665 4313 absque
683 4245 773 4297 forma
786 4244 902 4316 proprii
919 4245 1017 4298 iudicii
1041 4243 1089 4298 sed
1112 4243 1234 4298 obtineri
1253 4257 1303 4312 per
1319 4242 1385 4296 sim·

204 4343 305 4414 plicam
325 4346 532 4417 inquisitionem
553 4348 588 4401 ad
607 4363 732 4401 normam
752 4347 946 4403 Instructionis
965 4347 991 4401 S.
1005 4347 1092 4402 Officii
1107 4348 1247 4403 evincitur
1264 4348 1295 4402 in
1312 4349 1383 4419 solio

203 4452 252 4508 at.
271 4451 486 4509 wasaliam.
506 4453 546 4508 or.
566 4457 638 4510 nea
658 4455 684 4509 s.
706 4455 795 4522 seces,
812 4455 868 4510 vor.
888 4455 937 4521 22,
955 4472 1020 4526 paq.
1042 4455 1114 4510 ers.
1154 4425 1157 4432 ’
