3350 5100
771 327 978 376 numentum
1002 328 1051 377 VI.

573 574 734 623 FORMULA
758 572 972 623 ΒΕΝΤΕΝΤῙΑΕ
994 576 1247 627 snsotonomslt

615 695 653 743 IN
676 696 760 745 OASU
784 698 922 746 ouuic‘rl
946 699 1015 747 NON
1037 698 1207 748 comulsst.

403 873 435 927 ln
454 872 593 927 nomine...
613 874 658 943 (ut
676 874 772 945 supra)
790 874 909 931 dicimus
922 876 1071 931 Dominum
1083 876 1117 931 N.
1131 875 1212 942 nulio
1229 877 1311 933 modo
1326 876 1498 933 commisisse

312 980 430 1045 crimen,
449 979 483 1033 de
502 995 558 1050 quo
575 980 631 1033 suit
650 978 825 1050 inculpatum
845 964 875 1035 et
899 981 1015 1051 proinde
1041 982 1133 1051 ipsum
1152 986 1295 1054 tamquam
1318 984 1497 1039 innocentem

311 1088 347 1140 ab
366 1088 442 1141 omni
460 1086 656 1142 observstione
677 1086 773 1143 iudicii
784 1078 972 1143 'absolvimus
991 1088 1033 1143 ita
1052 1086 1105 1143 hoc
1123 1092 1154 1145 et
1174 1088 1250 1143 omni
1270 1089 1381 1147 meliori
1405 1089 1497 1145 modo.

312 1192 390 1261 Lete,
410 1193 484 1248 lecta
503 1197 533 1247 et
550 1191 693 1263 publicata
712 1194 766 1248 tuit
783 1194 827 1249 die
830 1232 874 1249 .....
892 1196 1022 1251 mensis...
1047 1211 1122 1250 anno
1123 1234 1164 1250 .....
1184 1196 1228 1250 its
1251 1196 1497 1267 pronunciavimus

312 1314 362 1369 pro
382 1298 516 1353 tribunali
535 1299 672 1355 sedentes.
767 1352 770 1356 .

1058 1409 1119 1479 Ego
1137 1408 1173 1463 N.
1191 1408 1321 1465 vicarius
1339 1408 1495 1465 Generalis.

1057 1515 1118 1587 Ego
1137 1515 1172 1572 N.
1190 1516 1350 1571 Actusrius

562 1747 723 1797 sonuum
746 1748 960 1798 SENTENTIA!
986 1750 1239 1799 susouuwmsu

594 1874 660 1923 PRO
674 1875 740 1922 REO
756 1874 825 1921 NON
843 1874 995 1922 INVENTO
1012 1874 1205 1923 courtolul.

397 2048 428 2102 ln
447 2046 566 2105 Nomine
586 2048 737 2121 (utsupra)
756 2049 874 2104 dicimus
893 2050 1042 2105 Dominum
1055 2051 1090 2105 N.
1105 2066 1162 2106 non
1173 2050 1260 2107 fuisse
1275 2051 1420 2107 inventum
1433 2052 1494 2108 cul·

309 2158 430 2228 pabiIsm
455 2176 507 2215 nec
525 2160 560 2215 de
579 2161 640 2215 iure
659 2158 829 2230 punibilem;
850 2164 879 2215 at
901 2160 1017 2230 proinde
1043 2160 1134 2232 ipsum
1159 2160 1330 2216 absolvimus
1356 2163 1391 2216 ab
1415 2162 1496 2217 omni

307 2267 501 2322 observatione
520 2264 646 2321 iudiciali
666 2270 696 2323 et
714 2267 814 2338 quavis
834 2267 970 2323 ulteriora
991 2269 1136 2336 instantia,
1156 2272 1186 2323 et
1210 2285 1312 2323 cauus
1335 2267 1401 2324 huic
1425 2286 1494 2340 per·

308 2377 423 2442 potuum
441 2372 585 2428 sitentium
604 2373 781 2444 imponimus.
801 2373 844 2427 Ite
863 2373 916 2429 hoc
934 2378 965 2429 et
982 2374 1060 2429 omni
1078 2374 1195 2431 metiore
1213 2375 1302 2431 modo.
1322 2371 1401 2442 Lata,
1415 2374 1494 2432 lecta

306 2480 336 2532 et
353 2477 497 2547 publicata
514 2477 584 2534 die...
603 2477 731 2533 mensis...
752 2492 852 2532 anno...
872 2478 902 2532 in
920 2476 961 2550 (et
979 2478 1018 2532 ibi
1039 2484 1159 2548 ponatur
1184 2478 1282 2553 iocus).
1302 2479 1345 2536 ita
1363 2496 1492 2552 pronun·

307 2584 439 2640 tiavimus
456 2600 506 2655 pro
525 2585 660 2640 tribunali
679 2584 817 2640 sedentes.

1052 2692 1113 2762 Ego
1132 2692 1165 2746 N.
1187 2691 1316 2750 vicarius
1334 2693 1491 2751 Generalis.

1052 2798 1113 2869 Ego
1131 2797 1165 2854 N.
1185 2800 1350 2858 Actuariua·

416 3031 530 3080 FORMA
554 3033 764 3080 SENTENTIAE
788 3033 1096 3082 cononmressomffl
1120 3033 1253 3083 GON'PRA
1275 3034 1381 3099 REUN,

603 3155 714 3204 PLENE
737 3157 802 3205 PER
819 3157 951 3232 *results
974 3157 1181 3206 corwlc‘root.

392 3326 423 3382 In
442 3328 561 3384 Nomine
580 3329 623 3399 (ut
642 3331 737 3401 supra)
757 3331 876 3385 dicimus
891 3331 1040 3386 Dominum
1059 3332 1092 3386 N.
1105 3351 1184 3388 reum
1197 3349 1247 3404 per
1260 3337 1347 3390 testes
1358 3335 1488 3406 integros

303 3434 386 3505 plens
404 3451 549 3492 remanere
568 3438 728 3493 convictum
748 3437 781 3493 de
800 3437 842 3507 (et
861 3439 898 3492 ibi
919 3441 1092 3510 exprimatur
1110 3440 1243 3496 delictum
1268 3458 1331 3496 cum
1356 3441 1487 3497 omuibus

302 3540 360 3595 suis
378 3541 562 3612 qualitatibus
588 3547 617 3596 et
641 3542 880 3613 circumstantiis).
899 3545 1074 3616 Quapropter
1097 3546 1189 3616 ipsum
1213 3547 1430 3603 condemnamus
1453 3549 1487 3605 in

303 3661 406 3716 poenas
425 3663 442 3700 a
459 3665 494 3700 ss.
508 3645 668 3702 Canonibus
687 3646 742 3718 (vei
761 3665 778 3702 a
797 3649 901 3702 nostris
919 3651 1168 3708 constitutionibus
1186 3652 1380 3724 synodalibus)
1398 3653 1485 3722 latas,

302 3765 402 3820 nempe
421 3751 461 3820 (et
479 3751 519 3806 ibi
538 3751 711 3822 exprimatur
730 3768 781 3823 per
799 3758 945 3809 extensum
968 3769 1058 3824 poena
1076 3772 1093 3808 a
1111 3770 1160 3810 reo
1181 3757 1344 3828 subeunda).
1362 3758 1406 3812 lta
1429 3759 1486 3815 hoc

303 3858 354 3909 stc.
375 3852 538 3926 (utsupra).

423 4091 538 4141 FORMA
561 4089 776 4141 APPELLANDI
798 4096 821 4142 A
845 4093 1034 4142 SENTENTIA
1057 4095 1360 4148 montocouosts.

390 4278 488 4334 Coram
514 4284 665 4340 reverendo
689 4285 722 4340 N.
742 4283 858 4339 vicario
881 4284 1013 4341 Genereli
1037 4291 1180 4359 comparet
1205 4289 1339 4346 Dominus
1362 4292 1397 4347 N.
1415 4310 1482 4349 reus

302 4384 350 4454 qui
369 4401 466 4456 supra3
486 4391 515 4442 et
533 4387 601 4444 dicit
619 4407 649 4446 se
668 4407 728 4463 esse
741 4397 889 4462 gravatum
902 4408 951 4462 per
963 4393 1145 4469 reserandum
1157 4394 1302 4452 Vicerium
1313 4397 1480 4458 osnsmlsm
