3350 5100
366 297 431 363 420
870 319 954 369 ruas
986 320 1036 366 111.

364 439 403 505 ad
427 442 682 509 comanorum
705 442 805 518 litem,
830 442 982 509 videlicet
1004 462 1115 509 coram
1132 464 1199 516 reo,
1216 449 1271 509 aut
1287 445 1356 509 cius
1372 444 1541 511 defensore

364 572 396 632 et
419 573 554 652 promet.
578 566 690 641 fiscali,
715 575 771 635 aut
792 571 819 635 si
843 568 1056 655 appellaverit
1079 576 1246 657 promotor
1269 568 1389 637 fiscalis
1412 578 1445 638 et
1468 592 1539 638 reus

363 693 541 778 appellatus
555 695 754 761 interventui
770 696 1022 768 renunciaverit,
1041 715 1151 761 coram
1175 697 1242 782 ipso
1267 702 1405 781 promot.
1429 694 1539 772 fiscali,

362 818 482 904 legitur
498 819 612 913 relatio
628 825 765 886 exarata
779 819 820 885 ab
836 822 905 905 ipso
921 820 1025 886 iudice
1041 822 1274 907 appellationis,
1288 826 1344 886 aut
1358 840 1378 886 a
1395 821 1540 909 delegato

361 941 467 1009 iudice
489 943 633 1008 relatore
655 950 688 1009 et
707 948 879 1028 praeterea
901 946 1022 1031 legitur
1041 947 1248 1019 sententiaa
1271 965 1337 1030 qua
1360 952 1410 1012 est
1432 948 1540 1033 appel-

360 1068 471 1133 latum.
489 1069 571 1134 Rem
592 1072 638 1134 ita
660 1068 789 1135 ordinat
812 1070 883 1137 cod.
899 1072 953 1137 cit.
971 1071 1071 1156 Greg.
1089 1076 1151 1137 art.
1169 1070 1245 1136 461:
1264 1092 1282 1134 s
1301 1072 1360 1137 Die
1383 1072 1539 1138 destinata

359 1194 506 1277 aperitur
521 1194 692 1267 audientia,
717 1196 750 1259 in
773 1214 837 1280 qua
852 1196 956 1279 primo
980 1195 1100 1281 legitur
1117 1195 1232 1259 relatio
1248 1194 1362 1261 iudicis
1377 1195 1538 1269 relatoris,

360 1324 393 1383 et
416 1317 531 1385 deinde
553 1321 721 1393 sententia,
742 1340 762 1383 a
784 1339 848 1404 qua
870 1320 957 1385 facta
981 1326 1030 1385 est
1052 1320 1269 1405 appellatio».
1297 1306 1376 1385 ludo
1399 1319 1539 1387 habetor
1659 1397 1660 1411 χ

358 1444 425 1509 litis
447 1444 651 1524 contestatio,
675 1448 750 1529 quia
774 1450 884 1530 partes
911 1464 975 1509 non
999 1446 1200 1531 excipientes
1227 1444 1386 1510 adversus
1411 1445 1541 1510 relatio-
1659 1464 1660 1469 ¹

359 1588 434 1634 nem
463 1571 659 1653 quaestionis
687 1590 708 1635 a
738 1570 843 1636 iudice
873 1570 992 1635 factam
1026 1570 1253 1656 intelliguntur
1283 1570 1538 1635 controversiam
1659 1580 1660 1601 ¹

359 1699 532 1779 acceptare
554 1697 586 1760 in
617 1697 658 1760 iis
687 1697 846 1762 terminis.
873 1697 1040 1764 -Taliter
1072 1700 1255 1763 contestata
1280 1696 1346 1769 tite,
1374 1702 1423 1761 est
1450 1696 1540 1760 locus

358 1818 693 1886 animadversionibus
707 1820 863 1893 adversis,
880 1842 937 1886 seu
960 1826 1027 1887 tum
1053 1821 1147 1894 illius,
1165 1822 1218 1906 qui
1242 1820 1436 1886 sententiam
1460 1838 1540 1885 cou-

357 1937 482 2005 firmari
505 1942 637 2026 expetit,
653 1946 722 2005 tum
737 1942 882 2015 alterius,
899 1944 952 2026 qui
969 1941 1113 2007 eamdem
1133 1945 1190 2006 aut
1205 1942 1365 2014 revocari,
1381 1946 1438 2005 aut
1453 1937 1540 2004 intir-

358 2067 440 2130 mari
463 2058 625 2151 efflagitat.
651 2068 715 2131 Art
737 2064 812 2140 462,
836 2067 891 2132 cit.
916 2065 986 2131 cod.
1013 2066 1111 2153 Greg.
1135 2066 1176 2131 ad
1200 2086 1270 2131 rem
1295 2067 1355 2131 ait:
1382 2064 1540 2131 «Deinde

358 2195 524 2275 promotor
545 2188 664 2257 fiscalis
693 2210 768 2256 snas
799 2190 943 2276 explicat
974 2192 1198 2256 conclusiones
1222 2196 1254 2256 et
1278 2190 1432 2255 defensor
1461 2209 1538 2255 con·
1659 2260 1660 2263 Ἴ

356 2315 497 2382 damnati
524 2316 821 2381 animadversiones
852 2314 980 2381 deducit
1006 2318 1039 2381 in
1064 2318 1131 2381 eius
1162 2318 1404 2381 excusationem
1435 2334 1539 2398 usque
1659 2340 1660 2377 ¹

357 2441 431 2505 dum
462 2440 606 2506 declaret
635 2441 715 2504 nihil
746 2439 833 2505 aliud
857 2440 979 2506 habere
1003 2438 1087 2524 quod
1113 2438 1297 2505 adiiciat».
1323 2438 1355 2505 Si
1380 2457 1459 2503 vero
1484 2440 1537 2522 qui

356 2567 548 2632 sententiam
560 2569 712 2632 revocari
728 2572 784 2631 aut
799 2567 922 2651 corrigi
938 2567 1078 2651 postulat
1094 2585 1195 2632 novos
1210 2565 1372 2631 deducere
1387 2563 1538 2630 intendat

355 2698 465 2765 testes,
489 2693 522 2757 hi
544 2691 732 2758 admittendi
756 2711 820 2756 non
852 2696 927 2757 suut
953 2693 1013 2756 nisi
1037 2691 1227 2778 gravissima
1255 2692 1352 2756 instet
1372 2708 1477 2754 causa
1504 2697 1539 2757 et
1659 2697 1660 2714 ¹

354 2821 513 2881 remotum
544 2817 586 2881 sit
607 2815 837 2900 quodcumque
867 2814 1054 2880 collusionis
1084 2813 1286 2899 periculum,
1319 2815 1365 2878 uti
1395 2813 1539 2881 advertit

356 2945 417 3005 art.
441 2940 517 3022 460,
549 2943 601 3005 cit.
626 2939 701 3006 God.
733 2941 832 3024 Greg.
862 2943 894 3004 et
919 2939 983 3004 iam
1011 2943 1222 3023 praeceperat
1254 2938 1404 3004 Clemens
1429 2938 1469 3010 V,
1499 2939 1537 3002 in
1659 2988 1660 3024 3

359 3064 461 3128 thm.
477 3063 513 3136 2,
531 3063 580 3128 De
602 3062 738 3129 testibus
753 3062 810 3146 (ll,
828 3059 875 3146 8):
896 3084 983 3125 ‹.....
1001 3080 1078 3126 cum
1098 3079 1168 3126 non
1190 3060 1306 3126 minus
1324 3059 1362 3125 in
1384 3059 1540 3142 appelta-

308 3164 313 3173 ’
355 3187 688 3271 hermeneumata
707 3187 898 3270 principati
913 3205 1018 3252 causa
1042 3184 1239 3252 subornatio
1261 3183 1304 3250 sit
1331 3184 1481 3250 timendo
1504 3205 1535 3248 ».

301 3352 305 3358 -
355 3311 471 3376 Cetera
484 3330 564 3377 vero
579 3317 772 3398 argumenta
785 3311 885 3376 veluti
901 3311 1139 3391 instrumenta,
1151 3309 1282 3375 indicia
1299 3309 1403 3374 libers
1418 3307 1535 3374 deduci

354 3436 476 3510 valent,
490 3438 605 3522 quippe
618 3444 743 3502 remota
757 3456 777 3500 a
793 3435 939 3522 periculo
956 3434 1151 3499 collusionis.
1167 3469 1184 3482 -
1199 3434 1290 3498 Haec
1302 3432 1535 3508 tantummodo,

354 3581 436 3646 quae
462 3563 729 3636 memoravimus,
757 3561 878 3645 aliquid
905 3559 1071 3644 singulare
1098 3560 1284 3632 continent,
1313 3559 1438 3644 reliqua
1464 3559 1537 3623 exi·

353 3694 475 3774 guntur
496 3687 537 3753 ad
559 3706 746 3753 communes
767 3687 899 3772 regulas
922 3703 1106 3770 processus.
1140 3755 1143 3762 ⁴

441 3811 517 3878 362.
542 3810 636 3878 Ratio
666 3812 861 3898 procedendi
885 3812 918 3875 in
943 3811 1047 3876 causis
1078 3810 1303 3896 appellationis
1331 3809 1416 3895 apud
1442 3810 1473 3875 S.
1500 3809 1535 3874 0.

353 3939 420 4003 ΕΕ.
441 3943 474 4002 et
493 3937 563 4002 RR.
587 3936 714 4022 regitur
739 3937 794 4001 cit.
819 3934 951 4000 decreto
977 3935 1018 4000 18
1045 3933 1192 4000 Decembt
1224 3933 1319 4004 1835,
1344 3933 1434 3997 hisce
1457 3935 1536 3998 arti·
1659 3915 1660 3976 Ῑ

352 4063 433 4128 culis
448 4067 619 4146 concepto:
646 4079 664 4125 s
680 4061 707 4127 Ι.
731 4059 811 4127 Rois
826 4080 849 4126 c
865 4059 971 4126 curiis
994 4058 1241 4142 episcopatibus
1257 4057 1432 4123 criminati
1448 4057 1536 4124 iudi·
1659 4065 1660 4079 ¹

352 4187 402 4254 cio
426 4188 599 4253 damnatis
624 4186 774 4271 spatium
798 4185 1003 4252 tomorum
1035 4184 1241 4264 conceditur,
1266 4202 1333 4268 quo
1363 4183 1411 4248 ad
1433 4179 1468 4249 S.
1497 4180 1534 4250 Ο.

353 4312 420 4375 ΕΕ.
438 4316 469 4376 ct
491 4311 564 4376 RR.
588 4313 765 4395 oppetiere
783 4310 925 4394 possint.
951 4312 994 4378 11.
1013 4311 1134 4376 Decem
1150 4310 1223 4376 dics
1245 4308 1424 4375 nummara'
1447 4308 1532 4374 inct-
1659 4333 1660 4406 3

348 4437 443 4518 pient
465 4455 536 4503 non
559 4457 582 4502 a
604 4437 668 4512 dte,
694 4455 763 4522 quc
787 4436 954 4503 sententio
977 4437 1047 4501 tota
1071 4441 1128 4509 est,
1152 4433 1345 4503 sodoclis,
1371 4451 1439 4517 quo
1470 4451 1532 4500 reo
