3350 5100
423 327 467 374 DE
491 326 630 374 molens
654 324 896 373 amnesamnes
921 325 957 371 ln
980 322 1097 371 sescla
1285 303 1351 369 463

170 448 332 514 cavendos
363 467 505 521 errores,
537 449 654 533 quippe
683 448 777 533 quod
806 447 899 515 Deus
929 446 1119 527 coniunmit,
1151 446 1250 513 homo
1281 464 1351 513 non

133 642 136 646 .
170 578 316 658 separet.
340 572 413 639 Hae
435 573 583 639 cautelae
606 592 671 638 non
693 577 842 658 spectent
865 571 904 637 ad
923 570 1172 638 solemnitatem
1188 572 1279 651 ritus,
1295 571 1351 637 sed

171 698 295 764 directe
310 696 351 763 ad
366 696 621 783 inquisitionem
644 696 800 761 veritatis.
828 696 902 761 Huc
925 694 1095 761 intendunt
1118 693 1227 760 Gonst.
1252 695 1352 759 Bene·
1474 683 1476 699 ⁴

172 823 249 890 dicti
262 823 367 896 xlv..
388 822 482 888 «Dei
492 822 712 889 muerouone
724 842 756 899 ›;
772 823 849 887 item
865 821 1041 887 Instructio
1054 820 1084 885 S.
1100 818 1208 886 Officii
1219 819 1352 904 (absque

172 946 255 1013 dato
278 944 376 1031 edita)
400 943 620 1011 observanda:
643 944 720 1010 -in
743 943 952 1030 confidendo
970 961 1136 1026 processu
1158 960 1264 1025 saper
1286 942 1353 1009 viii

171 1069 371 1155 impotentia
393 1075 425 1135 et
449 1088 514 1136 non
539 1074 655 1135 secuta
684 1068 899 1135 matrimonii
927 1067 1228 1143 consummatione,
1259 1086 1351 1133 aoce-

173 1192 271 1260 dente
284 1192 317 1259 S.
332 1191 508 1279 Pontificis
523 1192 777 1276 dispensatione
791 1192 835 1259 ab
848 1196 1012 1259 accurata
1025 1190 1241 1259 obseruantia
1251 1209 1352 1274 prae·

172 1318 397 1401 scriptionum
422 1318 536 1381 Bullae
559 1317 680 1382 Bened.
698 1318 782 1383 XIV
806 1318 905 1385 “Dei
928 1317 1146 1385 miseratione
1162 1313 1192 1389 ”‚
1217 1321 1353 1381 secata

174 1442 347 1507 tamenin
368 1440 645 1509 substantialibus
651 1460 665 1523 ;
689 1442 829 1525 itemque
854 1441 1028 1507 Instructio
1053 1441 1084 1505 S.
1109 1438 1144 1507 O.
1171 1440 1203 1505 G.
1232 1434 1351 1507 «Cum

174 1571 312 1633 moneat
336 1565 491 1634 Glossas
517 1564 579 1645 diei
595 1564 640 1631 22
659 1567 743 1652 Aug.
763 1565 850 1630 1840
868 1584 937 1648 pro
954 1563 1162 1647 confectione
1173 1580 1353 1646 processis

173 1689 211 1755 in
233 1689 348 1757 causis
368 1690 689 1757 matrimonialibus.
713 1726 732 1738 ·
759 1690 835 1755 Alia
861 1709 941 1775 pree
968 1690 1083 1761 oculis¹
1100 1686 1249 1754 habenda
1280 1692 1354 1753 sunt

175 1815 337 1901 rescripta
359 1813 444 1879 edita
459 1816 529 1880 sive
550 1834 570 1879 a
594 1814 626 1881 S.
644 1815 677 1880 O.
695 1813 730 1881 0.
754 1816 821 1879 sive
839 1835 858 1880 a
874 1814 905 1881 S.
925 1812 1039 1881 Olllcio
1056 1832 1147 1898 quae.
1165 1812 1240 1879 data
1255 1831 1353 1877 occa-

174 1939 265 2004 sione
276 1938 491 2023 proferemus.
504 1974 520 1985 ·
535 1938 679 2021 Denique
696 1939 807 2003 utilem
820 1958 968 2004 normam
985 1936 1167 2024 suppeditat
1178 1938 1353 2005 Instructio

177 2063 207 2129 S.
233 2063 265 2128 G.
292 2063 322 2128 S.
342 2061 450 2130 Officii
464 2063 516 2127 die
531 2063 576 2128 20
592 2065 676 2129 Iunii
702 2063 790 2129 1883
812 2063 888 2129 data
911 2063 951 2128 ad
977 2062 1197 2143 Patriarchas,
1214 2061 1353 2127 Archia·

176 2189 332 2273 piscopos,
345 2189 521 2273 Episcopus
533 2190 654 2253 rituum
666 2189 884 2254 orientalium.
899 2188 994 2253 Hunc
1010 2186 1155 2253 eamdem
1169 2188 1356 2253 Instructio·

174 2332 249 2379 nem
265 2313 298 2380 S.
310 2312 347 2381 G.
362 2312 403 2377 de
419 2314 456 2377 Ρ.
470 2314 507 2377 F.
523 2312 619 2387 dedit.
637 2313 750 2379 eodem
763 2332 850 2379 anno
867 2313 907 2379 ad
924 2314 1100 2399 Episcopus
1118 2312 1262 2379 Statuam
1276 2312 1355 2377 Fae

175 2437 363 2504 deratorum
379 2438 561 2520 American,
577 2439 708 2503 mutatis
723 2443 848 2504 tantum
864 2436 966 2502 tribus
986 2437 1039 2501 vel
1055 2443 1192 2521 quatuor
1209 2436 1355 2501 articulis

174 2560 422 2648 respicientibus
444 2563 623 2648 peculiaria
637 2564 784 2629 locorum
798 2563 960 2628 adiuncta.
979 2563 1103 2626 Passim
1126 2581 1253 2646 quoquc
1276 2563 1352 2627 cita·

175 2687 280 2753 bimus
302 2687 563 2754 [montonem
587 2663 817 2754 Acarnana
835 2686 956 2753 ollem
979 2706 999 2750 a
1023 2685 1355 2752 unumunurn

177 2812 252 2876 heic
270 2811 390 2876 nomae
406 2813 617 2897 recognitam,
634 2815 669 2877 in
681 2830 746 2895 qua
758 2812 888 2898 singula
902 2818 976 2878 acta
991 2831 1163 2896 processus
1181 2810 1272 2893 595,
1284 2829 1353 2896 seq.

177 2936 432 3018 determnantur,
448 2936 558 3002 habita
583 2937 707 3002 ratione
723 2937 925 3004 diversorum
946 2957 1118 3003 causarum
1141 2953 1308 3023 generum.

268 3061 342 3128 421.
367 3064 454 3128 Iura.
468 3063 751 3144 matrimonialia,
767 3065 884 3149 quippe
903 3083 969 3128 non
992 3083 1085 3128 secus
1100 3082 1141 3128 ac
1156 3068 1267 3128 cetera
1282 3064 1355 3128 iura

178 3187 332 3254 fruuntur
344 3190 377 3252 in
389 3207 447 3253 sno
460 3188 618 3254 exercitio
629 3190 733 3254 tutela
743 3188 894 3254 iuridioa
907 3189 1137 3271 possessionis,
1151 3187 1225 3254 inde
1237 3207 1355 3255 causae

177 3313 431 3379 matrimoniales
454 3318 698 3398 pertractantur
713 3314 766 3377 vel
781 3315 816 3377 iu
835 3313 1046 3395 possessorio
1061 3313 1116 3378 vel
1131 3313 1164 3377 in
1183 3313 1354 3396 potiano.

179 3440 226 3504 De
257 3444 415 3524 conceptu
442 3437 666 3522 possessionis
691 3421 758 3504 ’seu
791 3437 1136 3522 quasi-possessionis
1169 3440 1201 3504 in
1232 3437 1355 3504 iuribus

178 3560 467 3628 matrimonialibus
481 3563 605 3648 egimus
618 3564 693 3628 Vol.
707 3564 733 3644 Ι,
749 3582 781 3627 n.
794 3562 861 3628 229
873 3581 919 3646 sq.
935 3568 967 3628 et
982 3563 1215 3646 explicavimus
1227 3562 1355 3644 quando

180 3691 327 3770 patretur
349 3687 498 3770 spolium
520 3693 553 3752 et
576 3688 732 3771 quomodo
756 3687 956 3754 concedatur
978 3687 1153 3753 restitutio.
