3350 5100
497 345 542 392 na
567 345 723 394 uuurcns
747 347 790 394 rr
813 346 933 394 Posrtls
1241 329 1306 396 llb

127 466 263 531 clericos
278 466 465 532 saeculares
479 472 513 532 et
527 467 708 554 regulares,
721 470 951 552 cuiuscumque
962 467 1082 555 gradus
1098 474 1131 536 et
1146 469 1305 537 conditio·

128 591 182 662 nis,
195 593 267 655 tom
283 589 401 656 dirum
416 591 516 675 nesus
532 599 736 674 exercentes,
752 595 840 658 omni
856 594 1026 679 privilegio
1042 594 1188 661 clericali
1205 598 1304 662 omui·

126 735 184 798 que
206 713 325 789 officio,
349 715 523 802 dignitate,
548 715 705 782 beneficio
730 719 960 794 ecclesiastico,
984 723 1179 786 auctoritate
1206 723 1304 807 ipsius

126 839 378 912 Constitutiouis,
395 839 427 904 id
443 847 491 907 est
506 842 576 926 ipso
591 842 688 923 lactc,
706 844 840 928 privari,
857 845 902 908 ita
919 849 954 909 ut
970 863 1029 929 per
1043 843 1181 910 iudicem
1198 845 1304 911 eccle-

126 966 288 1028 siasticum
311 964 496 1050 degradari,
521 971 553 1032 et
575 969 725 1052 potestati
748 969 852 1034 laicae
868 967 953 1032 tradi
969 967 1116 1042 debeant,
1134 974 1167 1035 et
1183 967 1301 1036 eisdem

124 1088 306 1172 applicetur
327 1108 432 1174 poena
455 1108 538 1172 quae
560 1109 622 1174 pro
643 1091 736 1156 laicis
751 1089 792 1155 de
815 1091 878 1157 hoc
903 1093 1040 1157 crimine
1063 1093 1220 1158 convictis
1235 1099 1302 1158 sta-

127 1220 189 1278 tuta
204 1218 258 1277 est
269 1235 302 1276 ›.
319 1213 392 1278 Hae
406 1233 531 1299 poenae
546 1219 621 1280 sunt
636 1217 659 1282 l.
671 1219 765 1289 sent,
782 1215 858 1281 dum
874 1217 945 1280 iure
961 1214 1179 1282 Decretalium
1195 1235 1267 1302 cap.
1284 1221 1304 1281 4

127 1335 176 1400 De
195 1338 361 1404 eoecessib
383 1337 536 1405 Praetor.
560 1339 783 1408 statuebantur
815 1359 940 1426 poenae
969 1341 1033 1436 fer.
1062 1347 1144 1408 sent.
1177 1342 1303 1408 Verum

126 1463 200 1527 istae
225 1483 353 1548 poenae
368 1464 453 1529 latae
472 1470 547 1530 sunt
569 1467 604 1530 iu
625 1471 822 1532 ecercmes
846 1471 915 1532 turn
939 1467 1055 1532 dirum
1078 1463 1200 1549 nefas5
1223 1467 1305 1532 scili-

125 1591 175 1649 cet
203 1588 239 1650 iu
263 1588 397 1671 eosqui
421 1587 543 1661 habitu,
567 1593 600 1652 et
625 1587 728 1653 veluti
750 1588 887 1672 quadam
916 1587 993 1654 facti
1018 1589 1220 1660 notorietate.
1245 1591 1304 1654 isto

125 1713 260 1776 crimine
282 1713 519 1778 insimulantur.
544 1714 724 1778 Praeterea
746 1715 827 1779 istae
850 1733 974 1799 poenae
997 1713 1205 1800 expostulant
1228 1734 1306 1780 sen·

126 1839 255 1901 tentiam
281 1837 558 1904 declarator-tom.

210 1962 266 2026 83.
293 1963 434 2047 Insuper
449 1983 489 2027 ex
507 1965 687 2028 intentione
710 1985 735 2028 s.
753 1983 922 2036 canonum,
940 1964 1144 2028 venationem
1168 1963 1306 2030 clericos

125 2085 297 2160 dedecere,
312 2085 355 2152 'et
378 2089 411 2151 iu
435 2106 557 2173 genere
587 2109 753 2153 armorum
776 2088 986 2169 delationem,
1011 2088 1240 2173 comprobatur
1264 2109 1306 2154 ex

126 2211 218 2277 titulo
233 2211 295 2293 211,
322 2211 375 2278 lib.
399 2212 568 2277 Vllecret.
585 2214 683 2298 Greg.
702 2213 751 2278 lX
775 2214 947 2296 inscripto:
967 2213 1048 2278 «De
1064 2213 1184 2280 clerico
1207 2199 1306 2278 ueno-

125 2342 193 2402 tore
209 2359 240 2400 ›.
266 2336 352 2411 Quia
375 2339 408 2403 iu
431 2337 495 2403 hoc
517 2339 610 2403 titulo
634 2337 789 2423 gravibus
811 2337 941 2403 indictis
972 2338 1083 2422 poenis
1113 2336 1306 2422 prohibetur

125 2465 261 2544 venatio,
288 2463 352 2527 DD.
377 2465 637 2548 interpretantur
660 2463 908 2550 prohibitionem
925 2467 1073 2547 spectare
1096 2461 1137 2526 ad
1160 2463 1305 2528 venatio·

125 2606 196 2651 nem
208 2590 449 2669 clamorosum,
462 2590 569 2673 prouti
582 2588 679 2654 tiebat
693 2588 799 2653 media
810 2593 927 2661 aetate,
942 2607 1057 2672 nempe
1073 2606 1146 2651 cum
1163 2588 1305 2652 maximo

125 2706 289 2778 armorum
304 2718 471 2798 apparatu,
489 2720 522 2778 et
538 2733 655 2778 canum
671 2719 704 2778 et
719 2713 883 2778 falconum
899 2732 956 2777 seu
972 2712 1174 2796 accipitrum,
1196 2715 1229 2777 et
1244 2713 1306 2777 has

126 2836 312 2900 venationes
328 2835 480 2901 videntur
495 2856 567 2901 esse
582 2855 662 2919 quas
675 2836 812 2901 illicitos
827 2840 924 2900 vocat
941 2833 1028 2898 Trid.
1043 2833 1140 2898 Conc.
1153 2852 1231 2901 sess.
1244 2834 1306 2915 211,

126 2979 199 3042 cop.
216 2960 261 3025 12
283 2960 335 3026 De
349 2959 414 3043 ref.
431 2998 449 3008 -
467 2960 611 3026 Proinde
627 2962 730 3045 ipsum
748 2959 836 3025 Trid.
854 2958 1185 3057 reprobans-illicitos
1207 2978 1305 3025 vena·

126 3086 238 3167 tiones,
256 3086 411 3172 implicite
426 3085 564 3151 admittit
579 3086 692 3152 adesse
707 3086 913 3151 venationem
931 3086 1059 3153 licitam
1076 3104 1134 3149 seu
1146 3084 1307 3170 quietum,

126 3228 219 3291 quam
236 3215 355 3275 vocant
371 3210 447 3283 DD„
463 3231 546 3295 quae
568 3209 605 3274 fit
626 3210 748 3294 absque
770 3211 918 3295 strepitu,
936 3214 969 3275 et
984 3210 1184 3295 potissimum
1207 3211 1306 3275 animi

128 3334 300 3399 recreandi
328 3354 426 3400 causa
451 3333 508 3422 (1).
537 3336 664 3400 Verum
695 3336 791 3399 etiam
815 3336 849 3399 in
872 3334 1007 3401 illicitas
1030 3336 1236 3415 venationes,
1261 3336 1307 3399 uti
1410 3378 1411 3381 κ

130 3456 243 3540 probat
266 3458 388 3525 Bened.
408 3460 493 3526 XIV
517 3460 571 3526 De
587 3458 671 3545 Syn.
687 3460 749 3533 XI,
762 3460 822 3533 -10,
847 3480 881 3524 n.
900 3460 932 3541 9,
949 3459 1044 3525 hodie
1059 3478 1183 3545 poenae
1199 3459 1308 3525 decer-

130 3582 252 3648 nendae
267 3590 344 3649 sunt
358 3584 399 3650 ab
410 3586 580 3671 Episcopis
595 3584 804 3651 arbitrariae
819 3604 880 3669 pro
896 3586 1057 3669 gravitate
1069 3583 1305 3657 adiuncturum,

128 3710 202 3789 quia
211 3727 337 3794 poenae
348 3714 497 3776 veterum
510 3730 670 3775 canonum
681 3709 877 3774 obsolevisse
891 3708 1046 3774 dicendae
1059 3714 1144 3773 sunt.
1157 3709 1308 3793 Episcopi

129 3837 235 3896 auum
258 3854 378 3899 cavere
401 3833 520 3900 debent
543 3854 583 3899 ne
600 3834 696 3899 facile
716 3839 831 3899 contra
854 3838 1028 3898 venatores
1053 3832 1190 3897 clericos
1212 3830 1309 3895 edant

129 3976 283 4022 censuras
306 3960 364 4023 lat.
387 3964 489 4043 seat,⁸
513 3961 557 4024 ita
580 3960 707 4024 censuit
730 3959 761 4024 S.
787 3959 887 4043 Gong.
913 3957 1034 4023 Concil.
1059 3958 1091 4020 in
1116 3953 1306 4031 alsaciensi,

132 4081 173 4143 16
195 4080 312 4147 Martii
333 4084 450 4168 1622,-
464 4086 498 4150 in
514 4084 708 4171 Eupubino,
724 4083 768 4149 16
788 4082 994 4165 ran.1596,·
1018 4087 1050 4146 et
1073 4082 1107 4145 in
1130 4080 1203 4144 aliis
1225 4081 1309 4146 casi-

218 4258 257 4326 (l)
275 4258 465 4315 Nihilominus
477 4260 547 4316 haec
559 4265 639 4315 notat
651 4261 737 4314 Divus
747 4259 925 4314 Hierouimus
937 4258 966 4311 iu
980 4258 1024 4311 Ps.
1035 4256 1079 4322 90,
1093 4255 1185 4312 relato
1198 4275 1259 4311 con.
1269 4258 1309 4323 11,

132 4363 195 4415 dist.
212 4365 265 4418 86:
283 4384 299 4418 c
319 4367 394 4421 Esau
418 4372 538 4423 venator
563 4372 632 4422 erat.
652 4366 689 4421 Iit
708 4368 821 4437 penitus
845 4381 901 4420 non
926 4364 1084 4420 invenimus
1109 4364 1140 4421 in
1158 4364 1310 4436 Scripturis

133 4470 241 4539 sanctis,
258 4478 384 4529 sanctum
403 4474 526 4546 aliquem
545 4479 722 4530 venatorem:
742 4474 894 4543 piscatores
913 4472 1070 4527 invenimus
1088 4476 1237 4529 sanctos».
