3350 5100
179 102 281 187 ἢν.

482 323 527 372 na
550 323 690 372 runicus
713 323 957 374 caruissemus
1241 305 1308 372 243

135 449 289 514 intanta
315 454 365 514 est
387 449 580 514 exercitium
607 449 687 514 iuris
710 447 795 531 quod
821 450 855 514 in
886 449 1013 514 actione
1039 450 1235 530 continetur,
1263 449 1308 516 ita

136 573 238 638 cadem
259 572 423 638 distinctio
449 571 645 638 observatur
666 574 699 639 iu
722 591 762 638 re
784 572 969 639 criminati.
994 572 1136 639 Proinde
1161 571 1304 640 definitio

133 700 349 768 accusationis.
373 717 456 782 quae
482 699 601 784 passim
629 717 650 762 a
679 699 855 762 canonistis
885 699 930 764 ita
956 697 1154 784 concipitur,
1182 696 1307 782 (Pelle-

135 823 214 905 griui
235 822 296 887 toc.
313 821 367 888 cit.
392 819 478 888 Sect.
499 822 562 886 ΙΙΙ
580 841 614 886 n.
631 820 662 902 l)
685 840 810 906 nempe.
833 821 997 886 accusatio
1020 827 1068 886 ast
1091 821 1214 888 delatio
1239 822 1308 888 ati·

133 946 226 1012 cana
245 947 400 1012 miminis
418 947 466 1012 ad
487 946 672 1012 vindictam
690 945 868 1029 publicam
892 945 1042 1032 tepitima
1058 945 1302 1014 interueniente

131 1069 380 1152 subsciptione,
405 1090 471 1135 non
493 1075 543 1136 est
565 1069 708 1137 definitio
730 1070 955 1144 accusationis,
977 1091 1040 1155 qua
1064 1075 1114 1136 est
1133 1071 1231 1152 actio,
1249 1071 1306 1138 sed

132 1213 191 1275 qua
205 1201 254 1259 est
267 1193 442 1259 instantia.
457 1229 476 1244 ·
493 1195 644 1260 Praestat
659 1194 814 1260 eiusmodi
831 1194 1069 1262 distinctionem
1086 1167 1225 1260 innuero
1242 1215 1306 1262 non

134 1323 249 1384 tantum
273 1323 384 1404 utpote
408 1318 655 1405 respondentem
684 1321 876 1406 proprietati
901 1325 1128 1403 conceptuum.
1154 1319 1210 1386 sed
1241 1341 1304 1385 ma·

134 1445 216 1508 xime
246 1445 364 1528 quippe
390 1443 592 1526 practicam.
617 1445 699 1510 Nam
729 1446 763 1508 in
786 1463 939 1528 processu
963 1463 1044 1529 pure
1070 1445 1301 1520 accusatorio,

132 1566 289 1632 instantia
305 1569 419 1651 incipit
440 1567 481 1632 ab
503 1568 575 1652 ipsa
594 1566 816 1651 inscriptione
833 1568 1044 1634 accusatoris.
1062 1602 1079 1616 -
1099 1568 1137 1632 In
1153 1587 1307 1652 processu

134 1710 217 1756 mere
237 1691 434 1776 inquisitiva
464 1692 577 1776 incipit
606 1711 627 1754 a
649 1691 889 1758 contestatione
915 1691 1080 1764 criminis,
1105 1710 1199 1774 quam
1226 1691 1307 1758 iacit

134 1815 225 1882 iudex
238 1818 299 1900 ipsi
315 1836 374 1881 reo
390 1822 567 1900 postquam.
582 1815 700 1881 auditis
715 1816 850 1882 testibus
866 1835 925 1900 pro
942 1816 1169 1882 informatione
1189 1818 1300 1882 curiae

132 1946 162 2002 et
188 1940 259 2005 aliis
290 1940 460 2023 exquisitis
492 1937 752 2024 probationibus,
780 1939 922 2023 concipit
950 1943 1058 2003 actum
1089 1939 1305 2004 accusationis

132 2062 282 2129 adversus
298 2084 400 2135 reum,
417 2062 637 2146 eumdemque,
659 2054 756 2128 factis
770 2061 1087 2158 interrogationibus,
1104 2061 1305 2148 respondere

134 2185 223 2252 iubet.
238 2189 331 2253 Tunc
354 2207 397 2252 ex
419 2185 682 2272 responsionibus
704 2187 753 2252 rei
776 2185 1070 2253 contradicentibus
1094 2187 1303 2260 accusationi,

132 2317 164 2376 at
179 2311 333 2384 eamdem,
349 2310 464 2376 saltem
488 2310 596 2395 plene,
620 2329 685 2374 non
709 2277 912 2391 diluentibus,
929 2311 1093 2374 enascitur
1114 2311 1306 2376 contestatio

132 2439 164 2496 et
182 2433 365 2500 iactantiae
386 2433 570 2500 inchoatio.

215 2559 359 2625 Proinde
374 2577 435 2645 per
449 2558 685 2643 inquisitionem
700 2560 753 2625 vel
767 2560 1048 2643 specialissimam
1073 2578 1138 2625 non
1161 2560 1303 2626 habetur

132 2683 291 2750 iactantia
313 2685 521 2759 crineinatis,
545 2705 710 2769 quousque
737 2687 887 2769 incoepta
917 2686 1048 2749 nonsit
1078 2686 1243 2751 accusatio
1275 2686 1307 2750 in

133 2808 377 2895 delinquentem.
396 2846 414 2859 -
432 2812 515 2875 Item
530 2812 564 2876 in
579 2830 731 2896 processu
746 2811 856 2877 miato
873 2830 937 2875 non
953 2810 1125 2875 inchoatur
1140 2810 1304 2877 instantia

133 2954 293 3021 quousque
322 2941 490 3022 promotor
513 2934 581 3003 fisa.
607 2957 671 3003 non
702 2941 902 3003 contestatur
928 2937 1180 3001 accusationem.
1209 2972 1226 2985 -
1254 2937 1308 3001 In·

133 3061 246 3127 choata
268 3061 369 3126 semel
385 3061 547 3133 instantia,
564 3061 647 3127 haec
661 3059 757 3128 debet
774 3061 826 3125 rel
840 3060 1041 3127 absolutione
1061 3062 1119 3141 roi,
1137 3062 1164 3125 si
1183 3080 1248 3126 non
1268 3062 1309 3126 ab

133 3185 345 3253 acaaaiione
358 3186 472 3250 saltem
488 3184 531 3252 ab
548 3184 780 3252 obseruatione
795 3184 987 3259 instantiae,
1001 3184 1149 3269 expediri
1166 3186 1218 3249 vel
1235 3206 1308 3251 con·

136 3308 343 3376 damnatione.
369 3346 384 3358 ·
408 3311 574 3375 Econtra
601 3310 740 3394 simplex
769 3310 942 3393 inquisitio,
966 3310 1019 3374 vel
1042 3310 1307 3392 specialissima,

135 3453 294 3520 quousque
316 3434 405 3501 facta
427 3455 494 3499 non
517 3440 567 3501 est
589 3434 815 3501 concanae
839 3434 1031 3501 contestatio
1055 3434 1108 3499 rel
1133 3437 1314 3517 assumitur

136 3558 183 3621 rel
196 3559 422 3623 intermittitur
444 3558 499 3623 vel
515 3559 633 3624 iterum
657 3558 858 3622 instauratur
882 3577 924 3622 ex
940 3556 1071 3623 decreto
1090 3556 1204 3623 iudicis
1220 3563 1252 3639 et
1268 3557 1308 3621 ad

137 3680 314 3747 instantiam
339 3683 534 3766 promotoris
556 3679 636 3747 fisci.

219 3806 296 3871 181.
319 3804 490 3872 Obiectum
506 3804 614 3871 iudicii
628 3803 816 3890 inquiritioi
840 3811 873 3869 et
895 3804 1098 3871 acaaarortt
1115 3810 1190 3870 sunt
1212 3808 1308 3871 actio·

137 3946 190 3993 nco
209 3930 396 3995 criminales
411 3935 446 3995 et
461 3928 579 3995 exinde
595 3931 665 4014 ipsa
686 3930 835 3994 crimina.
860 3927 940 3994 Inde
964 3930 1121 4014 explicari
1138 3928 1233 3995 debet
1248 3931 1308 3997 sub

136 4070 267 4134 quanam
282 4054 410 4117 ratione
432 4072 604 4138 processus
622 4051 836 4137 inquisitione
852 4059 885 4116 et
900 4052 1134 4119 accusatorias
1155 4072 1310 4119 exercea-

138 4178 186 4236 tur
205 4178 312 4249 etiam,
330 4177 364 4241 in
386 4174 459 4240 foro
483 4174 611 4247 eccles..
628 4176 718 4239 circa
740 4177 814 4239 iura
832 4174 1022 4261 spiritualia.
1047 4174 1149 4239 veluti
1172 4174 1212 4241 ad
1236 4174 1309 4242 defl-

138 4300 264 4367 niendas
287 4321 403 4367 causas
426 4269 688 4381 matrimoniales,
704 4302 796 4365 iuxta
818 4299 992 4366 rubricam.
1015 4300 1113 4371 «Qui
1136 4304 1309 4371 matrimo-

139 4422 228 4490 nium
239 4444 404 4493 accusare
411 4430 556 4508 possunt
570 4428 622 4491 oet
638 4430 759 4491 contra
773 4426 859 4491 iliad
877 4426 1047 4511 testificari
1065 4447 1083 4489 a
1101 4427 1134 4491 X
1150 4427 1223 4513 (lV.
1245 4430 1307 4513 18).
