3350 5100
559 906 870 999 Annmenuum
902 906 963 1000 V.

401 1155 600 1217 Documenta
626 1170 687 1231 pro
710 1169 868 1229 processu
891 1157 999 1213 statne
1021 1151 1120 1212 liberi

512 1269 556 1330 ad
576 1268 812 1330 matrimonium
839 1266 1011 1328 ineundum

174 1742 374 1791 INSTRUOTIO
398 1706 473 1791 S-IU·
499 1739 750 1795 moulsmorels,
775 1739 870 1788 iussu
893 1738 1085 1786 cbssmuurls
1107 1739 1131 1785 X
1155 1738 1352 1787 umbraticus

263 1866 418 1914 Locorum
433 1840 591 1919 Atllsouu
607 1864 849 1927 recusaturus,
866 1862 932 1918 Qua
948 1863 1113 1911 UTAN'I'UR
1124 1863 1168 1910 AD
1185 1863 1352 1913 Luelrllffl

263 1990 529 2038 COGNOSGENDUM
547 1986 870 2042 Aonssrrureuumouu
892 1988 1027 2036 STATUM
1051 1988 1201 2037 LIBRRUM
1225 1987 1354 2044 EORUM,

264 2110 322 2166 QUI
345 2097 590 2161 maraimoulu'm
617 2112 842 2161 CONTRAHERE
865 2111 1003 2159 vamur.

264 2326 441 2381 «Decretum
459 2330 620 2381 emanatum
638 2326 909 2395 incongregatione
928 2324 1054 2395 generali
1074 2323 1194 2379 Sanctae
1213 2323 1357 2379 Romanae

176 2436 206 2488 et
224 2432 400 2489 Universalis
424 2433 616 2505 Inquisitionis
641 2431 739 2487 habita
762 2432 792 2486 in
818 2431 929 2486 Palatio
954 2429 1118 2501 Apostolico
1141 2431 1248 2486 Montis
1265 2430 1357 2493 Quiri-

176 2539 249 2594 nalis
261 2555 354 2594 coram
368 2537 548 2592 Sanctissimo
559 2536 675 2592 Domino
686 2535 787 2592 Nostro
797 2536 942 2592 Clemente
951 2536 1046 2624 divina
1055 2534 1232 2618 providentia
1242 2537 1319 2607 Papa
1327 2537 1355 2592 X

176 2663 209 2702 ac
222 2645 456 2700 Eminentiasimis
475 2650 504 2700 et
518 2643 768 2722 Reverendissimis
781 2643 906 2698 Dominis
918 2644 945 2698 S.
959 2645 993 2698 R.
1006 2643 1150 2700 Ecclesiae
1162 2644 1357 2700 Cardinalibus

177 2754 207 2808 in
219 2757 279 2808 tota
291 2751 434 2822 republica
446 2751 600 2806 christiane
609 2756 708 2806 contra
716 2750 887 2806 haereticam
901 2751 1068 2820 pravitatem
1078 2751 1360 2823 generalibue'inqui·
1407 2762 1416 2791 ⁸

178 2859 310 2912 sitoribus
329 2875 346 2912 a
363 2863 461 2912 sarrcta
479 2855 549 2912 Sede
568 2855 731 2926 Apostolica
749 2857 910 2927 specialiter
925 2857 1073 2928 deputatis.

553 3033 642 3087 Faria
667 3032 751 3086 Velie
771 3033 849 3086 XXI
865 3034 987 3102 Augusti

682 3138 860 3193 MDCLXX.

269 3294 286 3336 a
298 3280 368 3334 Cum
386 3280 457 3335 alias
469 3297 518 3350 per
531 3280 644 3335 Sacram
658 3281 911 3352 congregationem
924 3282 951 3336 S.
965 3282 1054 3337 Officii
1073 3283 1183 3338 iteratis
1201 3283 1363 3340 instructio-

180 3387 262 3442 nibus
280 3387 316 3441 ab
334 3386 431 3442 eadem
450 3387 587 3442 emanatis
605 3386 638 3442 de
656 3404 729 3442 enno
748 3403 881 3442 uncnvur
899 3391 930 3444 et
948 3404 1063 3444 uncnxv
1082 3388 1262 3461 locorumque
1281 3388 1361 3442 Ordi-

181 3494 268 3550 narlis
284 3494 463 3560 transmissis,
477 3494 618 3564 provisum
631 3495 717 3551 fuerit
735 3500 767 3551 ut
786 3496 965 3565 praescriptis
984 3495 1210 3567 interrogator-iis
1227 3496 1364 3552 iaciendis

181 3603 315 3669 testibus,
333 3602 381 3673 qui
400 3599 435 3655 ad
453 3602 625 3671 probandum
643 3607 749 3658 statum
766 3602 887 3659 liberum
909 3601 1134 3660 contrahentium
1153 3603 1363 3659 matrimonium

182 3709 359 3775 inducuntur,
372 3709 461 3762 omnis
473 3725 586 3779 prorsus
604 3709 794 3765 secluderetur
807 3708 900 3764 aditus
912 3710 956 3776 iis,
968 3710 1025 3781 qui,
1038 3709 1128 3764 adhuc
1140 3710 1254 3766 vivente
1272 3709 1364 3766 altero

183 3815 312 3884 coniuge,
330 3817 380 3868 aut
398 3814 469 3869 alias
487 3815 630 3885 impediti,
648 3815 683 3870 ad
701 3816 823 3871 secunda
841 3816 943 3871 illicite
958 3820 1026 3871 rota
1044 3817 1165 3872 transire
1182 3817 1368 3886 satagebantj¹

184 3921 280 3976 videns
291 3918 473 3976 nihilominus
486 3918 586 3976 SSffius
599 3922 732 3992 Dominus
744 3920 846 3976 Noster
858 3921 1037 3994 quamplures
1055 3921 1181 3992 locorum
1194 3922 1369 3987 ordinarios„
1457 3993 1460 3998 ⁷

184 4027 229 4084 vel
248 4044 344 4082 eorum
364 4027 490 4084 Vicarios
509 4035 539 4085 et
554 4029 704 4099 deputatos
723 4029 756 4083 ad
775 4029 953 4099 excipiendas
968 4031 1083 4085 testium
1101 4030 1297 4101 depositiones.
1312 4047 1367 4086 nec

185 4154 240 4192 non
259 4136 400 4191 Parochos
418 4142 447 4192 et
461 4134 601 4206 tioterici,
614 4137 643 4190 in
657 4137 767 4192 casibus
779 4138 918 4208 expressis
930 4143 980 4192 aut
991 4138 1123 4194 omittere
1135 4142 1185 4193 aut
1197 4155 1253 4192 non
1271 4140 1366 4194 obser·

185 4257 253 4295 vare
270 4240 430 4296 earumdem
442 4240 658 4298 instructionum
672 4245 807 4308 tenorem,
820 4247 850 4297 et
862 4241 931 4297 licet
947 4241 1098 4313 aliquando
1110 4240 1194 4314 plene
1206 4245 1365 4309 observent,

185 4364 242 4402 non
260 4353 354 4403 nmen
373 4347 548 4416 interrogare
567 4351 654 4402 testes
672 4365 755 4418 super
773 4346 1060 4422 aliisimpedimentis
1078 4347 1281 4422 dirimentibus.
1365 4382 1369 4388 ‹

261 4509 321 4564 Soc.
342 4507 428 4577 Lapa,
447 4506 508 4561 Lib.
527 4506 560 4572 11,
578 4506 633 4562 vol.
652 4507 697 4560 iv.
1259 4505 1296 4560 39
