3350 5100
500 315 545 363 na
568 314 722 364 nemoris
743 315 788 362 ar
812 311 931 362 roaurs
1241 293 1307 358 113

133 439 236 506 officiis
251 444 285 505 in
302 447 468 526 posterum
481 438 669 513 reddantur,
682 439 786 504 donec
798 442 871 524 post
882 436 1086 502 manifestam
1098 438 1185 502 vitae
1201 456 1308 502 emen·

134 566 287 630 dationem
310 566 353 631 ab
374 585 487 630 eorum
503 562 725 650 superioribus
739 583 813 628 oum
829 563 887 635 eis,
904 582 947 627 ex
962 580 1071 642 causa,
1087 561 1190 626 visum
1206 561 1309 628 luerit

133 689 374 775 dispensandum
391 711 422 754 a.
439 689 511 754 Hae
525 696 650 775 poenae
666 689 858 773 privationis
874 693 906 752 et
921 685 1132 752 inhabilitatis
1147 690 1222 751 sunt
1239 684 1305 768 ser.

123 788 204 880 ⁴seat.
227 817 276 881 uti
299 820 389 900 patet
411 833 455 878 ex
477 819 650 888 contextu,
675 817 710 878 et
731 810 836 877 danda
867 831 933 876 non
965 815 1014 878 est
1044 812 1206 876 sententia
1228 829 1305 876 oon-

132 937 334 1012 deunamria
350 939 412 1003 nisi
431 939 609 1022 praemissa
631 936 815 1004 monitione
839 954 931 1018 quae,
949 953 1013 1000 non
1030 953 1124 1000 secus
1147 953 1187 1000 ac
1210 933 1305 1016 aliae,

131 1067 179 1126 aut
201 1062 296 1128 trinu
317 1068 375 1128 aut
395 1081 470 1126 aaa
491 1060 724 1144 peremptoria
746 1078 817 1124 esse
841 1057 945 1124 debet.

211 1187 358 1269 Denique
381 1187 408 1251 si
434 1188 514 1252 istae
537 1203 662 1270 poenae
692 1202 757 1247 non
788 1182 937 1248 referant
965 1182 1127 1255 fructum,
1151 1185 1209 1249 aut
1230 1201 1305 1248 cor·

132 1310 262 1374 rectioni
285 1309 392 1374 statim
415 1313 570 1392 sequatur
593 1307 745 1391 relapsus.
761 1306 795 1370 in
819 1307 904 1372 idem
927 1306 1062 1378 crimen,
1079 1303 1168 1372 iubet
1191 1305 1304 1372 Conci·

133 1430 202 1495 lium
228 1429 464 1496 deveniendum
487 1451 559 1496 esse
581 1447 740 1495 censurae
763 1428 1118 1501 excommunicationis,
1143 1447 1225 1511 quae
1256 1431 1306 1493 est

133 1553 188 1634 ser.
211 1559 305 1628 seat,
329 1573 475 1639 quaeque
494 1552 737 1620 monitionibus
760 1557 794 1617 et
816 1553 886 1636 ipsa
908 1553 1130 1636 praenuntiari
1154 1549 1258 1618 debet.

215 1679 349 1743 Domum
372 1677 547 1744 advertere
569 1683 724 1764 praestat,
747 1677 807 1742 has
829 1696 950 1762 poenas
972 1676 1040 1760 scr.
1055 1681 1138 1742 seat.
1158 1676 1305 1760 aliquan-

134 1804 233 1888 tisper,
249 1805 342 1868 iuxta
356 1803 551 1888 principium
566 1803 763 1888 explicatum
779 1801 855 1866 Vol.
872 1802 934 1875 Ill,
951 1821 985 1868 n.
998 1801 1041 1867 75
1056 1821 1150 1886 posse
1166 1801 1304 1868 emolliri

134 1946 151 1990 a
165 1929 268 1993 iudice
283 1927 460 2009 ordinario,
477 1929 531 2011 qui
555 1947 609 1992 ex.
624 1947 656 2012 g.
681 1927 714 1992 iu
738 1925 945 1992 decernenda
958 1928 1139 2012 privatione
1156 1924 1303 1993 beneficii

134 2059 228 2135 potest
249 2053 415 2118 abstinere
438 2072 459 2116 a
481 2053 664 2138 privatione
689 2053 870 2137 pensionis,
895 2069 936 2116 ne
961 2070 1036 2116 reus
1059 2050 1100 2116 ad
1124 2057 1303 2118 extremam
1340 2141 1344 2150 Ι

134 2175 262 2262 inopiam
286 2177 448 2250 redactus,
472 2177 506 2240 in
528 2174 724 2262 profundum
747 2176 905 2239 malorum
929 2175 1058 2248 labatur
1081 2195 1154 2241 cum
1181 2178 1304 2242 maiore

135 2299 308 2367 discrimine
331 2303 494 2369 societatis
524 2301 706 2386 religiosae.
731 2303 812 2366 Item
835 2298 1006 2366 dicendum
1030 2306 1088 2373 est,
1113 2321 1172 2386 pro
1196 2300 1304 2366 indole

135 2445 255 2508 menae,
279 2427 385 2493 relate
408 2426 449 2492 ad
474 2447 610 2512 poenam
633 2427 985 2490 excommunicationis.

211 2552 243 2637 3)
266 2554 314 2617 De
346 2553 445 2618 tertia
477 2554 581 2617 classe
612 2551 818 2632 clericorum,
850 2570 966 2636 nempe
989 2552 1022 2616 in
1046 2529 1184 2617 clericos
1207 2550 1302 2615 bene-

136 2660 199 2737 ficia
219 2682 332 2740 curata
354 2676 522 2749 habentes,
536 2674 752 2741 diversimode
775 2696 833 2739 seu
855 2674 1046 2762 expeditius,
1063 2674 1151 2739 iubet
1169 2675 1302 2760 procedi

137 2796 244 2864 Conoil
268 2801 356 2867 Trid.
380 2820 460 2867 sess.
484 2802 538 2873 21,
559 2820 633 2884 cap.
651 2800 684 2879 6,
708 2799 758 2864 De
780 2799 944 2881 reform.;
966 2798 1118 2865 videlicet
1139 2799 1303 2883 parochos

137 2928 220 2987 antea
240 2926 303 2989 rite
325 2927 561 3010 praemonitos,
585 2921 783 2989 coercendos
807 2928 839 2987 et
863 2922 1067 3007 castigandos
1096 2940 1167 2987 esse
1189 2924 1302 3009 poenis

137 3044 325 3121 adcanto,
350 3048 450 3114 veluti
473 3046 735 3133 suspensionibus
758 3052 815 3110 aut
836 3047 1018 3131 privatione
1041 3045 1176 3113 alicuius
1199 3048 1302 3132 partis
1412 3124 1414 3131 Ι

135 3166 299 3248 fructuum3
316 3192 399 3256 quae
414 3173 523 3237 omnia
537 3171 563 3235 si
582 3190 713 3235 reorum
726 3170 984 3238 emendationem
996 3191 1060 3237 non
1076 3177 1300 3257 assequantur,

136 3290 168 3355 ad
181 3296 391 3377 privationem
407 3293 639 3361 beneficiorum
663 3293 897 3359 deveniendum
921 3298 979 3367 est,
1001 3314 1062 3360 ceu
1084 3296 1197 3360 statuit
1212 3294 1299 3360 Trid.

136 3417 220 3485 Conc.
236 3421 258 3484 t.
274 3442 302 3487 e.
322 3443 340 3483 ‹
357 3424 385 3485 si
400 3420 507 3485 adhuc
529 3420 767 3504 incorrigibiles
786 3421 820 3484 in
835 3438 893 3484 sua
915 3420 1058 3504 nequitia
1076 3428 1300 3505 perseverent,

137 3558 181 3605 eos
200 3541 364 3609 beneficiis
386 3544 486 3611 iacta
509 3563 690 3610 sacrorum
713 3562 883 3609 canonum
907 3543 1166 3617 constitutiones,
1189 3564 1300 3609 exem-

136 3668 231 3747 ptione
257 3674 290 3733 et
311 3668 528 3753 appellatione
559 3686 759 3751 quacumque
782 3671 924 3739 remota,
949 3667 1130 3751 (Episcopi)
1153 3667 1300 3751 privandi

135 3790 307 3859 iaodtatem
323 3792 466 3859 babeant
482 3816 513 3857 s.
538 3794 695 3857 Nimirum
719 3793 858 3878 privatio
874 3792 1079 3857 decernenda
1099 3798 1147 3857 est
1167 3792 1300 3875 praeha-

136 3910 197 3979 bitis
217 3916 452 3989 monitionibus,
469 3922 503 3981 et
517 3918 663 4002 exceptis
678 3915 920 4001 probationibus
936 3915 1136 3981 iudicialibus
1151 3936 1211 4001 per
1226 3936 1302 4001 pro-

138 4056 248 4105 cessum
261 4048 370 4107 tamen
393 4041 632 4112 summarium,
649 4044 758 4124 prouti
780 4040 910 4105 edicunt
932 4058 1110 4106 sacromm
1129 4060 1301 4107 canonum

139 4163 370 4231 constitutiones
375 4184 391 4248 ,·
414 4171 446 4229 et
468 4164 533 4229 buo
556 4169 683 4250 spectat
702 4166 823 4230 iussum
840 4164 961 4229 Conoil.
979 4162 1067 4227 Trid.
1083 4182 1162 4230 sess.
1179 4164 1229 4230 25
1246 4165 1298 4231 eit.

137 4304 199 4368 cap.
221 4288 271 4370 14,
294 4309 357 4373 quo
386 4290 587 4375 praecipitur
609 4290 794 4374 Episcopis,
818 4296 854 4354 ut
876 4290 937 4374 ipsi
967 4288 1147 4375 procedant
1181 4308 1199 4353 t
1226 4290 1302 4355 siae

136 4412 323 4494 strepitust
350 4416 465 4500 sipara
488 4414 621 4494 iudicii,
644 4419 683 4505 et.
705 4414 779 4480 soto
807 4413 892 4497 facti
920 4414 1061 4481 veritate
1092 4414 1241 4498 inspecta
1267 4437 1298 4479 ».

231 4537 288 4590 Suo.
308 4536 388 4607 Lapa
1173 4536 1189 4589 8
