3350 5100
349 271 440 339 ,190
888 291 972 338 rans
1004 291 1039 337 11.

373 414 479 477 causis
509 412 684 477 levioribus
715 412 828 495 quibus
859 415 967 498 agitur
990 413 1032 478 de
1051 414 1180 496 plono,·
1205 411 1361 496 siquidem
1388 411 1555 476 «leuiore

373 537 521 602 nimina
540 537 663 627 audue
677 543 709 602 et
724 537 891 603 discutere
907 539 948 604 de
972 557 1080 604 russo
1102 541 1344 621 proconsulem
1360 543 1518 620 oportere
1535 559 1552 600 »

373 662 484 726 statuit
507 663 527 727 l.
553 661 584 733 6,
608 663 643 744 ff.
669 661 701 725 lt.
728 666 748 725 l.
1226 744 1228 749 .

463 787 586 852 Libello
608 787 799 872 apponenda
826 793 875 852 est
898 789 1097 853 accusatoris
1123 787 1341 870 subscriptio,
1366 788 1457 852 euius
1480 805 1553 871 gra-

373 914 520 976 vissimus
544 918 592 978 est
615 909 767 986 effectus;
800 910 1059 995 quandoquidem
1082 921 1273 992 accusator,
1299 915 1328 976 vi
1357 913 1452 976 huius
1475 911 1554 976 sub-

372 1037 568 1119 scriptionis
578 1057 635 1102 seu
648 1038 890 1120 inscriptionis,
903 1057 1019 1121 nempe
1036 1039 1134 1122 ipsius
1147 1038 1258 1108 libelli.
1272 1059 1341 1124 arg.
1356 1039 1377 1102 l.
1391 1036 1424 1108 3.
1436 1039 1472 1121 ff.
1487 1038 1516 1101 lt.
1533 1043 1552 1100 t.
1635 1037 1636 1120 f

373 1161 526 1244 spondet,
550 1179 586 1226 se
617 1162 649 1224 in
682 1161 798 1225 iudicio
830 1161 1038 1245 probaturum
1071 1181 1141 1224 esse
1173 1163 1297 1226 crimen
1325 1161 1364 1225 ad
1388 1182 1554 1248 congruae

373 1304 497 1370 poenae
531 1286 778 1371 applicationem
813 1286 846 1348 iu
877 1290 1079 1366 accusatum,
1108 1286 1166 1350 sub
1198 1305 1301 1371 poena
1332 1287 1467 1352 talionis
1496 1307 1553 1351 seu

372 1410 557 1493 reciproci,
597 1430 712 1495 nempe
751 1409 809 1475 sub
848 1410 1031 1476 straditione
1072 1431 1136 1474 non
1168 1411 1331 1475 dissimilis
1368 1410 1552 1476 subeundae

372 1555 496 1619 poenae
522 1534 562 1598 ab
586 1541 795 1604 accusatore,
823 1537 849 1599 si
875 1536 929 1600 hic
952 1537 983 1598 in
1009 1534 1174 1619 probando
1201 1534 1344 1603 aeficiat:
1369 1556 1437 1622 arg.
1465 1538 1497 1601 ll.
1519 1535 1552 1609 3,
1635 1533 1636 1536 ’

372 1659 445 1740 52,
469 1665 502 1722 et
525 1659 557 1731 7,
581 1659 604 1740 ἓ
626 1660 710 1742 tff.
736 1659 767 1722 b.
794 1665 813 1749 t.
847 1659 949 1733 Quam
976 1661 1082 1744 legem
1114 1661 1270 1743 taliceio,
1297 1681 1354 1725 seu
1385 1661 1556 1744 reciproci

374 1787 406 1848 iu
435 1785 648 1869 propositum,
676 1788 807 1870 excepit
832 1787 881 1850 ius
912 1788 1117 1862 cununicum3
1146 1807 1218 1871 arg.
1246 1807 1272 1853 c.
1291 1809 1316 1854 c.
1342 1789 1375 1859 5,
1401 1787 1450 1852 De
1471 1807 1554 1870 pro·
1635 1797 1636 1878 ζ

373 1917 480 1974 curat.
497 1910 531 1972 X
553 1908 591 1992 (Ι,
608 1909 665 1993 38)
681 1915 714 1974 et
737 1911 789 1990 14,
808 1911 857 1978 16.
874 1911 924 1974 et
948 1911 977 1974 lt.
998 1917 1017 1974 l.
1036 1912 1069 1975 X
1089 1912 1147 1989 (V.
1170 1913 1209 1996 Ι),
1232 1912 1288 1976 sed
1312 1913 1424 1976 morali
1450 1912 1553 1979 modo.
1635 1953 1636 2004 3

373 2055 437 2098 nou
461 2035 673 2100 materialiter
696 2035 778 2100 haec
802 2055 905 2118 poena
929 2037 1063 2102 talionis
1088 2039 1271 2102 executioni
1296 2037 1370 2103 data
1396 2038 1459 2104 luit
1481 2037 1554 2102 loro

373 2154 489 2220 eccles.
515 2158 560 2220 uti
583 2157 649 2221 late
671 2156 787 2241 probat
808 2159 913 2222 Bouix
937 2160 957 2223 l.
982 2161 1034 2224 cit.
1056 2179 1092 2242 p.
1116 2161 1169 2225 20
1192 2179 1260 2244 seq.
1279 2195 1296 2208 -
1322 2159 1447 2224 Verum
1471 2160 1553 2224 haec

372 2283 522 2366 persequi
546 2301 610 2344 uon
633 2288 779 2365 praestat
801 2284 919 2366 quippe
941 2283 981 2348 ad
1005 2284 1172 2348 historiam
1199 2286 1373 2369 pertinent,

462 2405 611 2471 Getarum
627 2405 667 2470 ad
683 2407 842 2471 arcendos
854 2407 1113 2480 calumniatores,
1129 2429 1284 2474 concessa
1299 2409 1431 2475 actione
1444 2427 1553 2491 popu·
1635 2401 1636 2462 i

322 2561 325 2569 ·
374 2530 443 2596 lori
469 2532 650 2604 crincinali,
675 2535 822 2597 severius
848 2532 1007 2618 agendum
1033 2537 1160 2600 eratin
1186 2556 1250 2605 eos,
1276 2533 1554 2619 quidecm'miue
1635 2582 1636 2623 ,

372 2656 508 2721 alterum
530 2660 634 2722 civem
658 2658 824 2743 postulant
847 2658 930 2742 quud
954 2659 1094 2743 probare
1117 2680 1182 2724 non
1209 2661 1328 2725 valent.
1346 2697 1363 2707 -
1386 2660 1459 2724 Huc
1479 2680 1552 2745 spe·
1635 2634 1636 2707 i

371 2785 437 2843 etat
456 2781 568 2846 titulus
584 2782 632 2848 De
651 2782 955 2849 calumniatoribus
971 2785 1168 2867 subsequens
1187 2786 1219 2848 in
1240 2785 1367 2849 Deerat.
1385 2785 1485 2869 Greg.
1504 2785 1554 2849 IX
1635 2776 1636 2857 ἶ

290 2956 292 2960 .
371 2906 463 2969 titulo
487 2906 533 2969 De
556 2906 839 2972 commotionibus.

460 3030 567 3095 Nihilo
590 3033 695 3095 secius
718 3038 889 3097 accusator
912 3034 943 3096 iu
968 3033 1134 3116 probando
1158 3030 1314 3098 deficiens
1339 3033 1479 3099 habetur
1506 3036 1553 3098 uti

371 3152 584 3217 calumniator
615 3160 649 3217 et
677 3174 802 3238 poenae
825 3160 875 3219 est
898 3154 1055 3220 obnoxius
1082 3177 1125 3220 ex
1147 3157 1429 3240 praesumptione
1453 3158 1551 3237 iuris,
1635 3154 1636 3221 i

371 3298 453 3361 quae
470 3278 555 3342 cedit
570 3281 710 3350 veritati.
724 3300 794 3366 arg.
809 3300 884 3363 cop.
897 3282 922 3347 2
935 3283 965 3344 lt.
980 3289 1000 3347 t.
1021 3318 1037 3329 ·
1056 3282 1165 3356 Quare
1182 3284 1207 3347 si
1225 3290 1396 3348 accusatm
1410 3285 1552 3369 probare
1635 3274 1636 3355 i

369 3400 478 3464 valeat
500 3402 628 3472 invicte,
652 3423 687 3466 se
711 3422 883 3468 accusasse
906 3404 990 3468 bona
1013 3402 1083 3477 fide,
1107 3394 1142 3470 ¹et
1166 3426 1230 3469 uon
1256 3426 1298 3471 ex
1323 3406 1427 3492 culpa.
1453 3407 1552 3471 iudex

370 3524 523 3589 eiusmodi
539 3532 760 3591 accusabirem
782 3528 822 3591 ab
839 3530 924 3590 omui
946 3548 1049 3613 poena
1072 3531 1247 3593 immunem
1269 3529 1439 3594 declarare
1455 3530 1552 3595 debet
1635 3540 1636 3619 t

370 3653 403 3712 et
436 3650 532 3713 etiam
566 3649 607 3715 ab
642 3653 794 3734 expensis
830 3650 1014 3716 reficiendis
1049 3654 1083 3715 in
1115 3662 1322 3727 accusatum,
1354 3658 1400 3719 uti
1435 3654 1551 3740 probat

370 3772 567 3859 Sohmalagr.
594 3775 639 3839 tit.
664 3775 714 3839 De
738 3778 886 3841 column.
912 3798 943 3840 n.
962 3778 1012 3842 10.

460 3898 534 3963 135.
561 3900 742 3985 Progressa
767 3903 921 3984 temporis
944 3902 1064 3967 lactum
1089 3908 1156 3983 est,
1181 3912 1216 3968 ut
1242 3905 1331 3969 cives
1358 3901 1549 3990 effugientes

368 4024 591 4106 gravissimum
623 4044 738 4088 munus
769 4027 991 4099 accusatoris,
1022 4032 1089 4089 tum
1125 4048 1203 4091 suae
1231 4030 1449 4093 conscientiae
1481 4034 1547 4093 tum

368 4146 515 4231 privatae
538 4168 577 4211 ac
592 4148 739 4232 publicae
761 4149 890 4215 utilitati
912 4150 1134 4215 consuluerint
1150 4153 1395 4219 denunciantes
1410 4155 1549 4219 crimina
1635 4130 1636 4213 ζ

368 4276 402 4332 et
428 4269 636 4337 criminosos.
668 4271 760 4345 Quae
792 4276 927 4339 mutatio
958 4274 1089 4339 inducta
1119 4282 1169 4340 est
1200 4278 1302 4362 magis
1333 4298 1375 4341 ex
1406 4278 1546 4361 receptis
1635 4272 1636 4351 i

367 4393 519 4459 moribus
542 4414 637 4478 quam
657 4397 743 4482 le9e;
768 4396 809 4461 cf.
829 4399 933 4463 Bouix
957 4397 978 4461 l.
996 4420 1022 4464 c.
1044 4420 1079 4481 p.
1098 4400 1155 4465 to.
1184 4436 1201 4449 -
1227 4401 1451 4468 Denuuoialio
1468 4422 1545 4468 vero
