3350 5100
407 298 410 309 ⁵
531 339 576 386 us
600 337 753 386 usmorrs
777 338 820 385 nr
845 338 967 386 rosum
1317 317 1338 380 7

251 463 280 528 6.
298 464 378 528 Dein
394 463 481 527 iuter
496 481 653 528 excomm.
669 463 870 546 simptiaiter
882 463 922 526 R.
935 463 972 526 P.
986 467 1171 527 reservatas
1186 461 1244 527 sub
1270 481 1302 526 n.
1317 461 1332 524 l

167 587 267 654 Const.
283 588 350 671 Ap.
369 586 447 652 Sed.
466 605 606 652 censura
628 587 757 672 plectit:
777 607 794 648 ‹
870 587 951 652 dem
972 587 1128 653 comtes
1149 587 1201 652 oet
1223 583 1340 666 desen-

167 711 601 796 demertamqaamticitam
609 711 1202 796 pramiminqaireadiapoeniteate
1212 727 1338 776 nomen

166 837 344 920 comptieia,
363 837 482 920 pronti
500 837 667 902 damnata
690 841 737 902 est
760 855 783 902 a
804 836 928 902 Bened.
946 835 1042 916 XIV,
1057 837 1095 900 in
1114 833 1224 908 Cariat.
1242 837 1261 868 ‘⁴
1274 830 1337 898 Sa·

162 981 281 1043 pram
299 959 317 982 ”
342 961 365 1026 9
386 961 469 1027 Iulii
489 959 592 1042 1745,
622 971 641 994 ⁶·
664 959 726 1027 Ubi
749 957 911 1026 Primum
927 957 947 980 '¹
970 959 997 1024 2
1019 959 1101 1025 latii
1126 958 1228 1040 1746,
1245 959 1264 993 “
1280 956 1337 1022 Ad

165 1087 409 1154 eradicandam
426 1084 444 1112 ’'
469 1086 519 1151 28
543 1085 633 1169 Sept.
658 1086 750 1152 1746
766 1109 796 1151 a.

251 1210 300 1274 Re
322 1208 450 1293 quidem
464 1228 546 1274 vera
569 1209 656 1275 Sum.
676 1209 769 1275 Pont
789 1209 868 1274 Ben.
885 1208 969 1273 XIV
985 1213 1152 1292 postquam
1169 1207 1204 1271 in
1226 1203 1338 1270 const.

167 1333 405 1416 ‹Suprema›
431 1333 473 1399 ad
497 1335 666 1400 Lusitanos
695 1333 779 1407 data,
809 1331 1040 1418 improbaverit
1070 1337 1103 1398 et
1135 1329 1339 1417 prohibuerit

164 1457 288 1540 praxim
315 1455 506 1539 exquirendi
529 1475 550 1519 a
572 1457 757 1540 poenitente
781 1474 900 1520 nomen
924 1455 1098 1540 complicis,
1116 1473 1231 1538 nempe
1254 1451 1340 1516 illius

164 1581 213 1664 qui
241 1579 343 1646 fuerit
364 1581 471 1645 socius
491 1580 646 1652 criminis,
667 1582 699 1644 in
723 1581 788 1646 alia
804 1581 912 1647 Consi.
932 1601 950 1644 ‹
973 1579 1036 1646 Ubi
1053 1579 1242 1663 primum»
1261 1596 1337 1641 con-

163 1701 309 1779 demnat,
334 1702 393 1768 sub
417 1723 541 1770 excom.
569 1705 604 1768 P.
629 1709 807 1776 reservata,
832 1703 995 1787 docentes,
1018 1703 1105 1768 hanc
1127 1703 1254 1788 praxim
1277 1720 1339 1765 nec

163 1825 343 1892 damnatam
367 1848 430 1892 uec
453 1827 689 1913 reprobandam
714 1849 801 1904 esse;
826 1827 956 1894 tandem
975 1829 1131 1894 inconst
1151 1825 1242 1892 «Aa
1261 1842 1335 1891 era·

162 1948 388 2014 dicandam
414 1950 577 2023 Pontifex,
604 1956 720 2017 contra
742 1957 915 2016 censentes
938 1952 1024 2017 hauc
1046 1951 1174 2036 praxim
1197 1955 1339 2014 tantum·

162 2073 253 2138 modo
269 2095 330 2158 pro
347 2074 509 2140 Lusitanis
524 2076 729 2162 reprobatam
745 2076 854 2148 fuisse,
871 2076 1029 2149 decernit,
1046 2075 1191 2142 eamdem
1210 2075 1338 2160 praxim

163 2202 195 2265 in
218 2203 326 2287 seipsa
348 2207 381 2268 et
404 2200 520 2286 ubique
535 2203 689 2274 locorum,
707 2208 739 2268 et
755 2201 961 2288 reprobatam
977 2206 1011 2267 et
1025 2201 1207 2266 damnatam
1228 2200 1339 2265 fuisse.

163 2325 469 2393 animadvertatur:

298 2449 329 2536 1)
354 2449 446 2553 Quod
462 2453 495 2515 in
519 2451 582 2516 hoc
604 2451 742 2516 articulo
765 2454 875 2537 agitur
896 2451 936 2517 de
959 2452 1108 2536 complici
1132 2453 1164 2516 in
1188 2470 1338 2534 quocum·

162 2593 222 2656 que
254 2576 402 2648 crimine,
428 2576 460 2637 in
492 2576 654 2661 superiori
684 2576 821 2641 articulo
844 2594 926 2640 vero
956 2575 996 2639 de
1026 2576 1177 2660 complici
1201 2575 1234 2639 in
1264 2592 1338 2658 pec-

163 2702 233 2760 cato
256 2698 356 2780 turpi.

297 2820 334 2899 2)
358 2820 476 2885 Beued.
501 2820 585 2885 XIV
609 2820 773 2885 damnavit
798 2819 952 2887 docentes
977 2821 1100 2887 licitum
1130 2840 1202 2884 esse
1228 2820 1337 2904 exqui-

162 2962 236 3008 rere
253 2962 372 3007 nomen
386 2942 561 3029 complicis,
577 2950 675 3029 atque
691 2963 755 3009 non
771 2944 978 3011 denunciauti
999 2941 1230 3009 absolutionem
1245 2943 1343 3009 dene-

162 3087 260 3152 gare:
285 3073 454 3151 utrumque
477 3069 657 3153 requiritur
679 3068 719 3132 ad
744 3088 881 3154 poenam
904 3067 1110 3134 subeundam.

298 3193 332 3274 3)
356 3192 464 3268 Quare
488 3192 583 3259 hodie
606 3199 730 3259 tantum
754 3194 817 3260 hac
840 3213 979 3260 censura
998 3194 1193 3260 damnantur
1208 3196 1261 3277 qui
1279 3194 1341 3259 hoc

163 3317 304 3399 acceia·
320 3337 384 3382 non
407 3318 581 3383 incurrunt
604 3324 711 3383 autem
734 3338 915 3401 censuram,
932 3321 1078 3403 quamvis
1101 3322 1247 3404 graviter
1265 3338 1339 3403 pec-

163 3448 247 3521 cent,
265 3443 320 3524 qui
334 3442 421 3507 hana
437 3444 566 3525 praxim
584 3447 771 3526 sequuntur.
790 3444 924 3527 Inquam
941 3478 959 3491 -
977 3442 1076 3509 hodie
1093 3461 1130 3518 ·;
1147 3462 1221 3507 nam
1244 3448 1340 3506 autea

163 3582 205 3629 ex
220 3564 330 3631 Coust.
348 3567 401 3632 cit.
421 3587 439 3630 ‹
461 3565 524 3631 Ubi
537 3566 695 3648 primam
711 3586 729 3629 a
748 3566 962 3632 incurrebant
985 3586 1153 3639 excomm„
1170 3568 1203 3630 ln
1218 3566 1340 3650 primis,

163 3921 326 3985 reservate,
339 3923 519 3990 excipiendas
531 3938 644 3992 semper
656 3926 685 3974 in
694 3930 842 3991 posternam
855 3932 881 3975 et
894 3932 1023 3991 exceptos
1034 3924 1175 3976 habendes
1189 3938 1249 3975 esse
1264 3938 1345 3976 casas

164 4036 325 4081 reservatas
336 4030 365 4080 in
380 4028 468 4081 Bulla
482 4030 627 4083 Benedicti
638 4028 726 4082 XIV:
741 4028 953 4083 Sacramentum
972 4028 1161 4083 Paenitentiae
1174 4046 1198 4081 s.
1213 4028 1247 4081 Hi
1263 4046 1344 4082 casus

163 4134 218 4188 duo
237 4138 317 4187 sunt:
340 4136 365 4202 l)
385 4152 464 4189 casus
482 4136 635 4191 sacerdotis
651 4139 810 4191 attentantis
822 4138 1026 4191 absolutionem
1039 4137 1196 4205 complicis3
1216 4135 1244 4203 2)
1264 4153 1345 4189 casus

163 4256 299 4308 personae
317 4241 450 4310 cuiusque
469 4258 552 4295 sexus
570 4243 646 4311 falsa
666 4244 862 4298 denunciantes
879 4243 1052 4297 sacerdotem
1071 4243 1193 4314 aliquem
1212 4244 1247 4296 de
1266 4242 1346 4296 solii·

164 4347 302 4400 auctione.
315 4375 330 4385 -
346 4345 398 4399 Hic
416 4347 553 4401 secandus
573 4365 652 4401 casas
671 4356 714 4403 est
730 4354 888 4403 reservatus
906 4350 1010 4419 absque
1028 4366 1153 4403 censura.
1169 4349 1243 4417 Idem
1257 4348 1344 4402 edixit

163 4450 232 4522 Sup.
251 4450 285 4506 U.
306 4451 325 4504 l.
348 4456 396 4507 die
413 4454 434 4506 4
454 4454 630 4524 Apr.1871.
