3350 5100
322 324 388 390 312
834 342 917 389 enas
950 342 985 387 u.

324 488 358 533 n.
382 467 451 533 139
481 468 518 533 in
544 470 658 550 princ.
684 466 735 532 ubi
767 486 923 552 expresse
951 464 1059 531 firmat
1090 466 1339 531 conclusionem.
1373 467 1499 529 esse‘in

327 590 440 658 iudicis
463 598 622 678 potestate
644 596 742 657 testes
765 610 825 677 pro
850 593 960 657 curiae
983 590 1212 656 informatione
1226 590 1427 655 examinatos
1447 590 1498 653 vel

325 724 486 801 repetere,
503 717 600 781 citato
618 736 683 789 reo,
700 736 772 780 cum
797 716 866 780 eius
883 715 1143 800 interrogatoriis
1158 715 1210 779 vel
1226 716 1273 780 ad
1288 715 1361 781 eins
1375 714 1498 795 faciem

325 840 555 927 confrontare,
588 843 692 928 prouti
724 841 837 906 melius
869 841 1024 927 expedire
1052 840 1212 906 iudicabit.
1239 841 1391 915 -Quare
1422 860 1498 906 con-

320 965 486 1049 frontatio
514 967 658 1030 continet
681 972 814 1052 praeter
840 966 1074 1048 repetitionem
1103 965 1282 1046 emaminis,
1306 964 1401 1030 aliam
1426 984 1499 1028 con·

320 1088 485 1168 ditionem,
503 1111 617 1176 nempe
633 1091 848 1175 praesentiam
873 1092 1024 1161 accusati,
1041 1092 1095 1173 qui
1111 1088 1197 1154 videt
1213 1096 1246 1155 et
1265 1088 1354 1154 audit
1369 1096 1497 1161 testem;

322 1213 397 1279 dnm
424 1216 456 1278 in
486 1214 683 1297 repetitione
706 1213 794 1279 videt
824 1213 1045 1279 tantummodo
1077 1216 1198 1278 iurare.
1223 1212 1265 1276 Et
1293 1214 1500 1297 prosequitur

325 1338 493 1423 explicans
515 1338 601 1404 hanc
625 1341 751 1423 praxim
775 1338 883 1403 multis
906 1337 1052 1403 adductis
1068 1335 1311 1401 auctoritatibus
1329 1337 1421 1401 istam
1445 1332 1498 1399 flr-

326 1462 502 1537 mantibus;
527 1470 559 1528 et
582 1463 744 1528 concludit
768 1464 990 1548 repetitionem
1015 1482 1088 1527 esse
1107 1461 1246 1526 medium
1269 1461 1498 1527 ordinariam.

323 1585 631 1667 confrantatianem
654 1586 984 1652 extraordinarium.
1004 1620 1020 1633 -
1039 1584 1225 1650 Audiendus
1252 1592 1424 1668 praeterea
1451 1592 1498 1648 est

264 1783 267 1790 ¹
323 1710 384 1775 iste
408 1711 526 1774 Dactor
549 1712 601 1794 qui
618 1710 639 1774 l.
657 1711 709 1774 cit.
726 1731 760 1775 n.
777 1710 827 1775 27
845 1710 967 1796 probat.
993 1730 1035 1775 ex
1060 1712 1198 1793 receptis
1214 1708 1363 1781 moribus,
1383 1727 1499 1774 revera

325 1835 616 1901 confrontationem
630 1834 809 1900 habendam
826 1855 897 1901 esse
913 1838 957 1900 uti
975 1836 1151 1900 remedium
1167 1835 1496 1901 entraordinarinm.

324 1957 441 2042 quippe
456 1958 532 2027 reis,
549 1961 584 2021 ut
598 1958 780 2042 plurimum.
797 1957 994 2055 damnosum.
1014 1959 1103 2021 lnter
1122 1958 1186 2020 alia
1209 1964 1401 2041 argumenta
1417 1958 1499 2021 haec

324 2080 429 2145 habet.
451 2102 469 2143 ‹
491 2083 636 2147 Tertium
667 2082 830 2167 estquod
861 2082 902 2149 ab
929 2086 1083 2149 timorem
1115 2087 1146 2147 et
1169 2082 1409 2147 verecundiam
1440 2082 1498 2146 ati-

324 2206 463 2289 qnanda
478 2206 531 2271 rei
552 2226 623 2272 nan
639 2206 721 2273 bene
735 2208 951 2293 interropant
973 2213 1068 2273 testes
1082 2206 1125 2272 de
1139 2206 1342 2292 quibusdam
1359 2208 1498 2272 ciream-

323 2330 457 2394 stantiis
485 2330 532 2394 ad
554 2350 673 2397 eornm
706 2332 938 2414 defensionem
966 2332 1183 2433 facientibus·
1198 2338 1228 2397 et
1258 2334 1307 2398 sia
1335 2332 1437 2413 facite
1463 2352 1498 2397 se

326 2450 510 2536 defendere
525 2474 595 2521 nan
609 2438 966 2538 pessumdandum,
988 2456 1037 2521 De
1049 2456 1175 2537 deferas.
1190 2456 1232 2521 21
1246 2475 1320 2539 cap.
1334 2456 1378 2521 12
1388 2476 1422 2521 n.
1436 2457 1467 2520 1.
1483 2492 1496 2504 -

324 2579 482 2654 Quartum
506 2581 662 2664 estquod
684 2579 872 2666 aliquanda
888 2579 961 2666 (sed
983 2581 1086 2666 male)
1110 2601 1179 2647 non
1197 2581 1409 2663 permittitur
1430 2583 1497 2647 reis

325 2707 471 2770 muttum
501 2706 683 2771 immorari
704 2707 742 2770 in
764 2706 1019 2791 interropandis
1050 2706 1185 2772 testibus
1207 2713 1239 2772 et
1259 2707 1308 2772 sie
1331 2727 1498 2773 evacuare

300 2836 496 2914 ¹nequeant
517 2831 645 2896 indicia
669 2837 788 2897 cantra
809 2851 846 2896 se
868 2831 1040 2912 facientia,
1064 2832 1156 2897 ande
1178 2838 1380 2897 remaneant
1397 2851 1498 2914 enpa-

321 2955 377 3020 sili
400 2955 580 3036 manifesto
601 2957 756 3036 periente
779 2957 1078 3024 condemnationis.
1104 2959 1291 3028 Guazzinus,
1307 2957 1355 3023 De
1368 2957 1495 3038 defens.

326 3080 387 3146 toa.
411 3080 464 3146 cit.
490 3115 509 3127 -
533 3080 684 3154 Quintum
709 3082 872 3165 estquod
896 3083 1023 3147 iudices
1046 3083 1194 3148 videntes
1216 3102 1355 3149 reorum
1386 3088 1496 3147 niuta-

325 3204 432 3271 tianes
446 3205 484 3268 in
499 3207 594 3272 anttn
608 3207 804 3271 reddantur
825 3226 909 3291 erpa
925 3225 980 3273 eas
996 3205 1203 3273 andeliores
1218 3213 1248 3272 el
1267 3207 1453 3272 severiores
1464 3227 1500 3268 a..

326 3330 377 3394 Uti
401 3336 488 3414 patet
509 3349 553 3394 ex
577 3331 666 3396 hisae
691 3330 876 3411 rationibus,
894 3331 942 3396 isti
968 3329 1114 3397 delectus
1136 3351 1200 3396 non
1224 3337 1298 3397 sunt
1321 3331 1496 3415 imputandi

323 3453 382 3535 ipsi
406 3439 548 3517 instituto
571 3450 863 3534 confrantatianis.
881 3452 935 3517 sed
956 3455 1058 3539 magis
1080 3459 1136 3518 aut
1158 3455 1361 3538 ignorantiae
1385 3452 1497 3518 iudicis

322 3581 379 3642 aut
403 3578 449 3641 rei
474 3577 709 3662 imprudentiae
731 3583 765 3642 et
787 3579 986 3643 oscitantiae.
1011 3575 1098 3643 Sene
1129 3578 1225 3642 hodie
1248 3579 1330 3663 apud
1362 3577 1495 3662 populos

320 3700 433 3765 civiles
458 3701 545 3785 viget
575 3721 745 3784 processus
774 3702 913 3770 mintns,
937 3709 1034 3784 atque
1057 3703 1089 3765 in
1121 3701 1252 3786 periodo
1282 3701 1495 3767 accusatoria

319 3825 538 3910 legitimantur
553 3827 774 3890 attestationes
789 3845 849 3909 pen
864 3827 1167 3899 c'onirontationem
1180 3845 1262 3909 quae
1276 3845 1339 3890 non
1354 3825 1496 3890 excludit

279 4007 283 4016 .
321 3949 544 4034 repetitionem
569 3949 727 4012 examinis
749 3954 847 4013 antea
863 3946 974 4017 habiti,
991 3947 1046 4014 sed
1067 3948 1150 4012 istud
1167 3949 1306 4034 complet
1322 3969 1382 4034 per
1397 3951 1495 4014 inter-

321 4071 499 4158 ropatoria
516 4073 557 4137 ab
581 4074 649 4156 ipso
666 4074 770 4138 iudice
792 4073 845 4138 vel
868 4094 887 4138 a
911 4093 968 4138 reo
991 4072 1147 4154 exhibita,
1167 4079 1223 4138 aut
1246 4073 1286 4139 ab
1310 4075 1379 4138 eins
1401 4073 1494 4138 advo-

320 4198 402 4258 cato.
432 4229 450 4241 ·
481 4193 795 4276 Confrontationem
826 4194 924 4270 hodie,
946 4194 1120 4260 nullimode
1143 4215 1214 4260 esse
1239 4194 1453 4279 respuendam
1475 4215 1495 4257 a

321 4319 419 4382 curiis
442 4318 560 4384 eccles.
584 4320 648 4382 imo
671 4319 795 4403 largius
817 4299 1040 4392 adhibendam,
1066 4339 1122 4384 suo
1146 4320 1219 4384 loco
1241 4319 1392 4384 dicemus.

407 4441 622 4506 Nihilominus
645 4444 741 4508 etiam
765 4444 798 4506 in
814 4445 917 4507 veteri
943 4443 1027 4528 stylo
1052 4445 1215 4508 curiarum
1232 4443 1371 4508 habitam
1395 4443 1493 4508 fuisse
