3350 5100
349 249 418 316 258
866 264 949 313 rans
974 263 1009 310 11.

343 396 450 476 ptum,
468 393 571 474 potest
597 406 652 449 reo
676 406 806 471 semper
821 388 939 471 opponi
955 406 1016 473 per
1039 384 1167 448 modum
1192 384 1412 469 exceptionis,
1439 385 1535 468 eique

342 515 444 586 obest,
470 514 497 577 si
523 512 561 577 ad
587 512 825 578 ecclesiasticas
850 512 1051 596 provisiones
1076 528 1278 576 concurrere
1302 510 1410 576 vellet.

441 638 567 712 «Quod
590 644 699 703 autem
724 643 849 722 spectat
873 637 913 701 ad
940 644 1065 722 tempus
1093 638 1313 702 necessarium
1341 635 1381 702 ad
1412 638 1535 703 dictam

343 762 631 849 praescriptionem
647 760 870 835 inducendam,
888 761 1002 847 regula
1016 761 1180 847 generalis
1197 766 1254 832 est,
1267 762 1428 826 actionem
1447 762 1536 827 iniu-

343 889 467 953 riarum
489 887 592 971 spatic
614 888 709 952 unius
738 888 829 962 anni;
854 888 979 953 crimen
1009 886 1174 970 peculatus
1205 890 1238 950 et
1264 885 1383 952 delicta
1413 887 1529 951 carnis

343 1011 445 1095 spatio
469 1010 609 1093 quinque
635 1028 810 1083 annorum;
836 1014 969 1073 caetera
999 1027 1077 1073 vero
1107 1009 1245 1073 crimina
1274 1008 1377 1092 spatio
1407 1010 1527 1095 viginti

342 1154 503 1199 annorum
529 1153 549 1197 a
572 1134 623 1198 die
647 1136 808 1199 commissi
833 1134 941 1199 delicti
972 1134 1199 1199 continuorum
1230 1132 1423 1217 praescribi.
1456 1133 1530 1202 ¹Ve-

342 1262 525 1322 rumtamen
548 1258 575 1320 si
597 1263 715 1341 agatur
741 1256 781 1321 de
811 1257 955 1337 delictis,
979 1276 1062 1341 quae
1085 1257 1270 1321 successiva
1295 1262 1371 1321 sunt
1393 1262 1428 1323 et
1449 1277 1529 1342 per·

342 1382 516 1453 manentia,
540 1381 574 1445 in
597 1381 648 1445 his
670 1381 760 1445 nulla
783 1382 996 1468 praescriptio
1019 1380 1125 1446 locum
1149 1380 1247 1447 habet
1271 1383 1332 1446 nisi
1347 1402 1368 1446 a
1382 1380 1435 1447 die
1457 1402 1531 1448 cee-

346 1510 447 1574 santis
459 1507 587 1582 delicti;
601 1506 866 1591 quemadmodum
883 1509 909 1573 si
922 1506 1072 1573 delictum
1084 1506 1184 1572 tuerit
1196 1507 1342 1573 totaliter
1354 1508 1531 1573 occultum

346 1634 636 1719 praescrIptionem
652 1653 717 1697 non
732 1654 752 1697 a
767 1632 819 1697 die
835 1633 995 1697 commissi
1018 1633 1174 1714 criminis,
1192 1630 1248 1697 sed
1263 1650 1284 1695 a
1300 1631 1352 1697 die
1372 1634 1534 1698 scientiae

345 1760 544 1825 accusatoris
567 1758 622 1821 vel
644 1759 842 1841 inquisitoris
866 1776 1004 1823 currere
1027 1758 1143 1842 placet.

436 1882 557 1949 «Illud
580 1882 707 1947 demum
731 1881 818 1948 haud
840 1882 1114 1968 praetereundum
1138 1888 1197 1954 est,
1223 1880 1306 1965 quod
1338 1880 1532 1948 criminibus

344 2011 466 2092 raptus,
487 2008 593 2091 stupri
615 2024 676 2091 per
698 2008 764 2071 vim
780 2007 872 2080 illati,
890 2011 923 2071 et
938 2006 1088 2071 adulterii
1104 2026 1178 2072 cum
1201 1992 1327 2071 incestu
1350 2008 1530 2081 coniuncti,

341 2132 470 2197 nonnisi
488 2130 581 2216 lapsu
594 2132 707 2216 viginti
719 2150 881 2196 annorum
893 2128 1151 2216 praescribatur;
1165 2130 1352 2196 criminibus
1364 2152 1445 2197 vero
1457 2152 1532 2217 sup-

344 2257 439 2342 positi
455 2261 578 2341 pactus,
595 2255 770 2341 parricidii,
787 2256 963 2327 assassinii,
979 2256 1089 2321 laesae
1104 2257 1290 2338 maiestatis,
1303 2257 1411 2339 duelli,
1425 2258 1529 2323 salsae

339 2386 507 2463 monetae,
531 2386 739 2466 apostatatus,
764 2382 921 2451 haeresis,
946 2382 1111 2455 simoniae,
1136 2384 1366 2456 concussionis,
1395 2383 1529 2450 abortus

344 2511 377 2571 et
399 2504 562 2572 sodomiae
578 2505 666 2572 nullo
690 2524 840 2590 umquam
856 2510 1004 2590 tempore
1020 2505 1274 2591 praescribatur,
1295 2506 1352 2574 sed
1367 2513 1529 2595 perpetuo

340 2630 458 2696 horum
481 2631 654 2695 criminum
677 2632 736 2703 rei,
761 2629 833 2696 dum
859 2631 982 2722 uiuunt,
1008 2633 1156 2696 accusari
1180 2637 1212 2696 et
1236 2633 1356 2716 inquiri
1382 2639 1526 2718 possunt.

433 2777 452 2819 α
468 2755 591 2831 Quibus
606 2733 755 2822 omnibus
769 2755 868 2822 SSmo
885 2757 1020 2821 Domino
1037 2757 1154 2822 Nostro
1173 2758 1293 2830 relatis,
1312 2759 1344 2822 in
1361 2759 1527 2824 audientia

280 2956 287 2968 ι
339 2878 450 2946 habita
471 2879 511 2944 ab
536 2879 745 2965 infrascripto
769 2879 937 2946 cardinali
961 2881 1136 2947 Praefecto
1160 2882 1211 2946 die
1237 2882 1276 2947 21
1297 2848 1408 2948 Martii
1428 2883 1524 2962 1898,

334 3003 500 3070 'Sanctitas
524 3003 589 3071 Sua
611 3007 806 3070 sententiam
822 3005 1159 3071 Eminentissimorum
1185 3007 1318 3072 Petrum
1340 3007 1526 3094 adprobare

338 3125 471 3211 dignata
495 3132 546 3192 est
562 3148 593 3190 a.

430 3251 503 3316 189.
523 3251 673 3319 Relatum
684 3252 853 3319 decretum
869 3254 1001 3340 respicit
1016 3253 1159 3322 actionis
1178 3255 1371 3323 criminalia
1387 3277 1446 3323 seu
1462 3260 1525 3323 cri·

336 3376 458 3440 minum
481 3377 772 3462 praescriptionem
796 3382 829 3442 et
853 3377 930 3443 hinc
953 3380 1084 3446 minime
1116 3379 1365 3466 comprehendit
1387 3402 1524 3465 poenae

336 3639 485 3702 Quaeritur
503 3658 540 3695 an
558 3640 649 3712 (quasi
669 3659 718 3711 per
737 3643 940 3714 exceptionem)
954 3645 1055 3714 opponi
1071 3645 1158 3715 possit
1171 3645 1276 3702 crimen
1290 3647 1324 3700 ad
1338 3649 1521 3705 obtinendam

335 3749 519 3803 remotionem
537 3765 555 3802 a
572 3749 709 3804 beneficio
728 3754 842 3820 propter
867 3751 1000 3806 delictum
1029 3755 1179 3826 patpatum,
1202 3753 1333 3825 equidem
1355 3757 1411 3810 iam
1432 3776 1521 3830 prae-

334 3856 479 3924 scriptum,
494 3853 517 3906 si
531 3853 692 3908 attendatur
705 3857 800 3910 textus
812 3854 896 3910 huius
909 3856 1030 3921 decreti;
1044 3857 1123 3911 cuius
1137 3862 1232 3926 tamen
1245 3857 1341 3914 delicti
1356 3863 1519 3926 scandalum

336 3974 365 4027 in
378 3958 462 4029 plebe
477 3959 639 4027 christiana,
651 3963 683 4015 ut
695 3965 763 4030 puta
774 3962 810 4016 cb
823 3960 928 4016 clarius
941 3963 1151 4018 manifestatam
1165 3965 1301 4019 malitiam
1315 3965 1413 4022 clerici
1430 3971 1518 4030 delin-

332 4062 453 4131 quentis,
462 4068 492 4117 et
503 4061 605 4118 callide
615 4063 806 4119 adlaborantis
818 4065 848 4120 in
861 4065 1020 4136 effugienda
1030 4067 1130 4121 iudicis
1143 4067 1393 4140 animadversione,
1403 4081 1517 4144 gravius

334 4167 461 4222 invaluit.
480 4169 562 4236 Puto,
575 4186 631 4224 non
650 4187 711 4226 esee
729 4170 775 4226 hic
794 4171 887 4228 locum
906 4175 1062 4244 exceptioni
1081 4177 1233 4242 criminati,
1246 4177 1269 4230 ei
1288 4194 1388 4234 revera
1408 4187 1526 4243 crimen.

332 4277 377 4330 est
390 4279 614 4348 praescriptum
634 4278 682 4333 sed
700 4279 841 4336 rationem
858 4283 987 4336 scandali
1011 4299 1072 4337 esse
1097 4283 1236 4340 efficacem
1260 4285 1294 4338 ed
1316 4287 1513 4357 applicandam

333 4385 517 4438 recreationem
536 4386 751 4452 oeconomicum,
770 4385 804 4442 de
823 4403 878 4459 qua
896 4388 925 4442 in
945 4387 1007 4443 Vol.
1027 4388 1072 4454 Ill,
1092 4407 1118 4443 n.
1142 4389 1200 4445 173.
