3350 5100
329 242 398 311 602
781 261 989 311 antenaco!
1011 260 1060 309 rv.

330 391 425 440 utrum
442 386 531 441 verba
548 384 628 457 gravi
647 383 842 454 indignatione
859 383 944 454 plena
956 384 1091 450 adhibita,
1103 384 1245 439 intentata
1255 382 1451 439 haeredilatia
1464 384 1531 453 pri-

326 492 412 558 vatio,
435 492 537 547 eiectio
555 508 571 547 e
590 495 709 561 palerna
726 490 817 555 domo,
835 507 871 544 an
891 489 985 545 addita
1003 490 1089 545 etiam
1106 492 1236 547 verbera.

416 598 498 653 Circa
515 597 667 652 secundum
686 594 918 651 conciderandum
936 600 989 661 eat,
1008 604 1101 649 utrum
1120 596 1169 666 qui
1186 596 1220 651 de
1238 595 1321 651 illata
1343 596 1371 649 vi
1395 600 1531 651 motuve

327 711 504 775 accusantur,
523 707 615 777 patria
633 708 775 775 potestate
792 709 823 761 et
841 704 1012 759 anctoritate
1023 703 1220 774 pollerentan
1231 706 1280 775 qni
1291 705 1349 759 vim
1368 709 1532 759 metumve

327 814 400 884 pnaei
419 804 494 877 aunt,
512 814 675 868 nullatenus
691 812 789 866 iisdem
808 812 928 866 subiecti
946 811 1067 877 fuerint,
1084 827 1157 883 quac
1175 812 1249 865 ratio
1265 810 1309 865 uia
1332 809 1532 877 inferendae,

326 936 429 990 magna
448 936 483 974 ne
502 937 536 975 ex
555 918 735 973 matrimonio
754 918 884 988 propriae
901 916 996 972 domui
1014 916 1133 983 utilitaa,
1145 922 1196 971 aut
1211 917 1297 972 decna
1313 918 1533 981 obventurum,

325 1044 397 1098 quae
416 1026 524 1081 indoles
543 1026 598 1081 vim
624 1024 821 1091 inferentium,
839 1040 914 1096 qnae
936 1024 1078 1090 conditio,
1104 1025 1153 1095 qui
1180 1041 1290 1089 morea;
1315 1043 1373 1097 qua
1399 1026 1531 1080 ratione

324 1133 461 1189 familiam
486 1150 585 1203 regere
609 1134 821 1197 consueverint3
847 1136 941 1186 utrum
962 1131 998 1184 ad
1024 1131 1199 1186 iracundiam
1223 1138 1253 1187 et
1276 1132 1451 1189 violentiam
1484 1132 1532 1185 ita

326 1246 421 1298 cenent
440 1242 586 1313 proclives,
613 1246 645 1296 ut
671 1240 755 1295 facile
780 1240 853 1311 quod
880 1239 1063 1293 minabantur
1089 1241 1272 1308 perficerent,
1290 1246 1320 1295 et
1345 1241 1449 1294 animo
1480 1240 1530 1293 ita

326 1352 422 1403 eaeent
439 1348 508 1401 duro
527 1352 612 1418 atque
630 1350 782 1413 obstinato,
801 1354 832 1403 ut
850 1367 868 1403 a
885 1346 997 1401 nemine
1010 1344 1063 1405 sibi
1077 1346 1232 1401 contradici
1245 1346 1438 1401 antconailiia
1459 1344 1530 1397 auia

326 1454 526 1525 impedimenta
543 1454 628 1507 obiici
648 1459 821 1523 paterentur.

414 1560 509 1623 Quoad
528 1563 643 1615 tertium
666 1563 739 1617 ratio
758 1562 886 1619 habenda
904 1565 961 1619 erit
978 1564 1098 1634 primurn
1111 1580 1194 1618 eexna
1209 1576 1354 1631 personae,
1365 1574 1442 1630 quae
1458 1557 1528 1611 vio

324 1669 441 1724 lentiam
461 1686 542 1739 passa
559 1669 677 1732 dicitur3
695 1669 807 1724 facilius
833 1669 910 1726 enim
933 1671 1045 1725 animoa
1071 1669 1183 1741 puellae
1206 1670 1405 1732 commovetur,
1424 1680 1526 1735 quam

325 1775 395 1843 viri,-
412 1775 511 1830 deinde
537 1776 647 1843 aetatis,
668 1765 851 1842 educationis,
869 1777 980 1843 indolis,
999 1782 1093 1831 utrum
1120 1792 1220 1846 nempe
1243 1776 1321 1829 mitia
1347 1790 1382 1827 ac
1408 1772 1526 1826 timida

324 1882 418 1940 fuerit.
437 1900 473 1936 an
493 1883 575 1937 fortis
593 1888 622 1937 et
641 1887 787 1949 conatane;
805 1900 862 1954 qua
880 1885 989 1939 ratione
1014 1886 1042 1937 iu
1067 1884 1176 1939 familia
1202 1883 1298 1949 ripere
1321 1878 1522 1945 consueverit,

325 1994 417 2044 utrum
436 1992 487 2043 errb
507 1990 632 2045 custodie
651 1996 679 2045 et
697 1990 849 2060 vigilantia
866 1996 1024 2061 parentum,
1039 1993 1082 2045 ita
1099 1996 1131 2045 ut
1142 1993 1179 2046 ab
1190 2007 1288 2046 eorum
1301 1989 1419 2059 imperio
1438 2003 1524 2041 eem-

324 2114 374 2169 per·
393 2102 422 2152 et
440 2100 469 2151 in
488 2098 616 2151 omnibus
635 2098 778 2167 penderet,
797 2116 832 2153 an
851 2099 948 2170 aliqua
965 2098 1100 2154 libertate
1117 2100 1258 2155 frueretur
1284 2102 1315 2151 nt
1339 2102 1369 2151 et
1395 2096 1523 2165 propria

324 2218 408 2259 aenea
426 2220 574 2273 exponere,
593 2210 622 2259 et
641 2206 720 2261 iuxta
739 2206 880 2276 propriam
898 2205 1072 2259 voluntatem
1086 2206 1197 2275 operari
1209 2204 1347 2274 potuerit;
1360 2221 1396 2257 an
1409 2214 1518 2272 parcn-

324 2313 368 2365 tea
393 2310 434 2365 ita
462 2327 523 2365 eam
552 2312 744 2381 segregarint,
773 2318 803 2366 ut
830 2314 922 2366 omnia
949 2312 1059 2366 concilii
1086 2311 1234 2381 expetendi
1264 2310 1387 2364 facultas
1415 2310 1518 2364 eidam

323 2417 454 2487 adempta
471 2419 566 2483 fuerit,
585 2434 635 2474 nec
655 2420 785 2490 cuiquam
804 2419 928 2474 eiusdem
947 2418 1134 2491 alloquendae
1151 2420 1260 2488 copiam
1276 2417 1439 2481 tribuerint,
1452 2415 1515 2470 nini

324 2539 394 2596 quoe
412 2524 446 2579 de
465 2524 644 2580 matrimonio
663 2524 783 2580 ineundo
801 2524 921 2580 concilia
940 2526 1075 2596 praebere
1094 2541 1174 2595 pocae
1193 2512 1387 2579 indicaverint.

411 2637 429 2697 5
449 2632 492 2686 38.
514 2634 629 2688 Praeter
648 2635 704 2688 iata
721 2634 917 2706 inquirendum
935 2635 998 2699 erit,
1017 2640 1111 2688 utrum
1129 2635 1177 2706 qui
1196 2634 1230 2688 de
1249 2632 1332 2688 illata
1343 2633 1371 2687 vi
1386 2647 1514 2702 conque·

324 2737 405 2806 ritur,
424 2739 574 2810 aliquando
594 2740 758 2796 relationem
777 2740 910 2796 habuerit
926 2758 990 2796 cum
1009 2757 1051 2806 eo,
1069 2757 1132 2795 cum
1154 2757 1210 2812 quo
1234 2743 1332 2809 poetae
1349 2739 1513 2800 contraxit3

324 2851 354 2902 et
373 2852 466 2902 utrum
486 2847 636 2918 aliquando
654 2848 827 2918 propositum
837 2846 978 2903 =habuerit
990 2865 1053 2901 cum
1065 2848 1162 2902 eodem
1180 2845 1371 2901 contrahendi.
1389 2845 1420 2899 ln
1438 2861 1512 2899 caan

323 2953 490 3009 affirmativo
509 2955 712 3026 inquirendum,
731 2973 800 3026 quaa
818 2957 855 3010 ob
874 2972 972 3009 caueae
990 2954 1145 3010 voluntatis
1162 2955 1283 3010 mutatio
1300 2953 1472 3024 contigerit3
1492 2969 1513 3007 a

324 3071 380 3131 quo
398 3063 524 3130 tempore
543 3061 689 3116 consilium
708 3047 795 3117 inierit
813 3065 960 3128 mutatum,
976 3067 1070 3116 utrum
1089 3078 1189 3132 nempe
1206 3066 1358 3132 antequam
1375 3062 1512 3129 parantes

324 3167 464 3236 propriam
488 3169 662 3223 voluntatem
687 3169 875 3234 ostenderent,
897 3180 935 3222 an
961 3175 1072 3238 postea3
1096 3173 1126 3224 et
1151 3174 1244 3222 utrum
1267 3185 1303 3222 ex
1327 3164 1509 3238 praecedenti

323 3273 461 3331 relatione
485 3275 580 3347 aliqua
606 3281 704 3331 exorta
722 3276 760 3330 sit
781 3277 902 3346 euspicio
926 3281 1025 3330 contre
1048 3275 1176 3332 decorem
1194 3276 1240 3332 rel
1259 3276 1347 3346 ipaiue
1371 3290 1511 3345 personae

322 3380 369 3437 vel
387 3381 520 3447 familiae,
533 3398 550 3435 a
562 3398 617 3451 qua
635 3386 766 3452 parentes
783 3382 889 3437 moveri
907 3383 1051 3449 potuerint
1062 3382 1097 3435 ad
1109 3381 1318 3436 matrimonium
1337 3379 1508 3452 exigendum

323 3492 465 3560 tamquam
493 3489 644 3544 remedium
673 3490 763 3544 bonae
787 3490 879 3543 famae
905 3489 1119 3558 recuperandae.
1147 3488 1240 3543 Etiam
1267 3487 1504 3556 investigandum,

321 3595 388 3666 quid
406 3593 476 3650 haec
495 3609 614 3664 persona
630 3594 730 3650 fecerit
749 3597 781 3649 ut
799 3611 816 3648 a
834 3595 979 3648 coactione
998 3599 1144 3663 parentum
1163 3609 1224 3649 eece
1243 3593 1392 3648 liberaret:
1410 3596 1508 3647 utrum

321 3718 418 3773 preces
436 3700 612 3767 adhibuerim
632 3707 726 3757 utrum
746 3719 797 3756 uaa
814 3700 900 3756 fuerit
920 3717 1007 3770 opera
1030 3701 1149 3755 aliorum
1168 3701 1204 3754 ad
1221 3703 1352 3770 parentet
1370 3716 1388 3753 a
1405 3715 1508 3770 propo·

321 3809 376 3862 aito
394 3806 584 3872 dimovendoa,
603 3811 696 3861 utrum
715 3811 745 3864 et
762 3807 900 3879 quomodo
919 3808 1059 3878 propriam
1078 3807 1252 3862 aversionem
1271 3810 1301 3861 et
1318 3807 1506 3861 contrarieta-

322 3916 380 3968 tem
398 3913 427 3967 in
446 3912 516 3967 illud
540 3913 748 3969 matrimonium
773 3914 985 3984 significaverit,
1009 3919 1103 3968 utrum
1121 3918 1151 3968 et
1167 3913 1306 3985 quomodo
1330 3913 1421 3968 altera
1439 3929 1507 3982 para

322 4036 434 4092 operam
454 4019 560 4075 dederit
572 4026 604 4076 ut
616 4021 824 4076 matrimonium
837 4037 936 4076 revera
951 4019 1172 4076 concluderetur.
1191 4020 1428 4077 considerandum
1440 4020 1506 4088 erit,

322 4132 424 4193 utrum,
443 4128 553 4198 quando
572 4131 733 4183 contractus
754 4126 970 4182 matrimonialia
988 4133 1050 4183 erat
1074 4127 1234 4197 aignandua,
1252 4127 1375 4184 libenter
1392 4115 1425 4182 et
1442 4127 1508 4183 aine·

324 4232 382 4287 ulla
406 4234 608 4302 protestatione
626 4232 653 4286 id
672 4233 855 4303 praestiterit,
880 4238 974 4288 utrum
998 4233 1095 4304 aliqua
1117 4234 1194 4288 frena
1218 4233 1344 4288 adhibita
1362 4232 1397 4286 ad
1415 4231 1503 4286 talem

320 4338 546 4408 obsignationem
564 4338 759 4404 obtinendam
778 4339 916 4409 quomodo
934 4355 995 4395 aeae
1009 4339 1141 4409 gesserit,
1154 4339 1213 4394 aire
1225 4338 1336 4409 quando
1347 4339 1507 4394 neucesaria
