3350 5100
323 279 390 344 36⁴2
451 283 455 291 '
837 300 920 345 rans
945 298 995 343 111.

413 423 487 488 291.
512 422 676 488 Eiusmodi
700 423 907 507 appellationi
924 424 1024 493 curia.
1042 422 1087 487 uti
1104 442 1164 507 par
1179 429 1237 503 est,
1254 422 1386 488 deferre
1405 422 1499 489 debet

323 544 573 612 transmittendo
596 545 637 611 ad
659 546 798 611 indicem
821 547 1023 631 superiorem
1047 551 1134 617 octo,
1156 566 1238 629 quae
1264 547 1324 611 rite
1348 553 1499 631 expostu-

321 670 432 735 lantur
455 672 524 736 sive
538 670 579 735 ab
595 672 779 757 appellante
802 672 871 735 sive
887 690 907 735 a
923 670 1028 736 iudice
1052 672 1120 756 ipso
1143 670 1183 735 ad
1207 690 1353 735 normam
1370 670 1499 736 Decreti

324 796 445 860 Concil.
459 795 547 859 Trid.
566 794 652 884 Sena.
670 796 727 868 24,
745 815 821 878 cap.
837 795 899 865 20.
917 795 968 861 De
979 795 1043 878 ref.
1063 830 1080 843 ·
1098 796 1136 861 In
1153 798 1201 860 sui
1218 801 1323 861 autem
1345 795 1499 861 defensio·

323 942 397 987 nem
415 924 507 987 curia
522 924 698 989 trasmittet
713 942 851 1005 eaquae
866 922 1005 1008 probant
1019 940 1108 987 suam
1126 922 1243 1007 agendi
1260 924 1416 989 rationem
1433 925 1500 988 sive

323 1047 427 1131 quoad
450 1049 615 1133 praeviam
638 1048 717 1113 iacti
740 1048 979 1131 inquisitionem
1003 1050 1071 1112 sive
1095 1048 1197 1131 quoad
1225 1047 1427 1114 monitiones
1449 1068 1501 1115 cas

323 1172 465 1239 monicus
487 1191 610 1257 poenae
630 1177 687 1238 aut
709 1176 883 1268 praecepto
906 1170 1077 1236 indicendo
1101 1172 1323 1256 praehabitam
1347 1174 1500 1256 quocirca

324 1303 432 1381 pateat
457 1299 555 1365 iuris.
588 1304 620 1360 et
649 1297 843 1382 prudentiae
873 1297 995 1383 regulis
1026 1298 1103 1362 satis
1134 1297 1232 1362 fuisse
1263 1297 1395 1362 iactum.
1427 1298 1500 1362 Huc

323 1426 449 1503 spectat
471 1423 624 1486 monitum
650 1422 885 1491 instructionis,
908 1438 1024 1505 nempe
1039 1426 1191 1505 oportere
1213 1419 1253 1484 de
1276 1418 1403 1505 singulo
1425 1425 1500 1485 actu

324 1545 376 1609 vel
399 1543 439 1609 da
462 1546 532 1630 ipsa
553 1544 738 1611 monitione
756 1551 907 1628 param
929 1544 1058 1629 aliquod
1080 1544 1309 1610 documentum
1332 1562 1476 1609 servare.

412 1670 488 1735 292.
514 1670 684 1737 Postremo
707 1670 779 1735 loco
794 1672 963 1753 quaeritur
977 1690 1020 1734 an
1036 1688 1165 1756 semper
1187 1671 1269 1734 haec
1286 1666 1391 1733 media
1400 1688 1500 1751 prae·

322 1794 493 1861 comatico
522 1794 721 1879 praecedere
752 1794 911 1859 destinata
941 1800 1017 1859 sunt
1045 1794 1183 1860 formale
1213 1793 1382 1868 iudicium;
1410 1795 1500 1877 quasi

322 1922 581 2006 experimentum
602 1920 854 2002 compositionis
871 1920 1144 1986 emtroiudiciutis
1158 1920 1198 1985 de
1220 1924 1432 1985 controverso
1448 1938 1502 1983 ne·

323 2046 410 2129 gotio
436 2050 608 2127 antequam
636 2046 700 2111 hoc
721 2044 912 2111 subiiciatur
934 2045 1117 2110 tractationi
1141 2043 1296 2119 iudiciali;
1320 2062 1384 2109 non
1408 2062 1501 2107 secus

323 2189 363 2233 ac
387 2170 418 2233 in
442 2189 480 2233 re
502 2170 589 2234 cirili
612 2172 790 2236 transactio
813 2170 865 2235 vel
894 2171 1155 2254 compromissum
1184 2170 1218 2233 in
1244 2166 1384 2233 arbitros
1415 2166 1500 2231 ordi·

323 2302 401 2360 nata
431 2301 507 2359 sunt
534 2295 575 2358 ad
606 2295 863 2379 praeveniendas
894 2296 945 2361 vel
978 2294 1149 2380 sopiendas
1179 2295 1263 2358 lites.
1292 2328 1310 2343 -
1339 2294 1500 2366 lamnam,

324 2419 420 2485 hodie
442 2421 650 2506 potissimum.
667 2440 763 2503 quum
788 2420 932 2485 remedia
955 2418 1104 2505 poenalia
1126 2420 1243 2485 eccles.
1268 2420 1364 2483 etiam
1388 2418 1500 2483 mndi-

323 2545 434 2611 cotiva
458 2543 544 2628 (Vol.
562 2544 620 2615 lli,
645 2544 1039 2631 stamaconstat
1062 2545 1094 2609 in
1119 2544 1299 2630 privatione
1322 2544 1450 2624 iurium‚
1467 2545 1500 2608 in

323 2670 396 2734 foro
411 2670 526 2752 eccles.
543 2668 679 2735 utillime
695 2669 889 2735 Ordinarius
905 2671 1073 2754 experitur
1095 2668 1149 2733 vel
1173 2667 1277 2734 media
1297 2685 1500 2750 praeterna-

311 2799 392 2874 4Ιὶυα
407 2797 459 2861 vel
475 2797 689 2863 uoluntarius
703 2801 861 2882 provocat
876 2796 993 2860 iurium
1018 2796 1280 2862 renunciationas
1303 2800 1335 2860 et
1357 2794 1500 2860 scandali

322 2923 554 3006 reparationes,
578 2927 750 3005 antequam
772 2919 924 2986 deveniat
945 2921 985 2985 ad
1005 2923 1199 2986 sententiam
1222 2919 1403 2985 iudicialem
1428 2937 1501 2983 con·
1570 2971 1573 2979 .

323 3044 545 3109 demnationis.
564 3045 720 3128 Equidem
739 3045 861 3109 mediis
883 3046 1156 3126 praeservatioir'
1169 3043 1340 3142 aliquando
1364 3063 1428 3108 non
1451 3045 1502 3107 est

322 3166 422 3234 locus.
440 3171 475 3232 ut
489 3187 568 3233 ecce
591 3171 624 3231 in
647 3168 823 3253 parochum
849 3169 901 3251 qui
923 3167 1109 3252 iampridem
1134 3167 1322 3232 scandaloso
1346 3168 1426 3232 vivit
1447 3165 1500 3228 vel

323 3293 376 3375 qui
401 3291 441 3356 ob
466 3312 582 3357 recens
600 3292 726 3358 facinus
745 3295 887 3358 omnium
908 3291 1013 3356 odium
1036 3297 1068 3356 et
1082 3288 1292 3357 offensionem
1316 3293 1348 3355 in
1372 3309 1407 3355 se
1429 3309 1502 3374 pro-

324 3417 461 3480 vocavit.
487 3416 577 3481 Sacri
610 3435 751 3481 canones
781 3410 930 3500 infligunt
961 3417 994 3481 in
1021 3414 1111 3479 hisce
1141 3413 1350 3500 gravioribus
1373 3411 1501 3478 casibus

323 3537 470 3605 beneficii
487 3541 711 3624 privationem,
728 3539 785 3604 sed
801 3541 938 3624 praevio
954 3538 1095 3604 iudiciali
1115 3557 1269 3623 processu
1289 3537 1373 3602 unde
1393 3542 1501 3622 pateat

323 3666 447 3729 crimen
472 3672 505 3729 et
527 3664 662 3748 prodeat
681 3664 917 3729 condemnatio.
940 3663 1043 3728 Hodie
1065 3665 1167 3749 magis
1184 3667 1328 3748 praestat
1343 3663 1403 3727 hos
1418 3660 1499 3726 infe-

322 3789 402 3854 lices
424 3789 608 3854 sacerdotes
631 3789 880 3873 persuaderent
900 3790 1046 3853 nuntium
1071 3788 1199 3852 mittant
1222 3785 1389 3854 beneficio,
1408 3805 1501 3850 scan-

323 3913 428 3978 dalum
455 3919 609 3999 reparent
632 3918 664 3978 et
686 3913 829 3977 salubria
855 3913 1009 3998 expleant
1035 3913 1252 3996 poenitentiae
1275 3929 1375 3996 opera
1396 3913 1428 3974 in
1452 3910 1501 3974 sui

322 4038 440 4103 bonum
468 4045 500 4102 et
524 4035 664 4103 fidelium
691 4035 988 4103 sanctificationem.
1015 4039 1166 4102 Praestat
1189 4037 1272 4100 enim
1298 4035 1403 4100 media
1426 4053 1500 4098 coa-

323 4164 410 4226 ctiva
432 4162 604 4234 iudicialia‚
621 4164 739 4248 quippe
758 4162 854 4228 lindie
869 4181 934 4226 non
951 4159 1081 4226 difficile
1096 4166 1305 4247 spernuntur,
1320 4167 1399 4225 tnnc
1414 4158 1501 4224 adhi-

322 4285 402 4350 bere
430 4286 557 4370 qnando
586 4289 619 4350 in
649 4307 774 4350 cassum
806 4287 943 4352 cesserit
973 4287 1230 4371 experimentum
1263 4285 1501 4370 compositionis

324 4409 585 4475 extraiudicialis.
612 4410 660 4476 cf.
684 4429 784 4494 supra
805 4429 837 4473 n.
866 4409 927 4474 186
951 4417 984 4474 et
1006 4411 1081 4474 Vol.
1109 4410 1167 4483 ΙΙΙ,
1192 4430 1222 4473 ιι.
1249 4409 1321 4475 173.
