3350 5100
335 325 397 390 168
845 345 928 391 rans
962 345 995 389 u.

332 469 506 532 immunem
528 489 549 533 a
571 468 675 533 studio
698 470 838 553 partium
861 469 1003 531 animum
1028 465 1150 530 iudicis.
1168 465 1230 531 Sed
1251 464 1422 530 manatio
1445 481 1510 526 non

333 593 518 663 inchoatur,
535 594 596 657 nisi
611 592 783 677 inquisitio
798 593 877 656 satis
892 589 1151 656 manifestaverit
1173 590 1318 655 criminis
1333 592 1510 652 aucorem.

333 716 549 791 Quamobrem
572 716 680 786 iudex,
703 723 870 800 postquam
893 714 1103 800 perpenderit
1128 712 1334 807 probationes
1358 712 1511 777 cedentes

332 861 352 905 a
375 842 480 907 iudice
502 846 709 913 instructore,
734 842 883 907 decernit
904 861 945 905 an
965 861 1008 904 ex
1031 838 1249 924 inquisitione
1271 857 1310 902 ea
1333 836 1514 923 pmdierint

332 973 526 1052 argumenta
541 970 578 1031 ut
600 968 772 1032 aoatsmio
793 963 1004 1030 instauranda
1019 965 1069 1027 sit
1089 997 1107 1012 ·
1125 965 1177 1028 An
1201 969 1234 1028 et
1256 961 1414 1046 quomodo
1438 961 1514 1026 bnic

334 1092 524 1159 sententiae.
542 1110 625 1174 quae
648 1090 755 1155 editur
768 1091 809 1155 ad
825 1091 1012 1154 instantiam
1029 1089 1223 1172 promotoris
1237 1085 1367 1162 fiscalis,
1383 1085 1513 1170 praeire

333 1215 449 1280 debeat
471 1216 616 1280 defensio
639 1216 791 1299 inquisiti,
809 1214 928 1299 pendet
950 1233 970 1277 a
993 1212 1302 1300 praescriptionibus
1325 1213 1405 1276 iuris
1427 1212 1514 1296 posi-

332 1339 391 1402 tivi
413 1336 471 1420 (l).
500 1371 518 1386 ·
545 1338 691 1420 Denique
718 1355 889 1421 processus
917 1336 1120 1418 inquisitirus
1143 1341 1192 1399 est
1215 1336 1398 1399 eminenter
1429 1351 1514 1397 onu-

333 1461 454 1535 titicus
472 1463 524 1545 qni
541 1481 656 1546 nempe
672 1461 921 1544 interrumpitur
936 1459 976 1525 ad
992 1458 1094 1524 breve
1109 1459 1161 1523 vel
1182 1458 1222 1523 ad
1238 1459 1370 1544 longum
1386 1461 1515 1540 tempus

332 1587 386 1651 vel
401 1587 565 1652 deseritur
587 1591 621 1650 et
643 1588 759 1651 iterum
782 1587 995 1651 reassumitur
1018 1603 1078 1669 pro
1101 1581 1256 1668 qualitate
1278 1581 1513 1650 adiunctorum

334 1733 392 1778 seu
408 1712 633 1798 probationum
650 1719 684 1777 et
698 1713 899 1777 indiciorum.
918 1713 1037 1798 Agitur
1059 1712 1144 1776 enim
1168 1710 1208 1775 de
1231 1708 1412 1795 detegenda
1435 1709 1515 1772 iacti

333 1837 483 1909 venum,
509 1854 591 1919 quae
614 1836 753 1919 erumpit
774 1835 817 1900 'ex
840 1833 1000 1900 adiunctis
1023 1853 1121 1918 saepe
1144 1832 1278 1898 occultis
1302 1831 1414 1897 sedulo
1437 1850 1512 1915 per-

335 1958 510 2043 quirendis,
527 1944 700 2042 aliquando
713 1979 757 2024 ex
772 1961 935 2043 inopinato
951 1957 1173 2029 manifestetis,
1190 1957 1325 2022 detectis
1339 1959 1395 2020 aut
1417 1974 1515 2020 accu-

334 2084 395 2148 sati
419 2083 622 2149 confessione
644 2083 789 2168 proditis.

425 2211 478 2275 Ex
493 2209 640 2289 adverso,
654 2229 826 2293 processus
842 2207 1075 2274 acmuotorius
1091 2213 1141 2272 est
1155 2207 1341 2272 necessario
1357 2205 1514 2290 syntheti·

336 2355 406 2416 cris,
419 2354 549 2419 unoque
564 2340 718 2399 contextu
735 2333 858 2398 absolvi
875 2333 979 2399 debet.
993 2334 1086 2414 Nam,
1099 2335 1278 2397 instaurata
1289 2330 1514 2401 manatione,

335 2464 506 2526 accusator
519 2460 581 2524 nisi
595 2458 711 2544 probet
725 2477 816 2523 suam
832 2459 1054 2538 intentionem,
1066 2461 1235 2522 accusatus
1248 2453 1454 2520 dimittendus
1466 2457 1517 2517 est

336 2586 511 2658 absolutus,
528 2604 635 2669 neque
647 2589 774 2669 tempus
789 2584 979 2649 conceditur
994 2584 1176 2648 accusatori
1192 2587 1228 2647 ut
1245 2582 1383 2659 interim,
1400 2580 1427 2645 si
1443 2576 1516 2644 deri

336 2711 446 2795 possit.
459 2709 518 2775 sibi
532 2715 698 2794 comparet
713 2706 928 2792 probationes.
945 2742 962 2755 -
977 2707 1057 2771 Nam
1070 2708 1096 2771 si
1109 2705 1195 2769 forte
1206 2704 1411 2789 probationes
1422 2722 1515 2787 repe·

338 2835 483 2905 riantur,
508 2833 621 2917 quibus
645 2834 750 2897 evinci
774 2832 873 2916 possit
899 2832 1077 2905 accusatio,
1103 2832 1303 2893 instauratur
1324 2825 1394 2910 (nisi
1412 2825 1517 2892 obstet

341 2979 395 3023 res
413 2957 564 3043 iudicatu)
576 2976 686 3023 nouos
696 2974 877 3041 processus
890 2958 1018 3039 inquam
1033 2974 1144 3021 neoris
1154 2972 1345 3036 processus,
1361 2954 1437 3035 quia
1452 2970 1517 3016 non

337 3081 562 3148 consideratur
577 3080 683 3146 adhuc
698 3081 818 3145 durare
834 3099 1014 3165 processus,
1032 3080 1065 3143 in
1082 3098 1144 3163 quo
1160 3082 1331 3143 accusator
1346 3074 1467 3141 deiecit
1483 3076 1515 3139 in

338 3205 514 3292 probando.
534 3242 554 3253 -
575 3206 615 3270 In
630 3206 692 3269 hac
704 3204 838 3290 periodo
852 3201 888 3268 fit
903 3206 993 3269 locus
1009 3204 1187 3268 defensioni
1204 3208 1270 3267 turn
1287 3202 1433 3283 scriptae
1447 3205 1517 3265 tum·

338 3327 427 3395 orob
454 3320 497 3391 ex
519 3332 612 3412 parte
634 3327 784 3393 nomenti
807 3326 939 3409 eiusque
963 3326 1143 3389 defensoris
1166 3344 1223 3389 seu
1244 3322 1401 3396 advocati,
1425 3322 1517 3385 cuius

338 3452 522 3517 constitutio
538 3452 570 3514 in
587 3468 710 3534 genere
733 3456 782 3514 est
804 3450 990 3514 necessaria
1006 3450 1039 3511 in
1059 3447 1152 3513 hisce
1167 3445 1371 3533 gravioribus
1394 3444 1515 3508 causis:
1636 3472 1637 3479 κ

339 3574 393 3661 (cf.
419 3576 481 3640 vol.
502 3576 528 3646 Ι,
552 3595 584 3638 n.
605 3574 689 3657 113).
716 3574 765 3638 Ad
790 3592 976 3658 processum
1000 3592 1079 3637 vero
1104 3573 1251 3637 mierum
1275 3568 1358 3654 quod
1381 3538 1522 3654 spectat·
1636 3532 1637 3543 ἵ

423 3820 462 3891 (l)
482 3819 570 3873 Hodie
582 3819 693 3887 magnis
706 3818 806 3871 arrimis
821 3818 956 3887 agitatur,
969 3818 1055 3871 etiam
1070 3833 1225 3885 peucenos,
1238 3816 1366 3887 quaestio
1378 3832 1413 3867 an
1428 3815 1517 3885 inqui·

339 3925 410 3977 situs
428 3923 537 3993 protegi
557 3922 659 3977 debeat
677 3922 704 3973 in
721 3922 833 3991 periodo
846 3923 1021 3991 inquisitor-io
1034 3937 1051 3974 a
1063 3937 1114 3975 suo
1129 3926 1245 3989 patrono
1260 3919 1309 3990 qrri
1329 3918 1433 3972 limitet
1446 3916 1519 3971 arbi·

339 4033 425 4086 trium
445 4033 545 4086 iudicis
565 4033 743 4084 instructoris
761 4036 791 4084 et
809 4030 940 4097 invigilet
960 4046 993 4083 ne
1013 4030 1157 4098 inquisitio
1179 4028 1263 4081 facite
1287 4030 1430 4095 comparet
1457 4041 1519 4094 pro-
1636 4102 1637 4105 Ἴ

339 4137 468 4191 betioues
485 4135 667 4189 fundamento
684 4134 841 4189 destitutas.
860 4162 873 4173 ·
891 4134 920 4187 In
934 4133 1034 4199 Gellia,
1048 4118 1133 4187 certis
1146 4134 1197 4185 sub
1211 4132 1338 4194 cantetis,
1357 4128 1518 4183 conceditur

341 4252 474 4316 petronus
492 4245 634 4315 inquisito3
654 4244 681 4295 in
701 4242 784 4295 ltalia
803 4240 884 4295 bodie
904 4257 959 4294 non
978 4240 1137 4293 admittitur
1151 4244 1180 4293 et
1196 4238 1287 4293 tutela
1300 4238 1426 4309 inquisiti
1445 4254 1520 4291 com·
1636 4228 1637 4299 t

340 4353 426 4405 missa
437 4360 481 4406 est
498 4350 649 4421 promotori
669 4348 768 4402 fiscali.
789 4349 843 4401 Pro
857 4348 942 4400 ciniis
955 4346 1054 4401 eccles.
1068 4362 1279 4415 supervacanea
1298 4349 1341 4398 est
1353 4343 1422 4397 baec
1435 4359 1519 4413 quae·
1636 4348 1637 4357 ¹

340 4460 403 4525 etio,
421 4458 487 4529 quia
505 4456 658 4526 simplicior
669 4434 720 4509 'est
737 4456 828 4507 forma
846 4452 1010 4522 procedendi
1031 4461 1060 4507 et
1078 4453 1197 4521 amplior
1216 4452 1315 4506 iudicis
1337 4451 1500 4505 auctoritas.
