3350 5100
562 355 606 401 ns
630 355 784 402 nnmcrrs
808 356 851 402 nr
875 355 996 403 eonius
1326 339 1371 403 35

188 482 285 548 tatur,
310 475 492 542 huiusmodi
515 480 720 543 vexationem
745 498 817 542 esse
840 478 915 562 quid
931 479 1119 564 temporale,
1136 480 1219 562 quod
1234 482 1370 566 proinde

189 619 261 664 cum
292 601 463 684 temporali
487 621 525 665 re
547 603 726 686 permutari
757 607 870 687 potest.
896 601 988 668 Unde
1010 603 1061 668 fas
1083 605 1162 668 mihi
1191 610 1258 677 est,
1287 605 1370 670 Titio

190 725 417 790 calumniatori
446 727 616 810 pecuniam
647 727 735 794 dare.
756 735 791 792 ut
813 747 833 791 a
857 727 1083 792 calumniando
1114 735 1229 804 cesset,
1253 751 1295 794 ne
1318 751 1370 796 me

189 849 343 934 impediat
364 871 385 913 a
407 848 563 916 beneficio
579 850 789 935 assequendo.
808 887 825 900 -
845 852 1061 927 Quamobrem
1077 854 1208 919 videtur
1222 857 1255 918 in
1271 875 1369 920 vexa-

188 977 278 1041 tione
302 975 498 1059 redimenda,
524 978 693 1043 dummodo
717 979 800 1044 haec
823 978 1004 1044 redimatur
1030 980 1143 1063 pretio
1166 981 1219 1045 rei
1242 985 1370 1064 tempo-

188 1103 285 1182 ralia,
300 1102 413 1167 abesse
429 1104 585 1168 simoniae
599 1103 797 1188 periculnm;
814 1104 1023 1168 nihilominus
1039 1107 1183 1186 quaestio
1198 1106 1371 1190 implerier

189 1227 309 1299 evadit,
324 1227 450 1311 quando
466 1228 521 1292 ille
537 1229 590 1311 qui
606 1235 705 1292 vexat
721 1247 785 1290 non
801 1233 941 1313 potesta
954 1229 1128 1293 vexatione
1140 1247 1280 1302 cessare,
1293 1231 1370 1313 quin

185 1351 353 1435 prodesse
367 1351 509 1435 incipiat,
522 1370 579 1415 seu
595 1351 673 1434 quin
695 1371 730 1414 se
754 1356 926 1418 convertat
942 1355 976 1416 in
992 1353 1038 1416 tui
1054 1352 1211 1432 favorem,
1225 1352 1281 1418 tihi
1297 1373 1371 1418 eon-

188 1475 308 1542 cedens
330 1475 449 1559 aliquid
473 1477 649 1560 spirituale.
666 1478 755 1560 quasi
777 1478 810 1540 in
831 1495 976 1542 mercem
999 1478 1096 1560 pretii
1119 1476 1228 1542 oblati.
1254 1479 1371 1563 Utputa

189 1601 313 1667 elector
329 1599 368 1664 ad
385 1597 585 1673 beneficium,
599 1621 662 1665 non
675 1605 781 1686 potest
792 1620 922 1666 cessare
937 1599 978 1664 ab
994 1602 1112 1668 iniusta
1124 1603 1371 1686 vexationeque

190 1725 248 1790 tibi
272 1745 332 1810 per
354 1725 551 1792 iniustitiam.
576 1725 675 1789 veluti
700 1724 837 1809 digniori
862 1729 894 1788 et
918 1724 1065 1798 idoniori‚
1088 1724 1229 1812 denegat
1251 1731 1370 1803 votum,

190 1851 268 1933 quin
283 1849 338 1915 tibi
352 1849 477 1913 directe
493 1849 595 1932 prosit
610 1869 669 1933 per
685 1869 776 1913 suum
789 1848 969 1914 favorabile
985 1846 1187 1935 suffragium
1204 1850 1369 1934 siquidem,

190 1975 345 2055 quantum
369 1971 402 2034 in
422 1990 457 2036 se
480 1976 538 2052 est,
555 1971 611 2036 tibi
635 1940 827 2036 heneficium
850 1971 989 2046 confert,
1009 1971 1083 2036 dum
1096 1972 1223 2068 ‚desinit
1246 1991 1371 2038 vexare

192 2101 327 2182 propter
348 2097 487 2180 pretium
504 2097 533 2160 ei
549 2096 700 2160 oblatum,
720 2097 861 2162 Proinde
883 2103 961 2164 tnnc
976 2099 1107 2162 vexatio
1129 2099 1239 2163 taliter
1254 2099 1369 2163 redimi

191 2239 257 2285 non
281 2225 394 2305 potest,
412 2223 486 2304 quia
501 2220 595 2286 simul
616 2221 735 2284 emitur
752 2219 827 2303 quid
850 2221 1026 2304 spirituale,
1045 2227 1077 2284 et
1093 2221 1126 2285 in
1150 2239 1237 2292 casu.
1254 2221 1370 2286 electio

189 2344 229 2409 ad
253 2342 455 2410 beneficium.
473 2343 634 2420 Quocirca
657 2345 682 2408 si
707 2344 792 2409 forte
814 2344 870 2409 ius
891 2349 927 2409 tu
949 2344 1071 2409 habeas
1090 2345 1153 2408 iam
1169 2347 1369 2429 acquisitum,

193 2475 227 2534 et
248 2468 443 2534 iudicialiter
458 2466 503 2555 (l)
527 2488 592 2533 non
617 2473 872 2540 controversum,
890 2469 1014 2533 scilicet
1037 2468 1158 2532 habeas
1173 2471 1222 2533 ins
1240 2469 1370 2553 plenum

192 2597 225 2659 in
241 2592 410 2670 beneficia,
427 2596 544 2680 quippe
560 2596 613 2677 qui
629 2597 691 2658 iam
708 2616 743 2659 es
759 2595 882 2659 electus
901 2601 934 2660 et
949 2592 1166 2674 confirmatus,
1182 2594 1238 2659 sed
1262 2602 1370 2659 tamen
1467 2640 1472 2647 .

191 2737 212 2781 a
235 2714 391 2783 beneficio
415 2717 607 2803 possidendo
626 2718 810 2803 impediaris
834 2738 895 2803 per
916 2719 1066 2782 iniustam
1082 2717 1275 2791 violentiam,
1292 2724 1371 2784 tunc

192 2844 268 2925 qnia
284 2841 472 2906 redimendo
487 2844 704 2923 venationem,
717 2862 780 2905 non
797 2844 851 2907 ius
866 2842 1016 2925 acquiris,
1030 2843 1086 2907 sed
1096 2842 1229 2925 sactum
1244 2842 1370 2908 obtines

192 2964 345 3054 pacificae
361 2968 582 3051 possessionis,
602 2967 722 3031 nullam
748 2972 859 3052 patras
878 2968 1055 3039 simoniam,
1073 2966 1129 3031 sed
1152 2967 1241 3031 licite
1264 2973 1295 3032 te
1319 2968 1371 3033 de·

191 3089 305 3155 iendis.
323 3088 371 3154 cf.
385 3088 566 3175 Schmalzg.
584 3088 614 3153 h.
629 3094 650 3154 l.
663 3110 696 3154 a.
711 3088 777 3155 134
789 3107 857 3173 seq.
871 3095 905 3155 et
917 3087 1127 3163 D'Annibale,
1141 3089 1208 3162 ΙΙΙ,
1222 3090 1291 3154 100
1300 3109 1369 3175 seq.

192 3253 211 3265 -
227 3216 306 3289 lmo,
325 3218 384 3281 etsi
401 3215 661 3300 impedimentum
681 3217 859 3300 oppositum
884 3234 949 3279 non
973 3217 1013 3280 sit
1036 3216 1201 3281 iniustum
1221 3217 1279 3303 (2).
1296 3219 1370 3300 quia

189 3360 296 3406 meum
320 3342 374 3405 ius
396 3360 462 3405 non
485 3340 599 3413 laedit,
625 3361 729 3424 neque
753 3342 930 3406 caritatem
955 3341 1071 3422 laedat,
1096 3346 1217 3426 utputa,
1242 3344 1267 3407 si
1292 3344 1371 3409 mihi

242 3568 244 3571 .
279 3518 320 3585 (l)
339 3516 410 3569 Nam
430 3516 474 3569 ius
492 3521 701 3571 controversum
721 3533 774 3570 non
794 3522 837 3570 est
859 3520 988 3587 firmum·
1006 3534 1095 3587 quare
1112 3520 1211 3587 ipsum,
1230 3520 1370 3573 mediante

189 3625 281 3694 pretio
294 3622 451 3691 temporali,
465 3624 578 3677 reddere
591 3624 643 3677 sihi
653 3626 776 3693 firmum,
790 3628 949 3687 etcertum,
962 3640 1034 3692 pene
1047 3623 1120 3678 idem
1134 3629 1176 3678 eet
1188 3640 1222 3677 ac
1234 3625 1369 3679 obtinere.

187 3728 267 3791 Quod
287 3744 353 3782 vero
366 3728 400 3781 ed
416 3729 461 3781 ius
479 3729 644 3799 quaesitum,
657 3729 764 3797 species
782 3734 825 3783 est
843 3729 887 3781 ius
900 3729 972 3799 quod
985 3745 1082 3782 omnes
1101 3727 1198 3781 fideles
1214 3728 1318 3782 habent
1336 3729 1370 3781 ad

189 3834 378 3905 recipiendum
396 3836 542 3903 baptisma,
551 3834 596 3889 vel
609 3834 685 3889 aliud
698 3839 920 3898 sacramentum
936 3852 1023 3905 quare
1035 3835 1058 3888 ai
1073 3835 1146 3887 alins
1158 3835 1261 3890 iniuste
1275 3836 1368 3905 prohi-

188 3944 264 4009 beat,
275 3942 426 4013 quominus
439 3957 492 4011 ego
504 3943 561 3996 ista
573 3942 714 4011 recipiam,
724 3958 778 4011 ego
790 3943 858 3995 dans
872 3943 1001 4011 pretium,
1014 3948 1045 3995 nt
1057 3940 1130 3996 alter
1143 3942 1252 3997 desinat
1266 3943 1370 3998 iniuste

189 4066 300 4115 vexare,
313 4049 461 4102 simoniam
480 4064 536 4103 non
549 4052 637 4118 patre,
651 4066 733 4119 quam
753 4052 847 4117 patrat
865 4049 993 4102 minister
1005 4047 1104 4102 horum
1118 4054 1369 4103 sacramentorum:

187 4172 276 4227 quare
294 4160 362 4210 tnnc
381 4156 510 4226 quaestio
529 4160 579 4222 est,
592 4172 627 4208 an
644 4154 711 4209 mihi
731 4154 816 4209 liceat
835 4154 977 4224 cooperari
992 4153 1099 4208 crimini
1119 4154 1245 4222 alterius,
1258 4172 1307 4211 seu
1327 4161 1370 4210 est

190 4262 247 4317 alia
265 4262 402 4333 quaestio.

278 4366 319 4437 (2)
339 4366 434 4421 Veluti
455 4370 499 4421 est
517 4368 620 4420 iniusta
638 4366 750 4420 vexatio
769 4366 828 4421 eius
847 4365 895 4435 qui
914 4381 959 4419 me
977 4365 1092 4429 detinet,
1108 4382 1144 4420 ne
1159 4365 1194 4419 ad
1209 4365 1368 4435 parochiam

187 4490 370 4539 concurram
381 4473 427 4529 vel
440 4477 521 4528 curat
536 4484 672 4544 patronos
685 4478 818 4540 avertere,
833 4489 868 4527 ne
881 4473 960 4537 mihi,
973 4471 1086 4526 aliunde
1098 4475 1191 4543 dique,
1205 4474 1369 4541 suffragium
