3350 5100
620 443 820 534 LIBRI
870 444 942 534 ΙΙ.

694 801 813 900 PARS
844 803 870 898 Ι.

468 1011 536 1091 De
572 1013 775 1092 delictis
811 1017 861 1090 et
897 1010 1091 1110 poenis.

711 1233 843 1242 ——-—-

644 1387 824 1454 TITULUS
852 1387 912 1451 xl.

273 1615 319 1662 DE
347 1615 545 1666 cslurrlsus
576 1619 611 1664 IN
642 1617 955 1665 Anmtnlsrrtsrlotts
985 1615 1281 1664 SAGRAMENTORUM

315 1741 382 1787 VEL
407 1741 442 1788 IN
468 1742 529 1790 USU
553 1743 706 1790 sutanum
731 1743 850 1790 RERUM
874 1741 1052 1790 SAORARUM
1077 1741 1239 1789 snmlssls.

183 1947 405 2006 summatim
419 1980 451 1994 -
469 1951 491 2006 1.
511 1951 542 2006 ln
556 1949 608 2006 hoc
621 1953 706 2006 titulo
723 1951 995 2021 comprehenduntur
1013 1951 1132 2006 crimina
1149 1967 1222 2017 quae
1235 1950 1367 2004 directius

274 2057 419 2112 offendunt
437 2059 481 2112 ius
499 2057 644 2114 Ecclesiae
659 2062 811 2130 privatum.
829 2088 865 2101 -
878 2061 903 2112 2
923 2059 953 2112 ln
972 2058 1070 2128 primis
1088 2063 1252 2113 coercentur
1271 2057 1368 2127 poenis

275 2163 379 2217 abusus
396 2164 425 2218 in
437 2163 680 2218 administratione
699 2169 945 2218 sacramentorum.
959 2193 995 2206 -
1006 2163 1031 2216 3.
1046 2163 1165 2217 Statutie
1180 2162 1275 2234 poenis
1288 2179 1367 2216 cave·

274 2275 331 2337 tur,
349 2289 384 2326 ne
402 2272 521 2326 simonia
539 2276 589 2327 aut
607 2273 668 2342 ipsa
693 2273 828 2328 simoniae
853 2271 932 2326 labes
956 2271 1064 2326 indciat
1087 2274 1146 2326 sive
1168 2272 1366 2326 beneficiorum

275 2378 465 2444 collationem,
477 2379 536 2434 eive
555 2396 634 2432 usum
653 2377 773 2432 aliarum
793 2395 885 2432 rerum
903 2395 1056 2444 sacrarum,
1072 2376 1160 2432 veluti
1180 2377 1367 2448 indulgentia·

275 2503 336 2539 rum
358 2491 387 2540 et
406 2485 451 2539 SS.
472 2483 674 2557 Reliquiarum.
693 2514 729 2527 -
747 2487 771 2538 t.
792 2485 887 2546 Quoad
911 2485 974 2540 loca
995 2501 1082 2548 sacra,
1108 2485 1277 2539 constitutae
1302 2492 1367 2537 sunt

277 2610 382 2663 poenae
393 2594 421 2647 in
435 2591 572 2647 violantes
582 2594 626 2646 ius
642 2594 715 2662 asyli
727 2598 888 2661 competens
901 2593 1041 2656 Ecclesiis,
1053 2610 1103 2647 nec
1117 2608 1171 2645 non
1185 2593 1212 2645 in
1227 2598 1368 2661 transgre-

276 2699 384 2754 dientes
404 2700 566 2754 clcasuram
583 2700 756 2754 monialium.

50 2844 131 2994 Χ
279 2934 307 2997 l.
332 2934 471 2999 Materia
494 2936 697 2999 tractationis
721 2934 808 2999 facili
841 2953 991 2998 sermone
1019 2934 1213 3018 explicatur.
1237 2935 1366 3000 Etenim

67 3066 113 3135 χ’)
183 3058 218 3122 in
242 3059 411 3143 superiore
433 3058 525 3123 titulo
548 3058 589 3125 de
612 3057 800 3123 criminibus
825 3060 948 3143 egimus
972 3078 1064 3142 quae,
1096 3064 1209 3145 suapte
1240 3065 1365 3131 natura,

184 3184 343 3269 impetunt
366 3185 419 3249 ius
443 3184 615 3251 Ecclesiae
635 3183 820 3267 publicum,
845 3182 924 3247 illud
947 3183 1097 3249 videlicet
1120 3204 1221 3269 genus
1249 3184 1366 3249 iuriunr

182 3324 271 3389 quae
300 3310 487 3391 competunt
514 3306 691 3373 Ecclesiae.
720 3310 878 3389 quatenus
904 3311 953 3371 est
975 3307 1117 3373 rodowe
1134 3306 1312 3389 perfecta5
1334 3313 1368 3372 et

183 3430 323 3497 vidimus
346 3432 428 3497 haec
451 3433 523 3496 iura
546 3431 756 3497 defenditum
773 3432 859 3496 inse
881 3433 965 3516 ipsis,
983 3438 1050 3496 tum
1074 3434 1107 3497 in
1131 3452 1245 3497 eorum
1265 3432 1366 3498 subie-

183 3558 258 3621 ctis.
283 3555 445 3640 Siquidem
475 3576 596 3642 poenas
624 3555 897 3622 consideravimus
931 3560 963 3621 in
996 3578 1051 3623 eos
1087 3560 1276 3623 constitutas
1302 3560 1366 3641 qui,

183 3678 239 3743 rel
263 3678 445 3744 immediate
460 3679 639 3745 huiusmodi
660 3681 732 3745 iura
751 3678 896 3752 laedunt,
913 3680 965 3744 vel
985 3682 1071 3766 ipsas
1094 3700 1251 3765 personas
1267 3680 1368 3745 eccle-

182 3804 341 3884 siasticas,
359 3823 443 3888 quae
457 3806 548 3869 hisce
564 3804 685 3869 iuribus
701 3825 846 3889 congrue
869 3805 1062 3871 exercendis
1085 3826 1144 3891 pro
1159 3826 1217 3870 suo
1232 3826 1367 3871 munere

183 3926 385 3993 incumbunt.

276 4050 425 4117 Ecclesia
451 4058 568 4127 autem,
585 4072 648 4137 qua
663 4058 808 4119 esterna
830 4055 980 4126 societas,
1002 4056 1160 4120 instructa
1183 4060 1233 4120 est
1254 4054 1366 4120 mediis

185 4196 247 4241 suo
270 4174 324 4241 fini
346 4180 575 4245 consentaneis
598 4184 631 4245 et
653 4179 910 4253 accommodatis,
927 4180 1057 4245 ethaeo
1080 4181 1187 4246 media
1201 4199 1261 4266 per
1277 4181 1366 4267 leges

188 4301 413 4387 disciplinares
440 4304 487 4369 ita
515 4303 643 4369 ordinat
669 4311 701 4369 et
728 4307 986 4391 componitque
1012 4306 1127 4372 melius
1150 4306 1367 4392 respondeant

186 4426 264 4493 fini:
296 4430 376 4495 istae
412 4431 503 4515 leges
537 4433 734 4497 constituunt
760 4432 814 4497 ius
849 4433 1006 4498 rectoriae
1035 4433 1223 4515 priamum.
1260 4434 1365 4499 Porro

709 4561 1133 4705 7(e²n„f

781 4650 963 4689 'aad‘
