3350 5100
444 326 486 371 nn
510 324 652 373 ionicus
674 324 916 371 cernissemus
942 325 976 379 m
1001 322 1117 369 sesain
1304 304 1367 368 347

192 449 223 509 in
248 447 311 511 hac
335 448 478 531 regione,
506 446 689 511 referentes
712 466 820 510 mures
840 448 951 511 curiae
970 446 1144 511 Romanae.
1160 480 1178 492 -
1193 443 1369 529 Pellegrini

194 572 283 633 Part.
309 570 351 635 11.
376 570 427 635 De
448 571 519 635 iud.
544 590 667 636 summ
690 592 725 637 n.
749 570 798 637 37
820 591 870 656 sq.

281 694 356 759 276.
378 694 470 770 Quod
494 697 519 759 si
544 695 716 760 nonnullas
739 715 911 779 processus
935 714 1067 759 normas
1090 696 1228 760 mutuari
1253 693 1367 778 oppor-

192 826 304 885 tunum
320 827 370 884 eet
385 840 404 884 a
420 822 472 885 cit.
491 820 618 902 Codice,
637 824 749 905 utputa
773 840 831 904 pro
856 820 1063 907 expediendis
1087 818 1287 883 examinibus
1301 821 1369 883 sive

192 948 319 1011 testium
342 948 412 1011 sive
434 947 661 1030 delinquentis,
685 967 745 1032 pro
769 946 979 1031 expediendis
1002 946 1148 1012 articulis
1172 945 1370 1010 detensione-

192 1070 274 1137 libus
290 1075 323 1135 et
337 1090 396 1156 pro
420 1070 545 1135 edenda
568 1047 729 1135 sententia
743 1068 917 1151 definitiva,
934 1070 1036 1135 nihilo
1056 1072 1161 1134 secius
1177 1070 1230 1134 cit.
1247 1068 1370 1133 Instru-

191 1197 265 1267 ctio,
289 1198 407 1281 quippe
430 1194 629 1279 respondens
652 1199 818 1282 systemati
841 1197 969 1282 poenali
999 1196 1115 1261 eccles.
1139 1193 1311 1279 discrepat,
1336 1195 1368 1257 in

191 1339 250 1385 sua
272 1320 459 1399 substantia,
476 1320 516 1384 ab
539 1320 746 1387 ordinatione
767 1342 939 1407 processus
955 1321 1051 1387 crim
1069 1320 1184 1386 civilis.
1206 1319 1368 1403 Siquidem

192 1445 357 1528 proprium
389 1448 439 1507 est
466 1444 650 1518 Ecclesiae,
678 1442 789 1510 fideles
812 1450 846 1507 et
868 1444 1066 1528 potissimum
1090 1444 1227 1509 clericos
1251 1462 1369 1508 arcere

192 1564 231 1629 ab
255 1567 425 1630 occasione
441 1565 595 1649 peccandi
612 1586 669 1630 seu
684 1566 892 1649 delinquendi
912 1572 1008 1649 atque
1033 1568 1077 1629 ita
1100 1564 1202 1649 culpis
1224 1564 1371 1629 admissis

192 1691 363 1756 consulere
393 1696 429 1757 ut
452 1691 564 1756 iisdem
588 1712 648 1776 per
671 1693 840 1756 sollicitam
866 1693 1102 1757 correctionem
1127 1698 1160 1755 et
1183 1691 1370 1775 resipiscen-

190 1816 269 1882 tiam
285 1814 500 1901 delinquentis
521 1819 547 1881 si
564 1815 634 1880 fleri
653 1818 759 1901 possit,
778 1818 810 1879 in
827 1818 948 1901 primis,
965 1821 1158 1880 occurratur
1173 1814 1212 1879 ad
1229 1834 1369 1881 commu-

191 1962 264 2006 nem
292 1939 431 2008 fidelium
463 1941 735 2016 aedificationem
758 1941 963 2026 quamobrem
998 1948 1109 2006 nostra
1133 1943 1306 2009 instructio
1329 1940 1370 2005 ab

191 2072 254 2131 art.
271 2068 285 2131 1
309 2067 349 2131 ad
365 2066 449 2132 VllI
473 2067 507 2131 in
522 2069 668 2152 appositu
683 2066 827 2133 remedia
842 2067 1019 2131 ordinanda
1039 2066 1205 2131 incumbit.
1222 2066 1369 2141 Quoties·

192 2211 330 2274 cumque
352 2192 435 2257 haec
465 2191 570 2257 media
593 2194 627 2257 in
651 2194 779 2258 irritum
806 2190 940 2271 cadant,
964 2193 1045 2263 imo,
1070 2188 1110 2255 ob
1133 2192 1368 2257 contumaciam

192 2318 344 2396 accusati,
360 2316 476 2382 lortius
491 2318 688 2381 constituant
703 2322 928 2400 argumentum
943 2315 983 2380 de
999 2314 1073 2381 dolo
1097 2320 1129 2379 et
1152 2317 1267 2379 reitate
1284 2315 1369 2381 illius

193 2461 286 2525 quem
311 2442 447 2507 Praesul
470 2462 490 2506 a
512 2443 608 2527 culpa
632 2447 664 2506 et
685 2462 706 2505 a
728 2441 869 2507 iudiciali
896 2440 1176 2506 animadversione
1200 2460 1369 2506 removere

191 2574 365 2654 sategerat,
390 2589 581 2655 progressus
605 2567 640 2634 fit
663 2568 704 2633 ad
727 2588 898 2654 processus
922 2570 1176 2640 instructionem,
1195 2569 1227 2632 in
1250 2587 1313 2651 qua
1336 2574 1370 2634 at
1410 2540 1413 2545 Ι

192 2693 365 2778 inquisitio
388 2700 422 2760 et
443 2695 613 2760 accusatio
637 2691 795 2758 iudicialis
818 2693 1017 2778 praecedunt
1043 2694 1233 2758 sententiam
1257 2690 1368 2757 defini-

195 2819 306 2882 tivum.

280 2939 356 3005 277.
380 2941 626 3026 Explicavimus
649 2942 681 3005 in
699 2942 773 3005 Vol.
792 2943 823 3006 ll
849 2961 879 3004 n.
898 2941 959 3006 361
987 2945 1061 3006 acta
1084 2960 1255 3026 processus
1277 2960 1367 3006 sum·

192 3064 298 3130 marii
319 3066 397 3129 vitio
420 3065 572 3130 laborare
595 3066 753 3130 nullitatis
773 3071 898 3130 tanturn
916 3085 958 3130 ex
973 3065 1092 3150 triplici
1117 3065 1235 3147 capite,
1253 3084 1369 3150 nempe

193 3206 235 3252 ex
266 3187 394 3254 defectu
426 3187 458 3270 l)
480 3189 658 3268 citationis,
689 3188 722 3271 2)
752 3187 998 3254 iurisdictionis
1028 3207 1086 3252 seu
1115 3189 1367 3272 competentiae,

192 3313 226 3394 3)
249 3313 414 3394 inundati,
438 3315 484 3379 uti
507 3316 619 3380 statuit
634 3314 784 3379 Clemens
799 3313 884 3378 Vlll
903 3313 1033 3378 Litteris
1051 3348 1068 3361 -
1086 3312 1215 3378 Litium
1237 3313 1368 3396 dispeu-

193 3439 269 3504 diie.
288 3475 305 3487 -
322 3440 479 3504 Nimirum
497 3445 580 3510 acta,
597 3437 767 3503 dummodo
782 3440 962 3504 consistant
985 3441 1017 3503 in
1041 3457 1100 3502 sua
1122 3439 1277 3503 naturali
1299 3438 1369 3503 sule

192 3563 324 3634 stantia,
348 3566 462 3646 utputa
484 3559 654 3625 dummodo
676 3563 837 3625 sententia
860 3561 1034 3646 definitiva
1060 3579 1178 3625 revera
1201 3560 1267 3626 litis
1290 3579 1368 3624 con-

191 3687 293 3748 tineat
303 3684 542 3769 definitionem,
559 3704 619 3767 per
634 3684 800 3767 querelam
814 3683 979 3763 nullitatis,
992 3685 1120 3748 ratione
1135 3702 1268 3749 normae
1283 3684 1370 3749 iudi·

192 3809 289 3874 cialis
299 3808 538 3890 processuum,
555 3813 679 3874 tantum
703 3829 746 3873 ex
761 3809 816 3872 illo
833 3791 963 3891 triptici
974 3810 1079 3893 capite
1100 3808 1209 3893 impeti
1225 3815 1367 3894 possunt.

193 3931 240 3996 Sit
264 3933 371 4014 itaque
