3350 5100
330 275 394 340 172
842 298 925 346 rans
957 297 994 345 11.

326 416 388 501 qui
401 417 532 483 indicat
545 420 638 484 nitra
646 419 753 500 petita
765 417 852 502 (Vol.
869 420 892 491 Ι,
910 440 941 483 n.
955 419 999 484 75
1012 418 1082 504 sq.);
1100 418 1155 484 sed
1172 421 1240 504 ipse
1253 439 1299 495 eoi·¹
1313 418 1431 502 officio,
1449 439 1513 504 pro

327 559 386 604 sua
408 542 634 625 competentia,
658 547 827 627 promovet
841 544 893 608 vel
918 544 1157 609 accusationem
1181 544 1234 608 vel
1259 543 1510 627 inquisitionem,

327 667 354 730 si
377 687 511 732 necesse
534 669 576 732 sit
590 669 763 752 ampliores
787 671 962 752 exquirere
978 669 1186 755 probationes
1203 673 1235 733 et
1251 669 1426 754 appositam
1444 670 1512 733 fert

259 867 265 880 .
327 793 528 856 senteutiam.
553 792 714 858 Videlicet
738 814 841 858 novus
874 793 1088 861 instituendus
1119 800 1168 858 est
1195 813 1365 878 processus
1388 796 1419 859 io
1444 813 1512 878 quo

326 923 497 981 accusatus
517 919 585 981 sive
609 938 651 982 ex
675 917 917 1002 probationibus
941 920 1003 984 iam
1028 919 1134 983 allatis
1158 920 1227 983 sive
1250 939 1294 984 ex
1318 922 1409 984 novis
1432 921 1512 984 vali·

327 1039 470 1106 dioribus
485 1043 631 1107 collectis
654 1033 868 1108 convincatur
891 1043 931 1108 de
955 1046 1101 1108 crimine.
1121 1079 1137 1092 -
1157 1043 1267 1117 Quare
1291 1046 1324 1108 in
1348 1047 1408 1111 isto
1432 1065 1512 1109 casn

328 1167 477 1250 exceptio
500 1167 642 1234 civiliter
664 1169 811 1233 instituta
839 1176 976 1234 nonest
1005 1167 1065 1234 nisi
1098 1171 1224 1234 occasio
1256 1170 1400 1254 poenalis
1430 1190 1512 1234 con-

329 1288 545 1356 demnationis
567 1299 608 1360 et
623 1293 752 1377 planum
779 1299 836 1358 est.

419 1414 553 1489 Quando
572 1436 653 1481 vero
676 1417 829 1500 euoceptia
855 1417 1026 1484 obiiciatur
1041 1418 1268 1484 criminaliter
1283 1437 1341 1484 seu
1357 1419 1398 1483 ad
1414 1438 1511 1504 repe-

328 1539 457 1604 tendam
488 1560 612 1626 poenae
641 1542 906 1625 applicationem.
930 1549 1008 1608 tunc
1031 1543 1238 1615 incidenter,
1263 1564 1321 1608 seu
1348 1543 1511 1628 pendente

329 1663 446 1730 iudicio
465 1665 565 1736 civili,
590 1666 791 1730 instauratur
805 1667 976 1733 accusatio
993 1667 1191 1738 criminalis,
1210 1685 1293 1750 quae
1310 1669 1512 1752 exceptionis

330 1809 394 1864 uon
420 1790 524 1855 refert
545 1792 606 1855 nisi
623 1795 791 1855 exteinam
809 1792 957 1860 formam,
976 1798 1083 1876 utpote
1100 1811 1182 1874 quae
1207 1796 1354 1857 movetur
1376 1795 1433 1858 abs
1448 1811 1510 1858 rea

331 1917 363 1978 et
385 1912 425 1978 ob
449 1917 675 1980 necessitatem
699 1917 846 1999 privatae
869 1915 1085 1999 defensionis,
1110 1915 1167 1980 sed
1190 1935 1310 1980 revera
1339 1935 1512 2001 processus

330 2040 431 2105 initur
453 2040 687 2106 accusatorias
708 2041 742 2104 vi
766 2041 909 2107 actionis
922 2041 1113 2123 popularis.
1133 2075 1151 2089 -
1169 2041 1251 2106 Illud
1270 2042 1435 2126 singulare
1450 2046 1511 2120 est,

330 2185 399 2251 arg.
410 2165 463 2232 cit.
477 2185 551 2248 cap.
567 2163 610 2230 16
622 2166 653 2228 b.
664 2171 696 2236 t,
705 2165 856 2230 videlicet
872 2171 1077 2230 accusantem
1090 2185 1150 2251 per
1162 2165 1290 2230 modum
1303 2167 1513 2248 conceptionis

331 2309 388 2354 seu
411 2289 618 2373 defensante
641 2309 705 2354 uon
730 2291 801 2375 cogi
817 2289 857 2354 ad
874 2289 1073 2355 subeundam
1089 2310 1225 2374 poenam
1242 2291 1511 2356 calumniatorum

330 2434 388 2479 seu
412 2415 548 2480 tationis
569 2416 595 2478 si
619 2415 652 2477 in
676 2413 842 2500 probando
865 2411 1002 2480 deficiat.
1029 2415 1123 2480 Ratio
1148 2419 1197 2480 est
1211 2417 1294 2499 'quia
1312 2415 1367 2480 hic
1381 2415 1514 2481 videtur

329 2558 501 2603 accusasse
529 2538 621 2622 quasi
650 2537 848 2604 necessitate
879 2543 1009 2603 coactus
1040 2556 1118 2603 suae
1147 2536 1353 2603 defensionis.
1385 2537 1513 2603 Verum

331 2662 415 2727 idem
438 2667 551 2741 tentus
573 2663 704 2735 statuit,¹
717 2682 782 2726 non
800 2662 935 2729 talionis
954 2682 1089 2748 poenam
1115 2662 1170 2729 sed
1192 2661 1512 2729 entraordinariam

328 2806 477 2869 poenam
492 2787 661 2853 ferendam
681 2789 800 2852 esseio
818 2787 1084 2852 calumniatorem
1101 2807 1161 2873 pro
1177 2789 1338 2874 gravitate
1354 2788 1510 2851 criminis.

420 2913 474 2977 Ex
495 2911 659 2976 sententia
673 2910 727 2977 cit.
744 2912 866 2993 rapitis
884 2912 923 2976 16
945 2917 1160 2977 recensentur
1178 2912 1268 2977 inter
1287 2918 1511 2983 consorores,

331 3038 364 3099 vi
376 3036 594 3117 enceptianis,
607 3038 660 3120 qui
676 3038 830 3120 promotis
846 3037 900 3101 vel
912 3037 1139 3121 promovendis
1155 3038 1292 3103 crimina
1307 3035 1465 3102 obiiciunt
1477 3042 1513 3101 ut

332 3159 365 3222 in
388 3158 518 3223 obtento
541 3156 647 3224 officio
671 3167 836 3243 promotus
860 3179 924 3223 non
945 3156 1157 3225 confirmetur
1172 3160 1226 3225 vel
1242 3180 1282 3225 ne
1297 3161 1417 3225 altiora
1433 3159 1513 3225 obti-

332 3287 410 3347 neat
431 3282 684 3367 promovendus;
710 3288 743 3348 et
765 3288 902 3350 cavetur
926 3318 944 3333 ·
972 3305 990 3345 ‹
1011 3286 1096 3351 Cum
1120 3284 1307 3368 oppanitur
1328 3290 1366 3349 at
1389 3284 1466 3369 quis
1489 3302 1513 3347 a

327 3408 545 3490 promotione
567 3406 668 3491 officii
690 3408 743 3472 vet
766 3406 919 3493 beneficii
941 3408 1204 3483 emandationsi
1226 3413 1306 3473 ante
1329 3408 1510 3493 coninua-

332 3532 457 3598 tionem
479 3532 650 3604 obiicitur,
673 3551 744 3598 non
766 3532 900 3617 copitar
923 3532 1105 3617 quisquam
1128 3531 1323 3610 inscribere,
1341 3532 1424 3617 qaia
1443 3532 1511 3597 cri·

331 3673 411 3719 men
442 3636 505 3721 boc
532 3655 634 3721 mado
662 3652 848 3735 probatum
878 3654 1020 3737 impertit
1042 3656 1327 3737 promovendam,
1359 3654 1514 3720 sednon

332 3779 446 3845 deiicn
466 3780 537 3843 iam
564 3783 773 3859 promotum.
806 3778 889 3844 Post
912 3778 1206 3864 confirmationem
1235 3798 1315 3845 vero
1344 3798 1423 3843 cnm
1454 3778 1515 3843 sci-

332 3902 407 3969 licet
430 3903 645 3969 ordinandus
666 3900 773 3984 faerit
794 3902 922 3986 aliquis
936 3907 995 3967 ant
1019 3902 1122 3968 etiam
1139 3902 1391 3969 consecrandus
1414 3900 1512 3987 (qaia

333 4027 435 4092 etiam
457 4027 501 4093 ab
519 4027 699 4095 obtinendo
721 4027 856 4109 repellit
879 4032 909 4091 et
932 4026 1044 4093 deiicit
1063 4025 1107 4092 ab
1126 4025 1273 4113 obtento)
1289 4028 1336 4091 ad
1358 4033 1514 4094 entraor-

332 4153 509 4218 dinariam
528 4172 679 4235 poenam
701 4152 890 4218 secundnm
913 4150 1094 4218 arbitrium
1118 4152 1255 4217 discreti
1277 4150 1411 4233 indicis,
1427 4152 1516 4216 cina

332 4278 507 4343 vincutum
521 4276 763 4359 inscriptionis,
779 4281 828 4341 est
844 4276 1017 4358 emcipiens
1032 4276 1290 4362 distrinpendas
1306 4276 1336 4340 si
1351 4274 1516 4357 defecerit

333 4403 371 4469 in
379 4401 561 4486 probando
578 4424 608 4465 a.
627 4402 706 4467 Nam
726 4404 760 4465 in
776 4401 880 4485 primo
897 4420 976 4465 casn
992 4420 1055 4465 non
1072 4400 1232 4487 infligitur
1247 4402 1380 4486 propria
1395 4418 1516 4485 poena;
1643 4482 1644 4497 χ
