3350 5100
614 303 819 353 sansasruu
845 306 882 353 n.
1274 286 1340 353 577

160 430 216 479 tem
235 424 408 494 Coniugibus
420 426 481 479 fieri
495 425 656 479 transeundi
669 426 704 480 ad
717 425 775 481 alia
794 432 868 482 rota.
886 426 961 488 Quos
973 443 1041 481 sane
1054 426 1223 496 improvidos
1235 427 1342 481 ludices

159 529 298 587 humanae
310 535 428 587 naturae
441 532 609 599 conditione,
619 536 648 587 et
660 548 730 589 voce
741 534 803 603 ipsa
814 534 1016 605 quodammodo
1029 534 1171 589 admoneri
1184 535 1341 603 oportebat,

158 652 195 692 ne
213 642 271 693 tem
291 638 437 708 praecipiti
455 639 571 693 audacis
590 644 716 695 sanctum
736 641 911 695 Matrimonii
937 658 1037 697 nexum
1062 642 1238 710 frangerent,
1258 656 1341 711 quem

159 750 322 812 perpetuum
341 748 426 816 atque
447 743 669 800 indissolubilem
694 746 799 815 primus
817 744 931 800 humani
951 746 1063 815 generis
1081 746 1187 799 Parens
1212 761 1342 815 praemu-

159 850 220 903 uuit
238 850 380 920 inquiens:
399 851 460 907 ,Hoc
473 870 547 906 nunc
559 868 589 904 os
603 868 639 906 cu
651 854 757 906 ossibus
776 854 854 919 meis,
868 862 895 907 et
907 868 974 906 coro
986 855 1023 906 de
1035 869 1122 906 came
1139 868 1212 917 mea,
1225 856 1255 905 et
1271 850 1341 905 illud

158 957 282 1011 additum
300 964 361 1013 est:
382 961 578 1019 Qrsumolrrera
593 963 735 1031 relinquet
758 962 839 1014 honre
858 960 973 1014 Patrem
997 977 1094 1023 serm,
1115 970 1141 1015 st
1160 962 1295 1018 Matrem.
1314 971 1341 1015 et

158 1067 321 1121 adhaerebit
345 1070 433 1122 Uxori
450 1084 528 1132 suae,
547 1078 574 1123 et
592 1078 676 1123 erunt
694 1069 751 1121 duo
769 1072 799 1121 ira
818 1085 904 1123 curae
922 1086 987 1121 una

247 1177 265 1235 ς
284 1172 316 1225 ll.
337 1172 499 1227 Huiusmodi
518 1178 611 1228 autem
631 1173 784 1228 abolendae
804 1174 952 1242 pravitatis
970 1174 1072 1227 notitia
1089 1174 1206 1227 dirersis
1224 1189 1260 1228 ex
1278 1168 1341 1243 par·

159 1277 235 1331 tibus
252 1278 339 1332 Nobis
357 1277 450 1335 deleta
469 1286 526 1345 est,
544 1286 628 1350 atque
653 1280 738 1333 etiam
758 1279 882 1334 indicata
903 1285 970 1333 sunt
987 1279 1116 1347 exempla
1141 1280 1339 1333 nonnullorum

158 1382 290 1447 virorum,
308 1384 354 1453 qui
376 1388 437 1453 post
456 1384 583 1452 primam,
602 1390 631 1438 et
649 1383 853 1443 secundamus
872 1385 995 1448 tertiam,
1007 1400 1092 1453 quam
1103 1383 1250 1447 duxerant,
1265 1384 1341 1439 Uxo-

159 1504 216 1543 rem
228 1490 264 1542 ob
277 1488 391 1543 nimiam
405 1476 527 1543 iudicum
541 1490 784 1559 praecipitantium
797 1490 825 1542 in
841 1488 972 1543 nullitate
992 1490 1235 1543 Matrimoniorum
1248 1489 1342 1544 decla·

159 1594 251 1661 rande,
271 1593 360 1649 adbuc
378 1594 435 1651 illis
455 1596 551 1665 primis
571 1596 712 1651 Uxoribus
731 1596 937 1665 superstitibus,
949 1595 984 1649 ad
1003 1594 1118 1666 quartas
1136 1594 1340 1650 contrahendas

158 1702 269 1770 nuptiae
288 1700 472 1767 devenerant3
493 1708 521 1771 et
539 1702 669 1757 similiter
693 1703 894 1768 foeminarum,
912 1718 985 1772 quae
1003 1706 1066 1771 post
1088 1702 1222 1771 primum,
1242 1718 1340 1756 secun·

157 1807 232 1873 duim,
243 1814 273 1861 et
292 1809 405 1863 tertium
425 1810 566 1876 maritum,
579 1814 680 1880 quarto
699 1810 794 1872 etiam,
809 1808 869 1861 illis
885 1824 996 1879 quoque
1014 1808 1182 1873 viventibus,
1194 1824 1224 1863 so
1242 1809 1340 1863 iunxe-

158 1918 228 1979 rant,
249 1929 302 1967 non
321 1916 381 1969 siue
400 1914 565 1984 pusillorum
583 1914 724 1981 mandale,
737 1921 766 1971 et
784 1916 921 1969 bonorum
939 1914 1064 1968 omnium
1082 1914 1279 1980 detestatione,
1290 1915 1339 1985 qui

157 2034 236 2073 sacra
255 2019 427 2074 Matrimonii
447 2021 560 2075 vincula
578 2023 618 2075 its
637 2022 788 2086 contemni,
800 2027 830 2076 et
843 2026 950 2076 temere
969 2021 1103 2090 perfringi
1123 2020 1264 2075 dolebant
1282 2021 1339 2075 Nos

157 2128 265 2189 autem,
283 2123 328 2178 his
346 2125 514 2191 intellectis,
532 2127 611 2195 gravi
631 2126 724 2179 affecti
743 2125 839 2180 dolore
857 2125 957 2179 intimo
976 2124 1071 2178 anime
1090 2124 1290 2193 ingemuimus,
1309 2129 1340 2179 et

158 2244 211 2282 non
232 2232 468 2300 praetermisimus
486 2232 667 2301 Apostolicae
693 2231 812 2286 Nostrae
836 2229 1036 2286 sollicitudinis
1060 2236 1155 2300 partes
1172 2232 1202 2285 iu
1221 2231 1339 2286 Domino

157 2338 476 2423 adimplere38iquidsm
496 2341 585 2410 primo
605 2339 789 2393 pontificatus
808 2338 903 2391 Nostri
922 2354 997 2392 auno
1008 2338 1042 2391 ad
1056 2338 1207 2407 Episcopus
1224 2337 1339 2391 illarum

158 2446 292 2513 Par-tium,
304 2448 332 2500 in
345 2448 447 2519 quibus
467 2448 608 2517 praedicta
627 2448 797 2513 acciderant,
810 2446 980 2515 plenissimis
996 2446 1070 2499 datis
1088 2445 1201 2512 litteris,
1214 2446 1340 2513 graviter

156 2554 299 2624 conquesti
318 2571 413 2607 sumus
425 2555 458 2610 de
471 2554 628 2609 huiusmodi
649 2555 797 2623 pravitate,
810 2570 882 2629 quae
894 2554 922 2606 iu
940 2552 1068 2606 Ecclesia
1088 2551 1136 2606 Dei
1155 2550 1339 2616 tolerabatur,

155 2665 183 2713 et
202 2661 236 2714 ad
255 2676 316 2714 eam
335 2661 500 2716 abolendam
520 2677 616 2715 eorum
634 2661 742 2714 animos
761 2660 878 2728 erigere,
897 2663 927 2713 et
945 2659 1114 2728 pastoralem
1133 2657 1223 2712 selum
1242 2674 1340 2714 accen·

154 2767 219 2820 dere
238 2767 410 2821 curavimus:
424 2767 496 2837 quod
515 2768 600 2820 etiam
613 2766 724 2835 egimus
736 2781 799 2818 curn
812 2765 877 2819 aliis
889 2765 1008 2818 aliarum
1023 2765 1175 2854 regionum⁶
1186 2765 1338 2835 Episcopis,

156 2873 201 2922 ubi
212 2870 369 2924 huiusmodi
380 2887 498 2940 pravum
508 2872 724 2926 dirimeudcrum
736 2871 980 2925 Matrimoniorum
989 2888 1070 2925 usum
1080 2872 1226 2941 irrepsisse
1234 2887 1339 2940 cogno·

156 2976 254 3029 vimus.

244 3089 261 3148 ἓ
281 3084 326 3138 111.
349 3084 451 3138 Verum
477 3085 563 3139 Nobis
587 3101 748 3154 responsum
767 3091 825 3146 est,
844 3081 872 3136 id
889 3099 974 3153 saepe
991 3083 1156 3154 contingere
1181 3085 1282 3153 partim
1302 3100 1338 3139 ex

154 3179 237 3262 culpa
254 3192 368 3247 illorum
387 3193 518 3260 iudicum,
538 3195 639 3264 quibus
659 3195 701 3247 rel
721 3195 749 3247 in
775 3196 865 3264 prima
883 3195 1035 3260 instantia,
1053 3211 1115 3248 cum
1135 3211 1220 3249 causa
1244 3209 1338 3246 eorem

153 3297 244 3356 Iudice
263 3299 403 3354 ordinario
423 3317 457 3354 ex
476 3301 572 3370 aliqua
591 3301 719 3370 legitima
738 3318 822 3356 causa
841 3302 972 3372 cognosci
986 3303 1092 3373 nequit,
1105 3303 1150 3357 rel
1165 3303 1195 3356 iu
1207 3301 1338 3366 mcunda,

153 3423 215 3460 cum
229 3408 256 3459 in
270 3407 396 3476 partibus
409 3407 503 3460 nullus
516 3406 595 3462 adest
607 3407 700 3474 ludex,
713 3407 747 3462 ad
760 3409 840 3464 cuius
853 3408 987 3464 Tribunal
998 3425 1083 3462 causa
1095 3409 1124 3461 in
1137 3409 1225 3478 gradu
1243 3407 1339 3476 appel·

152 3511 266 3566 lationis
284 3513 457 3578 devolvatur,
472 3514 515 3569 rel
535 3515 557 3568 si
577 3513 665 3579 adest,
679 3515 753 3568 iusta
764 3515 798 3569 de
811 3532 896 3570 causa
914 3531 1007 3570 coram
1020 3531 1055 3569 eo
1067 3514 1215 3583 disceptari
1231 3513 1338 3582 nequit,
1364 3541 1370 3550 ·

152 3633 251 3674 causae
270 3622 492 3677 matrimoniales
511 3620 667 3676 huiusmodi
688 3639 705 3676 a
723 3623 793 3677 Sede
812 3623 976 3692 Apostolica
991 3623 1214 3687 committuntur,
1227 3621 1274 3691 qui
1291 3619 1337 3674 vel

152 3727 187 3778 ob
207 3727 356 3791 inscitiam,
372 3728 417 3782 vel
436 3728 472 3782 ob
491 3729 593 3783 malam
613 3728 786 3784 voluntatem
807 3729 944 3798 proclives
963 3735 1029 3782 eunt
1041 3728 1076 3782 ad
1088 3727 1271 3782 Matrimonia
1282 3725 1338 3778 dis-

152 3829 292 3896 solvenda,
311 3839 396 3902 atque
415 3833 512 3887 eadem
531 3833 723 3898 Matrimonia,
742 3833 797 3887 levi
817 3833 966 3888 ueletiam
986 3831 1066 3886 nullo
1084 3831 1182 3887 babitu
1200 3833 1337 3896 examine,

152 3937 241 4002 irrita,
259 3953 292 3990 ac
311 3938 435 3992 invalida
454 3938 612 4002 declaraut;
632 3940 734 4012 partim
754 3940 840 3995 etiam
853 3955 888 3993 ex
905 3940 981 3992 tacto
999 3938 1156 4008 Coniugum
1174 3955 1258 4008 super
1275 3939 1338 3993 uul-

90 4046 94 4054 '
151 4044 233 4100 litate
252 4061 364 4098 auorum
391 4047 632 4101 Matrimoniorum
659 4047 850 4116 litigantium,
868 4063 931 4120 cum
950 4049 1112 4117 frequenter
1132 4065 1203 4102 unus
1225 4051 1335 4102 tantum

151 4167 256 4216 eorum,
268 4151 315 4221 qui
328 4151 539 4206 dissolutionem
553 4153 728 4208 Matrimonii
742 4154 875 4224 postulat,
887 4156 917 4208 in
929 4153 1033 4208 iudicio
1049 4159 1219 4224 compareat,
1232 4161 1261 4208 et
1275 4171 1337 4210 sen·

150 4259 248 4324 tentia,
267 4257 346 4312 nullo
365 4259 588 4321 contradicente,
606 4261 756 4314 secuudum
776 4278 827 4314 sura
846 4267 912 4315 vota
930 4263 1062 4325 obtenta,
1081 4262 1115 4313 ad
1135 4261 1206 4314 alias
1225 4262 1337 4330 nuptias

65 4409 66 4412 ,
150 4362 297 4428 convolat3
315 4363 360 4418 rel
379 4365 515 4417 ambobus
533 4363 705 4434 coniugibus
724 4366 752 4418 in
772 4365 907 4419 iudicium
925 4367 1113 4433 venientibus,
1125 4366 1206 4432 alter,
1219 4367 1267 4437 qui
1287 4383 1336 4435 pro

225 4507 286 4560 Suc.
306 4507 394 4575 Lepre,
415 4505 474 4560 Lib.
495 4506 527 4571 ll,
548 4507 603 4560 rol.
624 4507 669 4560 lv.
1229 4507 1264 4560 37
