3350 5100
520 292 564 339 ua
587 292 727 341 runicus
750 256 1002 345 carlomannus.
1285 280 1349 347 237

168 414 255 479 libus
277 420 316 481 ut
337 415 397 481 sub
421 416 484 480 hoc
507 422 650 500 aspectu,
674 436 731 481 seu
749 416 913 499 practice,
937 420 1084 484 nonnulli
1113 421 1177 485 DD.
1206 420 1351 489 absolute

168 545 328 613 asserant,
354 541 388 604 in
411 539 633 605 criminalibus
653 542 936 627 proropotionem
952 544 1195 625 competentiae
1218 566 1283 611 non
1299 548 1350 612 ad·

167 670 261 733 mitti.
283 669 333 733 Eo
347 669 451 753 magis
474 666 557 751 quod
580 666 676 732 hodie
699 674 879 734 oommotor
903 676 952 735 est
975 669 1123 755 publicus
1147 668 1295 737 officialis
1319 679 1351 738 et

167 794 346 878 liic‚quum
369 813 469 879 agere
492 791 608 858 debeat
630 793 664 856 in
687 792 808 858 ambitu
831 796 882 859 sui
911 794 1125 862 territoriolis
1145 797 1254 881 officii.
1279 820 1350 885 pro·

166 919 339 1003 rogatione
363 918 600 1002 competentiae
621 936 685 982 non
709 918 820 983 utitur.

257 1040 337 1105 170.
360 1040 491 1125 Species
514 1042 753 1127 prorogationis
776 1046 825 1105 est
848 1044 1058 1109 reconventio
1082 1064 1138 1109 seu
1162 1050 1271 1111 mutua
1294 1068 1348 1133 pe-

165 1168 236 1232 titio
261 1172 295 1230 et
318 1166 488 1249 quaeritur
510 1186 553 1230 an
575 1168 785 1232 reconventio
814 1167 919 1233 locum
951 1166 1071 1234 habeat
1100 1170 1132 1232 in
1162 1172 1266 1235 causis
1289 1174 1349 1237 cri·

166 1289 349 1354 minalibus.
374 1288 555 1374 Schmalzg.
582 1292 631 1356 tit.
648 1289 702 1355 De
716 1295 797 1356 nint.
810 1292 904 1375 petit.
921 1312 953 1356 n.
973 1292 1022 1363 ll,
1040 1293 1101 1357 ait:
1122 1294 1348 1379 ‹Respondeo

165 1413 395 1500 distinguendo
418 1416 503 1479 inter
526 1422 663 1498 quatuor
686 1436 779 1481 casus
802 1414 842 1481 de
866 1415 979 1500 quibus
1003 1416 1132 1483 dubium
1147 1419 1229 1497 istud
1244 1424 1349 1505 potest

164 1538 362 1622 procedere,
393 1538 446 1603 vel
478 1540 564 1605 enim
597 1539 629 1622 l)
653 1539 796 1606 civiliter
826 1546 1005 1607 conventus
1028 1543 1098 1608 vult
1122 1543 1349 1610 criminaliter

164 1684 335 1736 accusare.
351 1666 404 1729 rel
420 1665 455 1750 2)
468 1671 637 1731 accusatas
653 1665 878 1732 criminaliter
890 1666 958 1733 vult
971 1674 1194 1734 accusatorem
1207 1670 1348 1737 civiliter

165 1791 355 1861 convenire,
380 1788 489 1873 ve13)
513 1796 683 1855 accusatus
706 1791 848 1857 ciuiliter
870 1792 942 1857 vult
964 1793 1061 1857 etiam
1086 1793 1229 1859 civiliter
1252 1813 1346 1861 aceu-

164 1934 251 1994 sare,
277 1914 331 1978 vol
359 1912 498 1997 denique
521 1913 554 1997 4)
579 1914 804 1980 criminaliter
826 1921 996 1981 accusatus
1023 1916 1092 1981 vult
1122 1923 1345 1995 accusatorem
1384 2002 1389 2013 ¹

163 2059 260 2106 suum
283 2040 380 2103 etiam
403 2039 629 2105 criminaliter
651 2058 854 2104 accusare».
879 2043 1029 2106 Iamvero
1061 2044 1093 2105 in
1120 2043 1237 2125 primo
1269 2064 1345 2110 casu

163 2182 231 2227 non
255 2162 402 2245 sequitur
417 2162 598 2227 huiusmodi
623 2164 844 2231 reconventio.
859 2164 977 2249 quippe
1000 2166 1178 2231 criminalis
1193 2171 1226 2233 et
1242 2168 1346 2233 civilis

162 2289 251 2353 actio
275 2286 453 2352 'convenire
476 2288 563 2353 inter
586 2306 621 2351 se
643 2306 711 2351 non
733 2295 867 2373 possunt
897 2291 931 2353 in
961 2289 1073 2355 eodem
1105 2290 1225 2356 iudicio
1256 2296 1344 2377 quasi

164 2419 300 2481 mutuae
321 2413 511 2497 petitiones;
534 2414 630 2477 unius
653 2414 737 2477 enim
762 2412 922 2481 obiectum
953 2414 1117 2499 discrepat
1143 2418 1276 2482 omnino
1304 2418 1346 2482 ab

162 2539 302 2604 alterins
317 2536 459 2612 obiecto;
476 2540 549 2609 imo,
565 2537 597 2603 in
612 2536 731 2604 bonum
747 2537 922 2624 publicum,
938 2542 1152 2606 accusationis
1168 2542 1346 2608 criminalis

161 2669 261 2728 antea
275 2668 331 2736 est,
341 2661 578 2748 expediendum
601 2662 762 2728 iudicium.
781 2699 796 2712 ·
812 2663 851 2728 In
875 2665 1023 2732 secundo
1039 2685 1126 2738 casu,
1145 2667 1185 2730 ob
1199 2667 1344 2732 eamdem

161 2789 335 2859 rationem,
368 2805 433 2849 non
460 2784 640 2851 admittitur
668 2788 880 2852 reconventio
910 2807 1016 2871 neque
1045 2790 1263 2874 permittenda
1293 2799 1342 2856 est

162 2911 359 2983 cumulatio,
373 2911 448 2994 quia
471 2913 604 2998 gravius
626 2913 791 2998 negotium
815 2913 994 2979 criminale
1018 2933 1083 2979 non
1105 2920 1154 2980 est
1170 2914 1345 3001 impedien-

161 3033 237 3100 dum
253 3055 275 3099 a
289 3033 381 3100 civili
403 3037 639 3100 controversia.
659 3071 673 3084 ·
689 3034 729 3099 In
753 3037 850 3102 tortio
867 3055 954 3118 casu,
979 3057 1104 3124 reapse,
1130 3042 1345 3106 reconventio

161 3163 213 3225 est
234 3158 350 3230 civilis,
372 3159 518 3241 quamvis
541 3163 668 3232 exorta
681 3158 853 3224 occasione
876 3179 994 3226 causae
1017 3162 1212 3240 criminalis;
1235 3165 1344 3250 proin-

162 3284 267 3368 deque
291 3283 477 3348 nullimode
501 3283 715 3369 prohibentur
740 3290 871 3350 mutuae
895 3287 1076 3371 petitiones.
1102 3322 1122 3335 ·
1147 3289 1278 3355 Domum
1310 3292 1342 3354 in

161 3414 286 3494 quarto
310 3426 398 3489 casu,
414 3427 475 3492 per
497 3429 533 3474 se
550 3409 767 3474 reconvenire
790 3429 855 3473 non
879 3409 929 3475 fas
953 3419 1010 3484 est,
1036 3414 1111 3496 quia
1134 3417 1344 3479 reconventio

160 3531 360 3599 conceditur
388 3531 429 3594 ad
456 3530 662 3597 minuendam
686 3534 753 3597 vim
777 3538 811 3597 et
833 3531 1010 3600 efficaciam
1034 3535 1169 3602 alicuius
1192 3539 1341 3612 actionis,

160 3656 215 3740 (ct.
239 3657 305 3722 vol.
331 3657 356 3730 1,
373 3676 406 3721 n.
426 3657 491 3722 172
505 3657 567 3740 sq.)
591 3662 624 3722 at
648 3659 681 3722 in
705 3658 928 3723 criminalibus
951 3661 978 3724 si
1002 3666 1172 3726 accusator
1191 3663 1342 3736 vicissim,

161 3788 335 3849 accusetur
348 3782 389 3847 ab
405 3789 567 3857 accusato,
586 3803 651 3848 non
668 3785 824 3849 minuitur
835 3785 1004 3868 utriusque
1017 3789 1161 3852 criminis
1177 3789 1342 3873 imputatio

161 3917 193 3974 et
207 3927 330 3993 poena;
347 3907 432 3990 quod
447 3908 617 3994 eleganter
632 3910 796 3994 expressit
811 3909 966 3994 Ulpianus
982 3911 1073 3976 aiens
1096 3912 1134 3977 in
1153 3914 1174 3977 l.
1191 3913 1225 3978 5.
1240 3915 1275 3997 ff.
1293 3913 1343 3978 Do

157 4033 239 4114 pao.
255 4032 328 4099 iud.
351 4032 419 4098 «si
444 4035 516 4116 quis
539 4053 616 4098 reus
638 4034 745 4100 factus
768 4039 827 4115 est,
843 4054 987 4119 purgare
1011 4055 1046 4099 se
1062 4035 1165 4108 debet,
1183 4057 1244 4102 nec
1266 4044 1343 4103 ante

162 4160 265 4238 potest
290 4174 448 4220 accusare
471 4175 567 4240 quam
591 4156 690 4221 tuerit
718 4161 909 4232 excusatus3
934 4158 1224 4226 constitutionibus
1251 4160 1341 4226 enin

163 4278 370 4360 observatur,
394 4285 432 4344 nt
458 4296 531 4346 non
556 4281 722 4347 relatione
745 4269 930 4347 criminum
955 4283 1015 4348 sed
1041 4283 1235 4350 innocentio
1261 4305 1342 4351 arens

160 4410 329 4491 pur-peirn
350 4425 382 4468 r.
414 4405 629 4470 Nihilominus
670 4407 881 4472 reaccusamli
916 4409 966 4472 ius
1000 4408 1152 4475 tribuitur
1190 4416 1341 4476 accusato
