3350 5100
300 280 368 345 236
612 353 615 360 ,
812 296 896 344 raas
928 296 963 343 11.

301 425 391 491 tione
413 422 577 489 territorii
598 421 731 487 inducta
753 423 795 486 sit
810 422 843 485 in
861 420 987 517 bonnm
1006 420 1193 503 privatum,
1218 420 1307 484 cives
1329 438 1387 484 seu
1402 415 1482 483 flde-

301 548 350 613 les
364 547 476 613 valent
490 564 669 633 prorogare
689 516 937 631 competentiam
953 544 1066 611 iudicis
1080 544 1251 611 ordinarii
1275 543 1314 609 de
1337 560 1481 629 persona

302 674 336 737 in
358 685 541 758 personam,
558 670 598 737 de
621 691 659 736 re
682 670 723 735 ad
746 690 826 741 rem.
852 668 986 737 deloco
1009 668 1049 735 ad
1072 670 1188 742 locum,
1206 669 1245 735 de
1267 674 1414 753 tempore
1436 665 1479 731 ad

301 795 578 882 tempranensis
607 815 687 861 rero
715 794 862 880 dcteqoti
884 794 924 859 de
947 795 1019 872 loco
1045 792 1087 859 ad
1113 795 1237 869 locum,
1261 793 1302 858 de
1330 798 1481 877 tempore

301 921 342 986 ad
365 928 504 1007 tempus;
528 923 574 989 uti
598 921 831 1006 explicavimus
854 921 929 986 Vol.
955 922 980 993 l,
1006 940 1037 984 n.
1063 920 1137 985 342.

390 1050 540 1113 Iamvero
574 1049 671 1112 etiam
702 1048 734 1110 in
765 1066 803 1111 re
829 1044 992 1111 criminali
1025 1046 1114 1129 viget
1148 1043 1262 1129 regula
1291 1041 1478 1129 generalis,

303 1192 418 1258 nempe
436 1192 503 1256 per
523 1190 561 1238 se
583 1173 653 1237 dari
672 1172 954 1258 proropctioncni
978 1170 1219 1253 competentiae
1243 1188 1285 1234 ex
1309 1168 1479 1234 voluntate

302 1300 450 1383 partium,
474 1317 591 1382 nempe
614 1296 739 1364 actoris
762 1303 794 1361 et
816 1296 877 1368 rei,
902 1298 947 1361 uti
971 1296 1054 1361 bene
1077 1294 1216 1360 advertit
1240 1293 1388 1377 Pirhing,
1407 1292 1439 1357 b.
1459 1299 1479 1357 t.

303 1440 333 1484 n.
360 1422 424 1487 188
448 1426 564 1487 contra
585 1420 666 1485 alios
686 1421 750 1486 DD.
775 1418 818 1485 ibi
842 1438 1005 1491 excussos,
1031 1416 1084 1503 qui
1108 1418 1306 1483 contrariam
1330 1415 1479 1503 regulam

303 1549 433 1629 ponunt.
458 1544 594 1628 inquam
611 1562 680 1626 per
697 1562 762 1626 se,·
784 1562 859 1607 nam
890 1544 923 1606 io
954 1561 992 1607 re
1020 1542 1193 1607 criminali
1223 1539 1301 1605 illud
1332 1545 1382 1606 est
1412 1541 1481 1605 sin·

219 1656 223 1663 ’
301 1669 426 1753 gulare,
451 1669 576 1734 scilicet
598 1665 835 1753 invigilandum
859 1686 930 1732 esse
954 1686 995 1732 ne
1018 1672 1190 1732 accusator
1221 1670 1253 1731 et
1277 1684 1352 1731 reus
1375 1666 1476 1730 colin-

301 1794 395 1866 dcnt
418 1800 633 1879 prorogantes
656 1793 915 1877 competentiam·
928 1797 963 1856 ut
985 1792 1124 1856 iustitiae
1143 1791 1307 1875 punitivae
1331 1789 1480 1873 praeclu-

301 1919 379 1983 dant
393 1918 522 1983 aditum.
538 1918 698 2002 Siquidem
714 1922 747 1982 in
763 1937 802 1984 re
816 1918 907 1983 civili
922 1916 1075 1983 eiusmodi
1094 1916 1274 2001 periculum
1293 1934 1358 1979 non
1375 1914 1479 1979 obstat

301 2045 532 2129 prorogationi‚
546 2045 621 2126 quia
636 2048 745 2128 partes
767 2043 800 2106 vi
823 2043 1063 2128 prorogationis
1087 2021 1262 2105 censentur
1282 2041 1479 2105 renunciare

302 2171 362 2233 iuri
385 2189 444 2233 suo
467 2188 524 2234 seu
548 2171 798 2233 transactionem
821 2167 941 2233 facere.
968 2170 1026 2232 Ast
1049 2169 1081 2231 in
1106 2186 1143 2231 re
1167 2165 1340 2231 nioninoti
1353 2170 1479 2230 transa-

302 2296 400 2359 ctioni
421 2314 486 2358 non
510 2300 559 2359 est
573 2294 674 2365 locus.
691 2295 845 2377 quianon
862 2294 969 2378 agitur
985 2298 1108 2357 tantum
1132 2290 1171 2356 de
1195 2289 1320 2355 iuribus
1335 2291 1478 2375 privato·

303 2440 375 2483 rum
398 2421 526 2485 civium.
551 2418 599 2485 cf.
625 2419 700 2484 Vol.
725 2419 750 2491 Ι,
776 2420 796 2483 t.
822 2418 874 2483 cit.
900 2417 1115 2491 Quamobrem
1132 2415 1277 2482 absolute
1291 2434 1356 2480 non
1373 2413 1479 2499 prohi-

303 2542 396 2608 betur
418 2544 615 2629 prorogatio.
641 2542 814 2608 sed‘caute
839 2540 1038 2628 vigilandum
1061 2561 1103 2605 ne
1127 2539 1321 2608 collusionis
1352 2540 1477 2604 crimen

301 2668 496 2732 admittatur.
515 2666 563 2732 Oi.
581 2667 614 2730 in
629 2666 691 2731 hoc
704 2666 778 2730 Vol.
792 2685 875 2750 quae
891 2666 1122 2750 explicavimus
1138 2683 1237 2749 supra
1251 2683 1284 2727 n.
1299 2663 1342 2728 67
1359 2663 1400 2728 de
1416 2663 1480 2728 hoc

303 2795 447 2857 erimine.
467 2826 483 2838 -
503 2793 682 2856 Praeterea
698 2792 928 2876 prorogatam,
946 2793 979 2854 in
1004 2809 1040 2854 re
1064 2789 1235 2870 criminali,
1252 2787 1335 2854 aliae
1359 2788 1480 2853 facien·

303 2916 362 2980 dae
385 2922 459 2981 sunt
481 2917 698 2989 limitationes,
716 2935 798 3000 quae
813 2920 923 2979 umen
946 2915 1097 2979 derivant
1112 2934 1155 2979 ex
1171 2919 1263 3000 parte
1279 2913 1402 2979 indicis
1423 2931 1479 2978 seu

303 3063 347 3108 ex
360 3043 455 3108 modo
470 3041 677 3128 procedendi.
694 3042 779 3109 Sane
802 3045 977 3125 conceptus
1000 3041 1239 3126 prorogationis
1255 3043 1313 3112 est,
1331 3045 1475 3105 actorem

303 3177 359 3234 aut
381 3189 473 3233 reum
496 3169 530 3232 in
553 3187 689 3252 quornm
708 3167 826 3232 bonum
842 3167 1017 3231 constituta
1040 3171 1088 3230 est
1111 3167 1326 3250 competentia
1350 3165 1480 3232 territo·

301 3294 409 3366 riatia
427 3313 529 3377 posse,
547 3295 777 3357 renunciantes
793 3293 857 3356 iuri
880 3311 945 3364 suo,
964 3289 1055 3355 adire
1072 3289 1209 3355 iudicem
1226 3287 1479 3356 territorinlitcr

304 3437 368 3482 non
384 3420 617 3502 competentem
633 3414 833 3501 proindeque
850 3417 918 3480 eius
934 3415 1180 3499 competentiam
1196 3431 1387 3498 prorogare.

392 3542 501 3616 Quare
532 3540 669 3606 facultas
699 3537 896 3624 prorogandi
927 3540 1058 3604 minime
1088 3539 1229 3624 pertinet
1260 3537 1301 3602 ad
1327 3535 1477 3611 iudicem,

304 3667 440 3753 quiade
463 3688 502 3732 re
524 3667 631 3751 agitur
654 3664 694 3729 ad
718 3669 827 3752 partes
858 3669 982 3729 mutum
1007 3670 1174 3749 spectante
1202 3669 1234 3728 et
1260 3664 1391 3749 planum
1420 3669 1477 3730 est.

305 3797 454 3860 lamvero
485 3793 613 3877 quando
644 3791 762 3857 iudicia
789 3793 1012 3856 instaurantur
1035 3808 1094 3874 per
1123 3791 1209 3853 viam
1239 3789 1477 3860 accusationis,

298 3939 366 4003 per
384 3939 428 3992 se,
454 3920 498 3983 uti
521 3915 782 4003 significavimus,
806 3916 970 4000 integrum
995 3921 1043 3979 est
1066 3913 1248 3978 accusatori
1271 3917 1304 3978 et
1327 3927 1479 3979 accusem

302 4064 483 4130 prorogare
511 4043 758 4128 competentiam
785 4039 916 4115 iudicis;
947 4061 1044 4125 quum
1071 4059 1151 4104 vero
1179 4057 1351 4124 processus
1381 4036 1419 4103 fit
1438 4058 1480 4104 ex

303 4171 520 4255 inquisitione
543 4189 586 4234 ex
608 4167 716 4253 officio
741 4165 865 4238 iudicis,
891 4172 968 4232 tunc
992 4165 1090 4230 iudex
1114 4183 1177 4229 non
1201 4165 1290 4229 valet
1313 4165 1479 4248 inquirere

304 4298 337 4359 in
354 4315 447 4359 reum
462 4314 527 4359 non
542 4293 602 4359 sibi
618 4291 777 4359 subditum
792 4297 849 4368 aut
862 4293 987 4356 ratione
1003 4289 1165 4357 donticilii
1177 4295 1232 4355 aut
1248 4287 1370 4354 delicti.
1389 4287 1478 4362 Quae

304 4420 510 4486 limitationes
526 4437 653 4490 revera.
678 4420 723 4484 ita
747 4421 914 4482 coarctant
933 4416 987 4480 ins
1003 4413 1261 4500 proropctionis
1275 4414 1309 4477 in
1325 4413 1477 4486 crimina.
