3350 5100
561 315 605 365 ns
630 317 783 366 nsnrcrrs
807 319 850 366 nr
875 319 993 367 rossus
1322 305 1367 370 59

187 433 220 516 b)
243 433 413 503 infirmitas
435 437 557 523 leprae,
582 439 611 526 a)
635 438 803 506 iufirmitas
827 441 1012 527 epidemiae.
1038 443 1100 509 Sed
1124 445 1206 510 haec
1234 465 1366 511 enume-

188 561 273 625 ratio
290 567 339 627 est
362 563 637 646 demonstrativa,
654 585 718 630 non
743 568 899 634 taaratiaa
921 589 979 634 seu
1000 589 1066 635 non
1082 570 1227 636 excludit
1240 571 1368 638 similes

187 705 311 760 causas,
335 687 435 754 veluti
458 689 709 774 inundationem,
726 695 924 759 invasionem
947 693 1097 760 hostium.
1116 731 1134 744 ·
1149 696 1181 762 S.
1199 697 1366 782 Alphous„

187 809 238 876 De
261 813 324 898 leg.
348 835 382 878 n.
405 813 542 880 eoam
564 817 623 900 fin.

277 939 407 1003 Forma
422 939 537 1006 Piana
554 941 737 1026 expostulat
760 949 795 1009 ut
818 963 915 1027 quum
930 945 1039 1029 agitur
1054 944 1095 1010 de
1110 943 1299 1012 infirmitate
1313 946 1366 1010 vel

189 1062 253 1128 alio
276 1081 353 1128 casu
377 1064 464 1130 illico
489 1085 553 1131 nan
577 1068 771 1152 impellente,
787 1071 831 1134 uti
850 1070 1017 1152 incendia,
1032 1089 1131 1136 causa
1151 1090 1367 1157 recognosca-

189 1195 243 1253 tur
254 1189 295 1253 ab
311 1189 496 1264 Ordinario,
509 1198 543 1257 et
558 1194 589 1257 in
605 1194 741 1276 scriptis
755 1194 962 1279 approbetur.
980 1229 998 1243 -
1016 1195 1048 1262 S.
1066 1193 1175 1262 Officii
1191 1197 1367 1272 decretum,

189 1312 247 1378 sub
263 1314 315 1378 die
329 1315 382 1379 22
397 1315 549 1383 Decemb.
567 1318 668 1390 1880,
682 1321 790 1384 statuit
807 1323 1005 1386 contrariam
1021 1320 1286 1387 consuetudinem
1301 1341 1367 1386 uon

190 1456 348 1504 excusare
371 1439 411 1506 ab
435 1441 640 1509 observantia
663 1443 772 1510 Const.
799 1443 865 1528 Ap.
884 1445 991 1518 Sedis,
1016 1448 1091 1529 quia
1114 1447 1196 1512 haec
1219 1448 1252 1510 in
1275 1467 1366 1511 nsum

191 1566 356 1629 revocavit
368 1565 476 1631 aonst.
490 1566 522 1632 S.
537 1565 586 1632 Pii
600 1569 642 1650 V,
659 1569 687 1634 si
703 1569 788 1634 forte
803 1571 977 1636 contrariis
992 1570 1135 1636 moribus
1150 1570 1270 1636 abolita
1284 1578 1366 1636 erat.

280 1691 323 1752 At
347 1709 390 1754 ex
412 1688 544 1756 Constit.
571 1693 720 1777 Gregorii
737 1693 821 1758 Xlll
850 1715 869 1755 ‹
890 1694 952 1760 Ubi
972 1696 1140 1780 gratiae»
1168 1701 1201 1775 et
1222 1693 1316 1760 Pauli
1337 1695 1368 1761 V

192 1814 431 1880 «Martialium
448 1838 466 1878 »
484 1823 599 1882 contra
615 1819 772 1884 lloniales
787 1839 962 1903 amnesque
978 1820 1170 1905 Superiores
1187 1820 1370 1906 Regulares

194 1941 359 2023 utriusque
371 1959 469 2007 sexus
480 1943 728 2012 introducentes
743 1952 798 2010 ant
810 1946 1023 2011 admittentes
1038 1947 1073 2010 in
1087 1948 1282 2022 clausuram,
1296 1965 1370 2009 con-

191 2062 301 2128 stituta
320 2072 370 2129 est
393 2085 497 2150 paena
513 2067 701 2150 privationis
717 2067 917 2154 dignitatum,
933 2067 1174 2141 beneficiorum,
1191 2067 1369 2134 officiorum

192 2193 224 2250 et
247 2187 455 2254 inhabilitatis
478 2189 519 2254 ad
543 2189 722 2256 huiusmodi
747 2195 865 2257 munia.
890 2196 934 2257 nt
957 2213 1077 2278 poenas
1098 2194 1157 2258 has
1176 2213 1240 2258 uon
1256 2199 1371 2258 tenere

192 2317 268 2378 ante
291 2317 483 2380 sententiam
508 2316 620 2382 iudicis
647 2317 921 2388 declaratariam,
946 2317 1112 2383 descendit
1140 2338 1182 2382 ex
1205 2318 1371 2403 principiis

192 2457 291 2521 supra
314 2459 335 2502 a
357 2437 450 2504 nabis
473 2440 641 2525 explicatis
658 2442 731 2507 Val.
750 2443 810 2515 Ill,
835 2463 866 2507 n.
892 2443 945 2514 73.
968 2449 1003 2509 et
1025 2443 1140 2528 probat
1163 2443 1368 2523 Thesaurus,

193 2565 213 2627 t.
240 2584 278 2637 a,
304 2584 380 2648 cap.
405 2566 473 2646 ΙΙΙ,
500 2566 656 2637 Quaeres.

282 2691 336 2755 42.
362 2691 400 2753 ln
423 2691 582 2757 mulieres
603 2692 759 2757 violantes
774 2694 957 2758 clausuram
976 2694 1131 2758 Virorum
1150 2692 1368 2777 Regularium,

191 2814 300 2879 Const.
318 2814 383 2897 Ap.
401 2814 498 2881 Sedis
521 2835 678 2881 excomm.
698 2817 733 2881 P.
752 2824 952 2883 reservatam
975 2818 1086 2900 simpl.
1103 2816 1162 2881 sub
1185 2836 1216 2881 n.
1233 2816 1300 2881 VII
1326 2817 1371 2879 ita

191 2940 350 3012 decernit,
375 2960 490 3028 nempe
513 2944 546 3009 in
565 2943 763 3009 «Mulieres
785 2944 950 3011 violantes
964 2942 1190 3029 Repularium
1211 2939 1371 3007 Virorum

192 3063 393 3128 claustram
417 3070 448 3131 at
472 3063 673 3147 Superiores
695 3065 821 3131 aliosne
836 3082 895 3129 eas
914 3063 1172 3129 admittentes».
1190 3062 1371 3147 Regulares

192 3192 227 3251 et
248 3187 303 3252 hic
327 3188 534 3273 intelligimus
557 3190 720 3274 professas
743 3209 802 3275 per
824 3196 903 3255 uota
925 3189 1099 3261 solemnia,
1120 3190 1262 3272 reliquas
1285 3188 1371 3253 enim

192 3331 258 3376 uon
282 3314 412 3398 attingit
434 3313 490 3378 lex
513 3314 685 3381 clausurae
707 3316 782 3381 iure
806 3314 989 3382 communi.

285 3436 353 3501 Lex
377 3437 549 3504 clausurae
572 3459 630 3523 pra
655 3438 870 3524 Regularibus
894 3446 943 3504 est
965 3441 1070 3505 minus
1093 3441 1250 3525 rigarasa,
1273 3456 1347 3501 nam

331 3560 364 3649 a)
388 3567 518 3627 vetatur
541 3563 628 3629 salus
651 3564 822 3628 mulierum
846 3566 1020 3649 ingressus,

331 3685 363 3771 b)
387 3688 551 3772 ingressus
575 3690 607 3753 in
631 3690 826 3753 monasteria
850 3688 1059 3772 Regularium
1087 3704 1152 3750 nan
1183 3682 1373 3769 prohibetur

198 3812 332 3898 Reginis
356 3818 388 3877 et
412 3814 618 3899 Principissis
641 3813 853 3900 regnantibus
874 3832 1049 3897 earumque
1071 3810 1197 3875 filiabus
1221 3828 1294 3875 eum
1317 3827 1372 3872 ne·

197 3938 339 4003 cessario
356 3939 507 4004 comitatu
524 3939 582 4018 (cf.
606 3936 810 4012 Thesaurus,
827 3940 849 4003 l.
865 3939 930 4011 cit,
947 3956 1022 4021 cap.
1040 3936 1087 4016 ΙΙ,
1105 3935 1214 4002 limita
1233 3933 1372 4017 prima);

197 4080 259 4126 nec
273 4082 339 4127 non
355 4061 505 4127 foeminis
520 4063 725 4128 fundatarum
737 4063 790 4127 vel
803 4063 974 4147 insignium
987 4060 1231 4126 benefactorum
1242 4056 1372 4122 descen·

197 4185 354 4258 dentibus,
372 4206 548 4271 earumque
567 4186 723 4261 affinibus,
741 4188 854 4273 quibus
878 4188 941 4252 hoc
964 4186 1167 4273 privilegium
1184 4204 1372 4251 concessum

198 4310 297 4377 tuerit
319 4312 381 4395 (cf.
406 4313 526 4379 Bened.
551 4314 644 4387 XIV,
670 4314 776 4379 Ganst.
800 4312 985 4399 Reputaris
1006 4312 1229 4397 discipliuae).

332 4434 361 4519 a)
386 4436 569 4522 Regulares
592 4454 611 4500 e
634 4436 786 4501 clausura
814 4436 907 4499 exire
930 4453 995 4498 non
1018 4432 1242 4518 prohibentur.
