<?xml version="1.0" encoding="UTF-8"?>
<!DOCTYPE html PUBLIC "-//W3C//DTD XHTML 1.0 Transitional//EN"
    "http://www.w3.org/TR/xhtml1/DTD/xhtml1-transitional.dtd">
<html xmlns="http://www.w3.org/1999/xhtml" xml:lang="en" lang="en">
 <head>
  <title>
</title>
<meta http-equiv="Content-Type" content="text/html;charset=utf-8" />
  <meta name='ocr-system' content='tesseract 3.04.00' />
  <meta name='ocr-capabilities' content='ocr_page ocr_carea ocr_par ocr_line ocrx_word'/>
</head>
<body>
  <div class='ocr_page' id='page_1' title='image "./praelectionesin00legagoog_0074.png"; bbox 0 0 3350 5100; ppageno 0'>
   <div class='ocr_carea' id='block_1_1' title="bbox 314 297 1502 3516">
    <p class='ocr_par' dir='ltr' id='par_1_1' title="bbox 317 297 974 362">
     <span class='ocr_line' id='line_1_1' title="bbox 317 297 974 362; baseline -0.005 -2"><span class='ocrx_word' id='word_1_1' title='bbox 317 297 366 362; x_wconf 79' lang='grc'>70</span> <span class='ocrx_word' id='word_1_2' title='bbox 842 312 927 360; x_wconf 78' lang='lat' dir='ltr'>rrns</span> <span class='ocrx_word' id='word_1_3' title='bbox 950 311 974 358; x_wconf 90' lang='lat' dir='ltr'>r.</span> 
     </span>
    </p>

    <p class='ocr_par' dir='ltr' id='par_1_2' title="bbox 314 429 1501 1394">
     <span class='ocr_line' id='line_1_2' title="bbox 314 429 1498 523; baseline -0.008 -17"><span class='ocrx_word' id='word_1_4' title='bbox 314 459 389 506; x_wconf 91' lang='lat' dir='ltr'>rum</span> <span class='ocrx_word' id='word_1_5' title='bbox 402 439 534 504; x_wconf 83' lang='lat' dir='ltr'>uomina</span> <span class='ocrx_word' id='word_1_6' title='bbox 548 439 582 502; x_wconf 88' lang='lat' dir='ltr'>in</span> <span class='ocrx_word' id='word_1_7' title='bbox 596 436 869 523; x_wconf 78' lang='lat' dir='ltr'>ephemeridibus,</span> <span class='ocrx_word' id='word_1_8' title='bbox 882 437 1057 521; x_wconf 74' lang='lat' dir='ltr'>praecipue</span> <span class='ocrx_word' id='word_1_9' title='bbox 1069 432 1269 503; x_wconf 66' lang='lat' dir='ltr'>Marsonicia</span> <span class='ocrx_word' id='word_1_10' title='bbox 1282 429 1498 516; x_wconf 79' lang='lat' dir='ltr'>publicantur.</span> 
     </span>
     <span class='ocr_line' id='line_1_3' title="bbox 318 554 1496 649; baseline -0.011 -18"><span class='ocrx_word' id='word_1_11' title='bbox 318 563 483 649; x_wconf 79' lang='lat' dir='ltr'>Siquidem</span> <span class='ocrx_word' id='word_1_12' title='bbox 504 561 681 628; x_wconf 88' lang='lat' dir='ltr'>timendum</span> <span class='ocrx_word' id='word_1_13' title='bbox 702 572 763 642; x_wconf 73' lang='lat' dir='ltr'>ert,</span> <span class='ocrx_word' id='word_1_14' title='bbox 785 580 829 625; x_wconf 90' lang='lat' dir='ltr'>ne</span> <span class='ocrx_word' id='word_1_15' title='bbox 852 561 935 625; x_wconf 79' lang='lat' dir='ltr'>falso</span> <span class='ocrx_word' id='word_1_16' title='bbox 957 559 1155 644; x_wconf 83' lang='lat' dir='ltr'>ernlgentur</span> <span class='ocrx_word' id='word_1_17' title='bbox 1176 557 1260 622; x_wconf 85' lang='lat' dir='ltr'>haec</span> <span class='ocrx_word' id='word_1_18' title='bbox 1282 556 1421 626; x_wconf 70' lang='lat' dir='ltr'>nomina,</span> <span class='ocrx_word' id='word_1_19' title='bbox 1443 554 1496 618; x_wconf 79' lang='lat' dir='ltr'>rel</span> 
     </span>
     <span class='ocr_line' id='line_1_4' title="bbox 316 685 1499 770; baseline -0.009 -16"><span class='ocrx_word' id='word_1_20' title='bbox 316 695 354 754; x_wconf 88' lang='lat' dir='ltr'>ut</span> <span class='ocrx_word' id='word_1_21' title='bbox 378 688 585 754; x_wconf 75' lang='lat' dir='ltr'>occultemur</span> <span class='ocrx_word' id='word_1_22' title='bbox 606 687 678 752; x_wconf 82' lang='lat' dir='ltr'>veri</span> <span class='ocrx_word' id='word_1_23' title='bbox 699 686 900 770; x_wconf 78' lang='lat' dir='ltr'>coryphaei,</span> <span class='ocrx_word' id='word_1_24' title='bbox 925 685 1043 749; x_wconf 82' lang='lat' dir='ltr'>velue</span> <span class='ocrx_word' id='word_1_25' title='bbox 1072 703 1185 748; x_wconf 72' lang='lat' dir='ltr'>omnes</span> <span class='ocrx_word' id='word_1_26' title='bbox 1214 685 1451 766; x_wconf 83' lang='lat' dir='ltr'>cognoscuntur</span> <span class='ocrx_word' id='word_1_27' title='bbox 1476 698 1499 744; x_wconf 87' lang='lat' dir='ltr'>a</span> 
     </span>
     <span class='ocr_line' id='line_1_5' title="bbox 315 808 1497 900; baseline -0.008 -19"><span class='ocrx_word' id='word_1_28' title='bbox 315 814 425 900; x_wconf 74' lang='lat' dir='ltr'>vulgo.</span> <span class='ocrx_word' id='word_1_29' title='bbox 449 813 560 889; x_wconf 83' lang='lat' dir='ltr'>Quare</span> <span class='ocrx_word' id='word_1_30' title='bbox 581 831 625 879; x_wconf 79' lang='lat' dir='ltr'>ex</span> <span class='ocrx_word' id='word_1_31' title='bbox 646 811 809 878; x_wconf 81' lang='lat' dir='ltr'>adiunctis</span> <span class='ocrx_word' id='word_1_32' title='bbox 836 810 995 897; x_wconf 86' lang='lat' dir='ltr'>perpendi</span> <span class='ocrx_word' id='word_1_33' title='bbox 1025 810 1122 876; x_wconf 89' lang='lat' dir='ltr'>debet</span> <span class='ocrx_word' id='word_1_34' title='bbox 1147 811 1278 894; x_wconf 85' lang='lat' dir='ltr'>quinam</span> <span class='ocrx_word' id='word_1_35' title='bbox 1307 808 1373 874; x_wconf 85' lang='lat' dir='ltr'>siut</span> <span class='ocrx_word' id='word_1_36' title='bbox 1401 827 1497 892; x_wconf 83' lang='lat' dir='ltr'>cory-</span> 
     </span>
     <span class='ocr_line' id='line_1_6' title="bbox 314 935 1499 1024; baseline -0.006 -20"><span class='ocrx_word' id='word_1_37' title='bbox 314 938 412 1024; x_wconf 87' lang='lat' dir='ltr'>pbaei</span> <span class='ocrx_word' id='word_1_38' title='bbox 439 937 572 1004; x_wconf 72' lang='lat' dir='ltr'>comitti.</span> <span class='ocrx_word' id='word_1_39' title='bbox 587 971 608 986; x_wconf 91' lang='lat'><strong>·</strong></span> <span class='ocrx_word' id='word_1_40' title='bbox 624 939 734 1004; x_wconf 76' lang='lat' dir='ltr'>Antea</span> <span class='ocrx_word' id='word_1_41' title='bbox 754 955 867 1002; x_wconf 86' lang='lat' dir='ltr'>omnes</span> <span class='ocrx_word' id='word_1_42' title='bbox 893 935 1110 1002; x_wconf 89' lang='lat' dir='ltr'>denunciandi</span> <span class='ocrx_word' id='word_1_43' title='bbox 1133 945 1230 1001; x_wconf 86' lang='lat' dir='ltr'>erant</span> <span class='ocrx_word' id='word_1_44' title='bbox 1251 953 1369 998; x_wconf 87' lang='lat' dir='ltr'>nomen</span> <span class='ocrx_word' id='word_1_45' title='bbox 1390 939 1499 998; x_wconf 86' lang='lat' dir='ltr'>sectae</span> 
     </span>
     <span class='ocr_line' id='line_1_7' title="bbox 315 1058 1501 1148; baseline -0.006 -20"><span class='ocrx_word' id='word_1_46' title='bbox 315 1061 433 1129; x_wconf 83' lang='lat' dir='ltr'>dantes</span> <span class='ocrx_word' id='word_1_47' title='bbox 445 1068 742 1148; x_wconf 70' lang='lat' dir='ltr'>emoperanus-</span> <span class='ocrx_word' id='word_1_48' title='bbox 754 1061 971 1128; x_wconf 74' lang='lat' dir='ltr'>Nihilominus</span> <span class='ocrx_word' id='word_1_49' title='bbox 981 1060 1042 1126; x_wconf 91' lang='lat' dir='ltr'>hos</span> <span class='ocrx_word' id='word_1_50' title='bbox 1053 1058 1138 1144; x_wconf 87' lang='lat' dir='ltr'>quod</span> <span class='ocrx_word' id='word_1_51' title='bbox 1148 1061 1274 1132; x_wconf 71' lang='lat' dir='ltr'>attinet,</span> <span class='ocrx_word' id='word_1_52' title='bbox 1286 1078 1368 1123; x_wconf 88' lang='lat' dir='ltr'>onus</span> <span class='ocrx_word' id='word_1_53' title='bbox 1378 1058 1501 1122; x_wconf 78' lang='lat' dir='ltr'>denun-</span> 
     </span>
     <span class='ocr_line' id='line_1_8' title="bbox 316 1181 1499 1273; baseline -0.005 -19"><span class='ocrx_word' id='word_1_54' title='bbox 316 1187 427 1256; x_wconf 84' lang='lat' dir='ltr'>ciandi</span> <span class='ocrx_word' id='word_1_55' title='bbox 452 1186 697 1273; x_wconf 76' lang='lat' dir='ltr'>intelligendum</span> <span class='ocrx_word' id='word_1_56' title='bbox 719 1193 770 1252; x_wconf 79' lang='lat' dir='ltr'>ert</span> <span class='ocrx_word' id='word_1_57' title='bbox 790 1205 937 1252; x_wconf 69' lang='lat' dir='ltr'>ramasse</span> <span class='ocrx_word' id='word_1_58' title='bbox 958 1184 1064 1270; x_wconf 77' lang='lat' dir='ltr'>qurud</span> <span class='ocrx_word' id='word_1_59' title='bbox 1091 1203 1283 1258; x_wconf 74' lang='lat' dir='ltr'>oensnram,</span> <span class='ocrx_word' id='word_1_60' title='bbox 1306 1203 1372 1248; x_wconf 93' lang='lat' dir='ltr'>non</span> <span class='ocrx_word' id='word_1_61' title='bbox 1394 1181 1499 1266; x_wconf 83' lang='lat' dir='ltr'>quoad</span> 
     </span>
     <span class='ocr_line' id='line_1_9' title="bbox 315 1307 1100 1394; baseline -0.006 -19"><span class='ocrx_word' id='word_1_62' title='bbox 315 1309 499 1375; x_wconf 87' lang='lat' dir='ltr'>naturalem</span> <span class='ocrx_word' id='word_1_63' title='bbox 521 1315 556 1376; x_wconf 83' lang='lat' dir='ltr'>ct</span> <span class='ocrx_word' id='word_1_64' title='bbox 577 1309 769 1375; x_wconf 78' lang='lat' dir='ltr'>camnicam</span> <span class='ocrx_word' id='word_1_65' title='bbox 790 1307 1020 1394; x_wconf 79' lang='lat' dir='ltr'>obligationem</span> <span class='ocrx_word' id='word_1_66' title='bbox 1043 1307 1100 1392; x_wconf 87' lang='grc'><strong>(1).</strong></span> 
     </span>
    </p>

    <p class='ocr_par' dir='ltr' id='par_1_3' title="bbox 316 1430 1502 3516">
     <span class='ocr_line' id='line_1_10' title="bbox 406 1430 1497 1513; baseline -0.005 -12"><span class='ocrx_word' id='word_1_67' title='bbox 406 1432 585 1501; x_wconf 66' lang='lat' dir='ltr'>&amp;neuram</span> <span class='ocrx_word' id='word_1_68' title='bbox 608 1435 782 1500; x_wconf 90' lang='lat' dir='ltr'>incurrunt</span> <span class='ocrx_word' id='word_1_69' title='bbox 801 1453 875 1501; x_wconf 81' lang='lat' dir='ltr'>non</span> <span class='ocrx_word' id='word_1_70' title='bbox 888 1433 1144 1513; x_wconf 60' lang='lat' dir='ltr'>montes,</span> <span class='ocrx_word' id='word_1_71' title='bbox 1159 1432 1269 1498; x_wconf 78' lang='lat' dir='ltr'>donec</span> <span class='ocrx_word' id='word_1_72' title='bbox 1282 1451 1353 1498; x_wconf 79' lang='lat' dir='ltr'>non</span> <span class='ocrx_word' id='word_1_73' title='bbox 1366 1430 1497 1496; x_wconf 79' lang='lat' dir='ltr'>denun-</span> 
     </span>
     <span class='ocr_line' id='line_1_11' title="bbox 316 1553 1497 1640; baseline -0.003 -16"><span class='ocrx_word' id='word_1_74' title='bbox 316 1557 493 1624; x_wconf 78' lang='lat' dir='ltr'>ciureriut.</span> <span class='ocrx_word' id='word_1_75' title='bbox 517 1593 538 1608; x_wconf 93' lang='lat'><strong>·</strong></span> <span class='ocrx_word' id='word_1_76' title='bbox 560 1556 612 1624; x_wconf 78' lang='lat' dir='ltr'>Ab</span> <span class='ocrx_word' id='word_1_77' title='bbox 636 1558 747 1625; x_wconf 87' lang='lat' dir='ltr'>habita</span> <span class='ocrx_word' id='word_1_78' title='bbox 774 1559 891 1624; x_wconf 88' lang='lat' dir='ltr'>notitia</span> <span class='ocrx_word' id='word_1_79' title='bbox 912 1559 939 1623; x_wconf 88' lang='lat' dir='ltr'>si</span> <span class='ocrx_word' id='word_1_80' title='bbox 963 1557 1060 1639; x_wconf 79' lang='lat' dir='ltr'>infra</span> <span class='ocrx_word' id='word_1_81' title='bbox 1087 1577 1239 1623; x_wconf 72' lang='lat' dir='ltr'>merrtem</span> <span class='ocrx_word' id='word_1_82' title='bbox 1261 1559 1333 1640; x_wconf 87' lang='lat' dir='ltr'>quis</span> <span class='ocrx_word' id='word_1_83' title='bbox 1353 1575 1419 1620; x_wconf 94' lang='lat' dir='ltr'>non</span> <span class='ocrx_word' id='word_1_84' title='bbox 1441 1553 1497 1620; x_wconf 87' lang='lat' dir='ltr'>de-</span> 
     </span>
     <span class='ocr_line' id='line_1_12' title="bbox 317 1683 1502 1768; baseline -0.002 -22"><span class='ocrx_word' id='word_1_85' title='bbox 317 1683 452 1750; x_wconf 84' lang='lat' dir='ltr'>nunciat</span> <span class='ocrx_word' id='word_1_86' title='bbox 473 1684 621 1750; x_wconf 78' lang='lat' dir='ltr'>occultos</span> <span class='ocrx_word' id='word_1_87' title='bbox 642 1683 864 1768; x_wconf 80' lang='lat' dir='ltr'>coryphaeos,</span> <span class='ocrx_word' id='word_1_88' title='bbox 881 1702 1055 1748; x_wconf 78' lang='lat' dir='ltr'>censuram</span> <span class='ocrx_word' id='word_1_89' title='bbox 1078 1685 1227 1755; x_wconf 71' lang='lat' dir='ltr'>incurrit,</span> <span class='ocrx_word' id='word_1_90' title='bbox 1246 1700 1348 1766; x_wconf 82' lang='lat' dir='ltr'>eaque</span> <span class='ocrx_word' id='word_1_91' title='bbox 1369 1687 1502 1746; x_wconf 87' lang='lat' dir='ltr'>tenetur</span> 
     </span>
     <span class='ocr_line' id='line_1_13' title="bbox 316 1803 1500 1891; baseline -0.006 -18"><span class='ocrx_word' id='word_1_92' title='bbox 316 1805 427 1873; x_wconf 84' lang='lat' dir='ltr'>donec</span> <span class='ocrx_word' id='word_1_93' title='bbox 440 1825 513 1875; x_wconf 79' lang='lat' dir='ltr'>non</span> <span class='ocrx_word' id='word_1_94' title='bbox 525 1806 794 1874; x_wconf 78' lang='lat' dir='ltr'>denunciaverit.</span> <span class='ocrx_word' id='word_1_95' title='bbox 807 1841 828 1854; x_wconf 93' lang='lat'><strong>·</strong></span> <span class='ocrx_word' id='word_1_96' title='bbox 844 1805 972 1872; x_wconf 90' lang='lat' dir='ltr'>Verum</span> <span class='ocrx_word' id='word_1_97' title='bbox 986 1805 1072 1891; x_wconf 89' lang='lat' dir='ltr'>apud</span> <span class='ocrx_word' id='word_1_98' title='bbox 1088 1806 1153 1870; x_wconf 90' lang='lat' dir='ltr'>DD.</span> <span class='ocrx_word' id='word_1_99' title='bbox 1169 1825 1235 1870; x_wconf 92' lang='lat' dir='ltr'>non</span> <span class='ocrx_word' id='word_1_100' title='bbox 1250 1805 1412 1876; x_wconf 82' lang='lat' dir='ltr'>convenit</span> <span class='ocrx_word' id='word_1_101' title='bbox 1430 1803 1500 1886; x_wconf 84' lang='lat' dir='ltr'>qui·</span> 
     </span>
     <span class='ocr_line' id='line_1_14' title="bbox 317 1928 1498 2018; baseline -0.004 -20"><span class='ocrx_word' id='word_1_102' title='bbox 317 1951 394 1998; x_wconf 88' lang='lat' dir='ltr'>nam</span> <span class='ocrx_word' id='word_1_103' title='bbox 414 1931 458 1998; x_wconf 80' lang='lat' dir='ltr'>rit</span> <span class='ocrx_word' id='word_1_104' title='bbox 479 1928 615 1998; x_wconf 79' lang='lat' dir='ltr'>effectus</span> <span class='ocrx_word' id='word_1_105' title='bbox 636 1931 896 1998; x_wconf 82' lang='lat' dir='ltr'>denunciationis</span> <span class='ocrx_word' id='word_1_106' title='bbox 914 1939 988 2018; x_wconf 89' lang='lat' dir='ltr'>post</span> <span class='ocrx_word' id='word_1_107' title='bbox 1003 1951 1186 1999; x_wconf 59' lang='lat' dir='ltr'>cercurum</span> <span class='ocrx_word' id='word_1_108' title='bbox 1208 1933 1394 1998; x_wconf 64' lang='lat' dir='ltr'>mausum.</span> <span class='ocrx_word' id='word_1_109' title='bbox 1411 1931 1498 1995; x_wconf 79' lang='lat' dir='ltr'>xon-</span> 
     </span>
     <span class='ocr_line' id='line_1_15' title="bbox 318 2053 1500 2138; baseline -0.003 -18"><span class='ocrx_word' id='word_1_110' title='bbox 318 2057 411 2138; x_wconf 87' lang='lat' dir='ltr'>nulli,</span> <span class='ocrx_word' id='word_1_111' title='bbox 423 2057 469 2124; x_wconf 85' lang='lat' dir='ltr'>uti</span> <span class='ocrx_word' id='word_1_112' title='bbox 484 2055 686 2124; x_wconf 78' lang='lat' dir='ltr'>D&#39;Annibale</span> <span class='ocrx_word' id='word_1_113' title='bbox 700 2057 886 2124; x_wconf 63' lang='lat' dir='ltr'>Commeat.</span> <span class='ocrx_word' id='word_1_114' title='bbox 900 2057 932 2120; x_wconf 86' lang='lat' dir='ltr'>b.</span> <span class='ocrx_word' id='word_1_115' title='bbox 945 2057 978 2130; x_wconf 81' lang='lat' dir='ltr'>t,</span> <span class='ocrx_word' id='word_1_116' title='bbox 988 2063 1168 2138; x_wconf 84' lang='lat' dir='ltr'>autumant,</span> <span class='ocrx_word' id='word_1_117' title='bbox 1176 2055 1455 2122; x_wconf 84' lang='lat' dir='ltr'>denunciationem</span> <span class='ocrx_word' id='word_1_118' title='bbox 1467 2053 1500 2118; x_wconf 91' lang='lat' dir='ltr'>id</span> 
     </span>
     <span class='ocr_line' id='line_1_16' title="bbox 318 2179 1502 2267; baseline -0.001 -23"><span class='ocrx_word' id='word_1_119' title='bbox 318 2181 460 2266; x_wconf 85' lang='lat' dir='ltr'>operari,</span> <span class='ocrx_word' id='word_1_120' title='bbox 472 2187 508 2246; x_wconf 89' lang='lat' dir='ltr'>ut</span> <span class='ocrx_word' id='word_1_121' title='bbox 518 2199 659 2248; x_wconf 80' lang='lat' dir='ltr'>censura</span> <span class='ocrx_word' id='word_1_122' title='bbox 673 2201 739 2246; x_wconf 94' lang='lat' dir='ltr'>non</span> <span class='ocrx_word' id='word_1_123' title='bbox 753 2184 795 2246; x_wconf 84' lang='lat' dir='ltr'>sit</span> <span class='ocrx_word' id='word_1_124' title='bbox 809 2181 949 2267; x_wconf 88' lang='lat' dir='ltr'>amplius</span> <span class='ocrx_word' id='word_1_125' title='bbox 964 2187 1148 2258; x_wconf 61' lang='lat' dir='ltr'>reservam</span> <span class='ocrx_word' id='word_1_126' title='bbox 1162 2181 1220 2246; x_wconf 88' lang='lat' dir='ltr'>alii</span> <span class='ocrx_word' id='word_1_127' title='bbox 1230 2181 1308 2252; x_wconf 84' lang='lat' dir='ltr'><strong>DD..</strong></span> <span class='ocrx_word' id='word_1_128' title='bbox 1322 2181 1368 2245; x_wconf 90' lang='lat' dir='ltr'>uti</span> <span class='ocrx_word' id='word_1_129' title='bbox 1381 2179 1502 2244; x_wconf 78' lang='lat' dir='ltr'>Bucce</span> 
     </span>
     <span class='ocr_line' id='line_1_17' title="bbox 318 2304 1501 2392; baseline 0 -22"><span class='ocrx_word' id='word_1_130' title='bbox 318 2306 393 2370; x_wconf 92' lang='lat' dir='ltr'>roni</span> <span class='ocrx_word' id='word_1_131' title='bbox 408 2306 441 2370; x_wconf 88' lang='lat' dir='ltr'>b.</span> <span class='ocrx_word' id='word_1_132' title='bbox 457 2305 479 2370; x_wconf 80' lang='lat' dir='ltr'>t</span> <span class='ocrx_word' id='word_1_133' title='bbox 495 2312 529 2371; x_wconf 90' lang='lat' dir='ltr'>et</span> <span class='ocrx_word' id='word_1_134' title='bbox 543 2305 681 2373; x_wconf 72' lang='lat' dir='ltr'>Genioot</span> <span class='ocrx_word' id='word_1_135' title='bbox 697 2304 720 2369; x_wconf 86' lang='lat' dir='ltr'>l.</span> <span class='ocrx_word' id='word_1_136' title='bbox 734 2328 776 2382; x_wconf 78' lang='lat' dir='ltr'>o,</span> <span class='ocrx_word' id='word_1_137' title='bbox 796 2309 973 2392; x_wconf 87' lang='lat' dir='ltr'>opinantur</span> <span class='ocrx_word' id='word_1_138' title='bbox 987 2325 1047 2392; x_wconf 88' lang='lat' dir='ltr'>per</span> <span class='ocrx_word' id='word_1_139' title='bbox 1065 2307 1345 2374; x_wconf 78' lang='lat' dir='ltr'>denunciationem</span> <span class='ocrx_word' id='word_1_140' title='bbox 1369 2326 1501 2372; x_wconf 88' lang='lat' dir='ltr'>cessare</span> 
     </span>
     <span class='ocr_line' id='line_1_18' title="bbox 317 2427 1498 2516; baseline 0 -22"><span class='ocrx_word' id='word_1_141' title='bbox 317 2427 437 2494; x_wconf 89' lang='lat' dir='ltr'>nedum</span> <span class='ocrx_word' id='word_1_142' title='bbox 467 2430 737 2503; x_wconf 82' lang='lat' dir='ltr'>reservationem,</span> <span class='ocrx_word' id='word_1_143' title='bbox 760 2430 820 2495; x_wconf 86' lang='lat' dir='ltr'>sed</span> <span class='ocrx_word' id='word_1_144' title='bbox 842 2431 947 2516; x_wconf 82' lang='lat' dir='ltr'>ipsam</span> <span class='ocrx_word' id='word_1_145' title='bbox 978 2449 1168 2505; x_wconf 82' lang='lat' dir='ltr'>censuram,</span> <span class='ocrx_word' id='word_1_146' title='bbox 1199 2431 1300 2496; x_wconf 86' lang='lat' dir='ltr'>veluti</span> <span class='ocrx_word' id='word_1_147' title='bbox 1330 2428 1498 2516; x_wconf 83' lang='lat' dir='ltr'>purificata</span> 
     </span>
     <span class='ocr_line' id='line_1_19' title="bbox 319 2554 1500 2631; baseline -0.003 -8"><span class='ocrx_word' id='word_1_148' title='bbox 319 2554 514 2623; x_wconf 79' lang='lat' dir='ltr'>conditione</span> <span class='ocrx_word' id='word_1_149' title='bbox 527 2556 722 2629; x_wconf 77' lang='lat' dir='ltr'>reeolutioo,</span> <span class='ocrx_word' id='word_1_150' title='bbox 739 2556 789 2621; x_wconf 82' lang='lat' dir='ltr'>Gi.</span> <span class='ocrx_word' id='word_1_151' title='bbox 804 2556 880 2621; x_wconf 87' lang='lat' dir='ltr'>Vol.</span> <span class='ocrx_word' id='word_1_152' title='bbox 897 2556 959 2631; x_wconf 89' lang='lat' dir='ltr'>Ill,</span> <span class='ocrx_word' id='word_1_153' title='bbox 975 2576 1008 2621; x_wconf 91' lang='lat' dir='ltr'>n.</span> <span class='ocrx_word' id='word_1_154' title='bbox 1028 2556 1103 2623; x_wconf 87' lang='lat'>119.</span> <span class='ocrx_word' id='word_1_155' title='bbox 1120 2557 1227 2622; x_wconf 89' lang='lat' dir='ltr'>Porro</span> <span class='ocrx_word' id='word_1_156' title='bbox 1242 2557 1325 2623; x_wconf 87' lang='lat' dir='ltr'>haec</span> <span class='ocrx_word' id='word_1_157' title='bbox 1340 2557 1500 2621; x_wconf 86' lang='lat' dir='ltr'>sententia</span> 
     </span>
     <span class='ocr_line' id='line_1_20' title="bbox 319 2680 1501 2767; baseline 0.002 -22"><span class='ocrx_word' id='word_1_158' title='bbox 319 2686 369 2745; x_wconf 83' lang='lat' dir='ltr'>est</span> <span class='ocrx_word' id='word_1_159' title='bbox 391 2680 593 2747; x_wconf 81' lang='lat' dir='ltr'>conformior</span> <span class='ocrx_word' id='word_1_160' title='bbox 607 2680 718 2747; x_wconf 83' lang='lat' dir='ltr'>verbis</span> <span class='ocrx_word' id='word_1_161' title='bbox 743 2681 856 2749; x_wconf 78' lang='lat' dir='ltr'>Const.</span> <span class='ocrx_word' id='word_1_162' title='bbox 870 2700 977 2766; x_wconf 89' lang='lat' dir='ltr'>neque</span> <span class='ocrx_word' id='word_1_163' title='bbox 992 2688 1042 2748; x_wconf 87' lang='lat' dir='ltr'>est</span> <span class='ocrx_word' id='word_1_164' title='bbox 1056 2681 1163 2747; x_wconf 85' lang='lat' dir='ltr'>aliena</span> <span class='ocrx_word' id='word_1_165' title='bbox 1185 2702 1205 2747; x_wconf 86' lang='lat' dir='ltr'>a</span> <span class='ocrx_word' id='word_1_166' title='bbox 1220 2683 1387 2767; x_wconf 89' lang='lat' dir='ltr'>principiis</span> <span class='ocrx_word' id='word_1_167' title='bbox 1408 2683 1501 2747; x_wconf 83' lang='lat' dir='ltr'>iuris.</span> 
     </span>
     <span class='ocr_line' id='line_1_21' title="bbox 317 2802 1501 2893; baseline 0 -23"><span class='ocrx_word' id='word_1_168' title='bbox 317 2802 383 2871; x_wconf 85' lang='lat' dir='ltr'>Sed</span> <span class='ocrx_word' id='word_1_169' title='bbox 406 2806 441 2870; x_wconf 94' lang='lat' dir='ltr'>in</span> <span class='ocrx_word' id='word_1_170' title='bbox 462 2806 569 2891; x_wconf 81' lang='lat' dir='ltr'>praxi,</span> <span class='ocrx_word' id='word_1_171' title='bbox 585 2806 700 2872; x_wconf 85' lang='lat' dir='ltr'>saltem</span> <span class='ocrx_word' id='word_1_172' title='bbox 722 2826 783 2893; x_wconf 92' lang='lat' dir='ltr'>pro</span> <span class='ocrx_word' id='word_1_173' title='bbox 803 2806 885 2890; x_wconf 81' lang='lat' dir='ltr'>soro</span> <span class='ocrx_word' id='word_1_174' title='bbox 908 2812 1061 2881; x_wconf 74' lang='lat' dir='ltr'>ecctmro.</span> <span class='ocrx_word' id='word_1_175' title='bbox 1077 2806 1118 2871; x_wconf 90' lang='lat' dir='ltr'>ad</span> <span class='ocrx_word' id='word_1_176' title='bbox 1133 2806 1347 2873; x_wconf 77' lang='lat' dir='ltr'>auferendum</span> <span class='ocrx_word' id='word_1_177' title='bbox 1369 2804 1501 2871; x_wconf 80' lang='lat' dir='ltr'>scande·</span> 
     </span>
     <span class='ocr_line' id='line_1_22' title="bbox 320 2925 1500 3013; baseline 0.001 -22"><span class='ocrx_word' id='word_1_178' title='bbox 320 2925 399 3009; x_wconf 85' lang='lat' dir='ltr'>lum,</span> <span class='ocrx_word' id='word_1_179' title='bbox 415 2927 462 2991; x_wconf 89' lang='lat' dir='ltr'>uti</span> <span class='ocrx_word' id='word_1_180' title='bbox 480 2933 590 2993; x_wconf 86' lang='lat' dir='ltr'>monet</span> <span class='ocrx_word' id='word_1_181' title='bbox 611 2927 808 2995; x_wconf 72' lang='lat' dir='ltr'>Theseum</span> <span class='ocrx_word' id='word_1_182' title='bbox 817 2928 873 2995; x_wconf 88' lang='lat' dir='ltr'>De</span> <span class='ocrx_word' id='word_1_183' title='bbox 882 2928 1004 3013; x_wconf 83' lang='lat' dir='ltr'>poenis</span> <span class='ocrx_word' id='word_1_184' title='bbox 1019 2928 1049 3011; x_wconf 84' lang='lat'>1,</span> <span class='ocrx_word' id='word_1_185' title='bbox 1065 2948 1140 3013; x_wconf 87' lang='lat' dir='ltr'>cup.</span> <span class='ocrx_word' id='word_1_186' title='bbox 1156 2929 1216 3002; x_wconf 82' lang='lat'>26,</span> <span class='ocrx_word' id='word_1_187' title='bbox 1235 2930 1412 3013; x_wconf 87' lang='lat' dir='ltr'>requiritur</span> <span class='ocrx_word' id='word_1_188' title='bbox 1431 2946 1500 2992; x_wconf 85' lang='lat' dir='ltr'>sen·</span> 
     </span>
     <span class='ocr_line' id='line_1_23' title="bbox 319 3051 1500 3139; baseline 0.001 -22"><span class='ocrx_word' id='word_1_189' title='bbox 319 3052 421 3117; x_wconf 73' lang='lat' dir='ltr'>tenda</span> <span class='ocrx_word' id='word_1_190' title='bbox 435 3051 549 3119; x_wconf 83' lang='lat' dir='ltr'>iudicis</span> <span class='ocrx_word' id='word_1_191' title='bbox 562 3054 590 3119; x_wconf 86' lang='lat' dir='ltr'>si</span> <span class='ocrx_word' id='word_1_192' title='bbox 606 3073 672 3121; x_wconf 92' lang='lat' dir='ltr'>non</span> <span class='ocrx_word' id='word_1_193' title='bbox 687 3054 907 3138; x_wconf 66' lang='lat' dir='ltr'>absolutoria,</span> <span class='ocrx_word' id='word_1_194' title='bbox 920 3060 1030 3121; x_wconf 85' lang='lat' dir='ltr'>tamen</span> <span class='ocrx_word' id='word_1_195' title='bbox 1042 3055 1282 3127; x_wconf 81' lang='lat' dir='ltr'>declaratorio.</span> <span class='ocrx_word' id='word_1_196' title='bbox 1296 3074 1359 3139; x_wconf 88' lang='lat' dir='ltr'>qua</span> <span class='ocrx_word' id='word_1_197' title='bbox 1374 3060 1500 3120; x_wconf 83' lang='lat' dir='ltr'>constet</span> 
     </span>
     <span class='ocr_line' id='line_1_24' title="bbox 319 3176 1499 3265; baseline 0 -22"><span class='ocrx_word' id='word_1_198' title='bbox 319 3195 465 3263; x_wconf 76' lang='lat' dir='ltr'>congrue</span> <span class='ocrx_word' id='word_1_199' title='bbox 480 3176 681 3245; x_wconf 69' lang='lat' dir='ltr'>tabefactum</span> <span class='ocrx_word' id='word_1_200' title='bbox 703 3178 803 3243; x_wconf 82' lang='lat' dir='ltr'>fuisse</span> <span class='ocrx_word' id='word_1_201' title='bbox 824 3182 1009 3265; x_wconf 83' lang='lat' dir='ltr'>praeceptis</span> <span class='ocrx_word' id='word_1_202' title='bbox 1026 3180 1204 3247; x_wconf 86' lang='lat' dir='ltr'>Ecclesiae.</span> <span class='ocrx_word' id='word_1_203' title='bbox 1222 3180 1436 3246; x_wconf 81' lang='lat' dir='ltr'>Nihilominus</span> <span class='ocrx_word' id='word_1_204' title='bbox 1457 3195 1499 3243; x_wconf 85' lang='lat' dir='ltr'>an</span> 
     </span>
     <span class='ocr_line' id='line_1_25' title="bbox 320 3298 1502 3389; baseline -0.002 -20"><span class='ocrx_word' id='word_1_205' title='bbox 320 3298 472 3387; x_wconf 83' lang='lat' dir='ltr'>expediet</span> <span class='ocrx_word' id='word_1_206' title='bbox 485 3319 546 3387; x_wconf 89' lang='lat' dir='ltr'>pro</span> <span class='ocrx_word' id='word_1_207' title='bbox 566 3300 594 3385; x_wconf 81' lang='lat' dir='ltr'>s.</span> <span class='ocrx_word' id='word_1_208' title='bbox 611 3308 679 3368; x_wconf 73' lang='lat' dir='ltr'>erut.</span> <span class='ocrx_word' id='word_1_209' title='bbox 704 3304 914 3389; x_wconf 87' lang='lat' dir='ltr'>interponere</span> <span class='ocrx_word' id='word_1_210' title='bbox 930 3304 1085 3371; x_wconf 88' lang='lat' dir='ltr'>eiusmodi</span> <span class='ocrx_word' id='word_1_211' title='bbox 1104 3306 1296 3371; x_wconf 81' lang='lat' dir='ltr'>sententiam</span> <span class='ocrx_word' id='word_1_212' title='bbox 1314 3305 1502 3371; x_wconf 79' lang='lat' dir='ltr'>declarato-</span> 
     </span>
     <span class='ocr_line' id='line_1_26' title="bbox 318 3426 1500 3516; baseline 0 -23"><span class='ocrx_word' id='word_1_213' title='bbox 318 3427 422 3505; x_wconf 82' lang='lat' dir='ltr'>riom,</span> <span class='ocrx_word' id='word_1_214' title='bbox 437 3428 537 3494; x_wconf 83' lang='lat' dir='ltr'>estin</span> <span class='ocrx_word' id='word_1_215' title='bbox 552 3427 705 3513; x_wconf 87' lang='lat' dir='ltr'>prudenti</span> <span class='ocrx_word' id='word_1_216' title='bbox 719 3430 943 3497; x_wconf 78' lang='lat' dir='ltr'>aestimatione</span> <span class='ocrx_word' id='word_1_217' title='bbox 958 3431 1108 3516; x_wconf 83' lang='lat' dir='ltr'>Episcopi</span> <span class='ocrx_word' id='word_1_218' title='bbox 1123 3428 1180 3515; x_wconf 85' lang='lat'><strong>(2).</strong></span> <span class='ocrx_word' id='word_1_219' title='bbox 1194 3466 1212 3479; x_wconf 93' lang='lat'><strong>·</strong></span> <span class='ocrx_word' id='word_1_220' title='bbox 1226 3432 1274 3497; x_wconf 91' lang='lat' dir='ltr'>Eo</span> <span class='ocrx_word' id='word_1_221' title='bbox 1290 3431 1392 3516; x_wconf 84' lang='lat' dir='ltr'>magis</span> <span class='ocrx_word' id='word_1_222' title='bbox 1406 3426 1500 3495; x_wconf 83' lang='lat' dir='ltr'>firme</span> 
     </span>
    </p>
   </div>
   <div class='ocr_carea' id='block_1_2' title="bbox 317 3685 1504 4507">
    <p class='ocr_par' dir='ltr' id='par_1_4' title="bbox 317 3685 1504 4403">
     <span class='ocr_line' id='line_1_27' title="bbox 408 3685 1501 3761; baseline 0.001 -16"><span class='ocrx_word' id='word_1_223' title='bbox 408 3688 450 3761; x_wconf 87' lang='grc'>(1)</span> <span class='ocrx_word' id='word_1_224' title='bbox 467 3685 518 3745; x_wconf 78' lang='lat' dir='ltr'>tiis</span> <span class='ocrx_word' id='word_1_225' title='bbox 539 3688 572 3745; x_wconf 80' lang='lat'>19</span> <span class='ocrx_word' id='word_1_226' title='bbox 595 3691 702 3760; x_wconf 75' lang='lat' dir='ltr'>Aprilis</span> <span class='ocrx_word' id='word_1_227' title='bbox 722 3690 791 3747; x_wconf 80' lang='lat'>1893</span> <span class='ocrx_word' id='word_1_228' title='bbox 815 3691 845 3745; x_wconf 91' lang='lat' dir='ltr'>S.</span> <span class='ocrx_word' id='word_1_229' title='bbox 866 3692 993 3747; x_wconf 84' lang='lat' dir='ltr'>Officium</span> <span class='ocrx_word' id='word_1_230' title='bbox 1018 3692 1089 3751; x_wconf 83' lang='lat' dir='ltr'>haec</span> <span class='ocrx_word' id='word_1_231' title='bbox 1113 3694 1198 3749; x_wconf 83' lang='lat' dir='ltr'>dubia</span> <span class='ocrx_word' id='word_1_232' title='bbox 1222 3692 1391 3749; x_wconf 69' lang='lat' dir='ltr'>irretito«</span> <span class='ocrx_word' id='word_1_233' title='bbox 1415 3692 1437 3746; x_wconf 91' lang='lat' dir='ltr'>l.</span> <span class='ocrx_word' id='word_1_234' title='bbox 1455 3693 1501 3746; x_wconf 80' lang='lat' dir='ltr'>An</span> 
     </span>
     <span class='ocr_line' id='line_1_28' title="bbox 317 3794 1501 3869; baseline 0.002 -18"><span class='ocrx_word' id='word_1_235' title='bbox 317 3794 422 3851; x_wconf 85' lang='lat' dir='ltr'>occulti</span> <span class='ocrx_word' id='word_1_236' title='bbox 434 3802 529 3851; x_wconf 78' lang='lat' dir='ltr'>sectae</span> <span class='ocrx_word' id='word_1_237' title='bbox 541 3796 714 3851; x_wconf 79' lang='lat' dir='ltr'>mausonicae</span> <span class='ocrx_word' id='word_1_238' title='bbox 728 3796 881 3869; x_wconf 82' lang='lat' dir='ltr'>coryphaei</span> <span class='ocrx_word' id='word_1_239' title='bbox 900 3815 933 3853; x_wconf 86' lang='lat' dir='ltr'>ac</span> <span class='ocrx_word' id='word_1_240' title='bbox 952 3798 1035 3854; x_wconf 84' lang='lat' dir='ltr'>duces</span> <span class='ocrx_word' id='word_1_241' title='bbox 1047 3800 1105 3855; x_wconf 80' lang='lat' dir='ltr'>uini</span> <span class='ocrx_word' id='word_1_242' title='bbox 1117 3798 1299 3855; x_wconf 83' lang='lat' dir='ltr'>denuntiandi</span> <span class='ocrx_word' id='word_1_243' title='bbox 1314 3798 1394 3853; x_wconf 81' lang='lat' dir='ltr'>iuxta</span> <span class='ocrx_word' id='word_1_244' title='bbox 1406 3798 1501 3853; x_wconf 57' lang='lat' dir='ltr'>Consi·</span> 
     </span>
     <span class='ocr_line' id='line_1_29' title="bbox 319 3902 1502 3976; baseline 0.005 -19"><span class='ocrx_word' id='word_1_245' title='bbox 319 3904 374 3973; x_wconf 74' lang='lat' dir='ltr'>Ap.</span> <span class='ocrx_word' id='word_1_246' title='bbox 391 3902 480 3968; x_wconf 76' lang='lat' dir='ltr'>Sedit,</span> <span class='ocrx_word' id='word_1_247' title='bbox 498 3902 609 3974; x_wconf 89' lang='lat' dir='ltr'>quando</span> <span class='ocrx_word' id='word_1_248' title='bbox 621 3907 687 3957; x_wconf 83' lang='lat' dir='ltr'>runt</span> <span class='ocrx_word' id='word_1_249' title='bbox 700 3904 769 3969; x_wconf 82' lang='lat' dir='ltr'>noti,</span> <span class='ocrx_word' id='word_1_250' title='bbox 782 3909 814 3958; x_wconf 87' lang='lat' dir='ltr'>ut</span> <span class='ocrx_word' id='word_1_251' title='bbox 833 3906 918 3960; x_wconf 81' lang='lat' dir='ltr'>tiberi</span> <span class='ocrx_word' id='word_1_252' title='bbox 935 3909 1066 3972; x_wconf 70' lang='lat' dir='ltr'>muravit,</span> <span class='ocrx_word' id='word_1_253' title='bbox 1078 3906 1126 3963; x_wconf 81' lang='lat' dir='ltr'>sed</span> <span class='ocrx_word' id='word_1_254' title='bbox 1144 3923 1198 3961; x_wconf 89' lang='lat' dir='ltr'>non</span> <span class='ocrx_word' id='word_1_255' title='bbox 1218 3909 1284 3960; x_wconf 84' lang='lat' dir='ltr'>sunt</span> <span class='ocrx_word' id='word_1_256' title='bbox 1303 3904 1414 3975; x_wconf 91' lang='lat' dir='ltr'>publice</span> <span class='ocrx_word' id='word_1_257' title='bbox 1433 3904 1502 3976; x_wconf 80' lang='lat' dir='ltr'>noli,</span> 
     </span>
     <span class='ocr_line' id='line_1_30' title="bbox 319 4008 1504 4079; baseline 0.001 -17"><span class='ocrx_word' id='word_1_258' title='bbox 319 4012 352 4063; x_wconf 92' lang='lat' dir='ltr'>ut</span> <span class='ocrx_word' id='word_1_259' title='bbox 370 4010 520 4079; x_wconf 78' lang='lat' dir='ltr'>coryphaei</span> <span class='ocrx_word' id='word_1_260' title='bbox 538 4008 582 4064; x_wconf 84' lang='lat' dir='ltr'>vel</span> <span class='ocrx_word' id='word_1_261' title='bbox 600 4008 685 4065; x_wconf 81' lang='lat' dir='ltr'>duces</span> <span class='ocrx_word' id='word_1_262' title='bbox 697 4008 780 4065; x_wconf 79' lang='lat' dir='ltr'>huius</span> <span class='ocrx_word' id='word_1_263' title='bbox 792 4016 888 4067; x_wconf 84' lang='lat' dir='ltr'>sectae</span> <span class='ocrx_word' id='word_1_264' title='bbox 900 4014 1080 4069; x_wconf 78' lang='lat' dir='ltr'>massonicae.</span> <span class='ocrx_word' id='word_1_265' title='bbox 1094 4016 1121 4071; x_wconf 85' lang='lat'>2.</span> <span class='ocrx_word' id='word_1_266' title='bbox 1136 4016 1180 4067; x_wconf 83' lang='lat' dir='ltr'>An</span> <span class='ocrx_word' id='word_1_267' title='bbox 1193 4012 1413 4069; x_wconf 83' lang='lat' dir='ltr'>denuntiationis</span> <span class='ocrx_word' id='word_1_268' title='bbox 1432 4011 1504 4065; x_wconf 80' lang='lat' dir='ltr'>obli·</span> 
     </span>
     <span class='ocr_line' id='line_1_31' title="bbox 317 4110 1501 4186; baseline 0.003 -21"><span class='ocrx_word' id='word_1_269' title='bbox 317 4110 397 4181; x_wconf 67' lang='lat' dir='ltr'>patio</span> <span class='ocrx_word' id='word_1_270' title='bbox 415 4116 505 4167; x_wconf 70' lang='lat' dir='ltr'>curet</span> <span class='ocrx_word' id='word_1_271' title='bbox 523 4112 614 4184; x_wconf 81' lang='lat' dir='ltr'>quoad</span> <span class='ocrx_word' id='word_1_272' title='bbox 631 4129 680 4168; x_wconf 86' lang='lat' dir='ltr'>eas</span> <span class='ocrx_word' id='word_1_273' title='bbox 697 4114 835 4183; x_wconf 78' lang='lat' dir='ltr'>regiones,</span> <span class='ocrx_word' id='word_1_274' title='bbox 849 4115 877 4169; x_wconf 91' lang='lat' dir='ltr'>in</span> <span class='ocrx_word' id='word_1_275' title='bbox 891 4116 991 4186; x_wconf 89' lang='lat' dir='ltr'>quibus</span> <span class='ocrx_word' id='word_1_276' title='bbox 1011 4118 1095 4172; x_wconf 84' lang='lat' dir='ltr'>tiberi</span> <span class='ocrx_word' id='word_1_277' title='bbox 1111 4119 1239 4185; x_wconf 84' lang='lat' dir='ltr'>murarii,</span> <span class='ocrx_word' id='word_1_278' title='bbox 1255 4122 1283 4173; x_wconf 85' lang='lat' dir='ltr'>st</span> <span class='ocrx_word' id='word_1_279' title='bbox 1303 4116 1366 4172; x_wconf 90' lang='lat' dir='ltr'>ideo</span> <span class='ocrx_word' id='word_1_280' title='bbox 1378 4117 1501 4186; x_wconf 85' lang='lat' dir='ltr'>ipsorum</span> 
     </span>
     <span class='ocr_line' id='line_1_32' title="bbox 318 4218 1501 4296; baseline 0.003 -23"><span class='ocrx_word' id='word_1_281' title='bbox 318 4218 470 4291; x_wconf 63' lang='lat' dir='ltr'>coryphaei</span> <span class='ocrx_word' id='word_1_282' title='bbox 478 4236 495 4273; x_wconf 80' lang='lat' dir='ltr'>s</span> <span class='ocrx_word' id='word_1_283' title='bbox 503 4220 641 4289; x_wconf 70' lang='lat' dir='ltr'>gubernio</span> <span class='ocrx_word' id='word_1_284' title='bbox 650 4220 727 4275; x_wconf 84' lang='lat' dir='ltr'>civili</span> <span class='ocrx_word' id='word_1_285' title='bbox 739 4220 941 4290; x_wconf 84' lang='lat' dir='ltr'>tolerantur,et</span> <span class='ocrx_word' id='word_1_286' title='bbox 951 4227 985 4279; x_wconf 83' lang='lat' dir='ltr'>ab</span> <span class='ocrx_word' id='word_1_287' title='bbox 996 4226 1187 4282; x_wconf 80' lang='lat' dir='ltr'>ecclesiastica</span> <span class='ocrx_word' id='word_1_288' title='bbox 1193 4231 1332 4296; x_wconf 79' lang='lat' dir='ltr'>potestate</span> <span class='ocrx_word' id='word_1_289' title='bbox 1344 4224 1434 4294; x_wconf 89' lang='lat' dir='ltr'>puniri</span> <span class='ocrx_word' id='word_1_290' title='bbox 1445 4241 1501 4278; x_wconf 86' lang='lat' dir='ltr'>non</span> 
     </span>
     <span class='ocr_line' id='line_1_33' title="bbox 318 4324 1501 4403; baseline 0.008 -25"><span class='ocrx_word' id='word_1_291' title='bbox 318 4328 446 4395; x_wconf 73' lang='lat' dir='ltr'>possunt,</span> <span class='ocrx_word' id='word_1_292' title='bbox 458 4341 510 4381; x_wconf 81' lang='lat' dir='ltr'>nec</span> <span class='ocrx_word' id='word_1_293' title='bbox 522 4324 583 4380; x_wconf 88' lang='lat' dir='ltr'>ullo</span> <span class='ocrx_word' id='word_1_294' title='bbox 594 4326 677 4381; x_wconf 87' lang='lat' dir='ltr'>modo</span> <span class='ocrx_word' id='word_1_295' title='bbox 688 4326 832 4383; x_wconf 71' lang='lat' dir='ltr'>cohiberi?</span> <span class='ocrx_word' id='word_1_296' title='bbox 845 4328 877 4383; x_wconf 79' lang='lat' dir='ltr'>R</span> <span class='ocrx_word' id='word_1_297' title='bbox 894 4329 935 4384; x_wconf 85' lang='lat' dir='ltr'>Ad</span> <span class='ocrx_word' id='word_1_298' title='bbox 950 4330 1002 4383; x_wconf 82' lang='grc'><strong>111111</strong></span> <span class='ocrx_word' id='word_1_299' title='bbox 1012 4332 1194 4403; x_wconf 78' lang='lat' dir='ltr'>Affirrnatiue.</span> <span class='ocrx_word' id='word_1_300' title='bbox 1205 4333 1248 4386; x_wconf 80' lang='lat' dir='ltr'>Ad</span> <span class='ocrx_word' id='word_1_301' title='bbox 1261 4334 1318 4385; x_wconf 84' lang='lat' dir='ltr'>2um</span> <span class='ocrx_word' id='word_1_302' title='bbox 1327 4332 1465 4401; x_wconf 77' lang='lat' dir='ltr'>Nepotioe</span> <span class='ocrx_word' id='word_1_303' title='bbox 1475 4344 1501 4387; x_wconf 76' lang='lat'>&gt;-</span> 
     </span>
    </p>

    <p class='ocr_par' dir='ltr' id='par_1_5' title="bbox 408 4429 1502 4507">
     <span class='ocr_line' id='line_1_34' title="bbox 408 4429 1502 4507; baseline 0.008 -23"><span class='ocrx_word' id='word_1_304' title='bbox 408 4429 449 4501; x_wconf 78' lang='grc'>(2)</span> <span class='ocrx_word' id='word_1_305' title='bbox 467 4431 497 4485; x_wconf 91' lang='lat' dir='ltr'>ln</span> <span class='ocrx_word' id='word_1_306' title='bbox 510 4431 560 4487; x_wconf 89' lang='lat' dir='ltr'>cit.</span> <span class='ocrx_word' id='word_1_307' title='bbox 574 4432 641 4487; x_wconf 81' lang='lat' dir='ltr'>lust</span> <span class='ocrx_word' id='word_1_308' title='bbox 654 4437 701 4489; x_wconf 80' lang='lat' dir='ltr'>dir</span> <span class='ocrx_word' id='word_1_309' title='bbox 715 4434 929 4491; x_wconf 69' lang='lat' dir='ltr'>10n1ait1884</span> <span class='ocrx_word' id='word_1_310' title='bbox 942 4437 1012 4493; x_wconf 84' lang='lat' dir='ltr'>haec</span> <span class='ocrx_word' id='word_1_311' title='bbox 1025 4438 1146 4495; x_wconf 82' lang='lat' dir='ltr'>maxime</span> <span class='ocrx_word' id='word_1_312' title='bbox 1164 4438 1403 4495; x_wconf 81' lang='lat' dir='ltr'>animadversione</span> <span class='ocrx_word' id='word_1_313' title='bbox 1416 4436 1502 4507; x_wconf 83' lang='lat' dir='ltr'>digna</span> 
     </span>
    </p>
   </div>
   <div class='ocr_carea' id='block_1_3' title="bbox 0 0 1682 5100">
    <p class='ocr_par' dir='ltr' id='par_1_6' title="bbox 0 0 1682 5100">
     <span class='ocr_line' id='line_1_35' title="bbox 0 0 1682 5100; baseline 0 0"><span class='ocrx_word' id='word_1_314' title='bbox 0 0 1682 5100; x_wconf 95' lang='lat' dir='ltr'> </span> 
     </span>
    </p>
   </div>
  </div>
 </body>
</html>
