3350 5100
318 311 385 377 510
711 275 718 286 ⁰
831 329 915 375 elas
940 327 990 374 111.

318 456 440 518 monet:
456 475 474 514 ‹
490 453 522 517 Si
539 473 637 536 porro
653 455 687 516 in
702 451 845 516 secunda
859 471 961 534 aeque
977 471 1016 516 ao
1031 453 1063 515 in
1080 454 1185 537 prima
1199 453 1360 518 sententia
1375 452 1496 516 nullum

319 597 358 642 ae
381 579 509 642 irritum
541 577 780 641 matrimonium
811 575 985 642 iudicatum
1017 575 1117 640 fuerit
1140 581 1171 639 et
1201 575 1241 640 ab
1266 595 1305 640 ea
1336 594 1411 660 pars
1442 581 1498 640 aut

319 702 472 767 defensor
494 711 590 768 matr.
609 722 669 787 pro
692 720 752 766 sua
773 701 971 766 conscientia
986 721 1050 766 non
1068 700 1243 766 crediderit
1262 700 1496 786 appellandum,

317 829 351 890 in
374 831 531 911 potestate
554 832 587 889 et
609 824 746 891 arbitrio
770 825 942 910 coniugum
959 826 1001 887 sit
1016 843 1117 888 novas
1140 826 1267 908 nuptias
1289 824 1497 904 contrahere,

320 949 489 1014 dummodo
505 949 600 1014 alicui
617 969 740 1013 eorum.
757 948 797 1014 ob
813 947 941 1031 aliquod
963 947 1223 1032 impedimentum
1244 947 1296 1012 vel
1320 949 1497 1034 legitimam

319 1094 460 1144 causam,
485 1072 516 1138 id
541 1075 675 1138 vetitum
699 1092 762 1136 non
787 1073 838 1137 sit.
864 1074 1011 1137 Potestas
1034 1077 1185 1138 tamen...
1207 1078 1243 1137 ut
1262 1093 1369 1159 supra,
1388 1075 1519 1154 conio,

319 1199 412 1284 gibus
434 1199 522 1262 faeta
545 1199 753 1284 intelligatur.
778 1198 868 1262 salvo
892 1215 1020 1281 semper
1044 1203 1076 1262 et
1100 1196 1195 1262 firmo
1220 1205 1410 1264 remanente
1425 1201 1498 1264 iure

319 1330 375 1388 aut
390 1324 561 1409 privilegio
577 1342 748 1387 causarum
760 1329 854 1389 matr.
869 1343 962 1406 quae,
976 1323 1016 1388 ob
1029 1325 1182 1406 cuiusque
1194 1325 1348 1408 temporis
1363 1325 1497 1408 lapsum,

321 1466 483 1530 nunquam
502 1450 674 1512 transeunt
688 1447 720 1536 in
737 1463 807 1509 rem
831 1444 1005 1510 iudicatam
1024 1465 1053 1508 a.
1078 1445 1128 1510 Ad
1146 1466 1215 1510 rem
1231 1447 1320 1511 iuvat
1339 1466 1497 1511 revocare

321 1572 513 1656 rescriptum
532 1571 564 1635 S.
581 1571 616 1636 G.
633 1571 665 1636 S.
680 1569 788 1636 Officii
801 1570 870 1636 diei
885 1570 936 1634 27
948 1571 1069 1636 Martii
1085 1571 1181 1651 1901,
1198 1589 1259 1654 quo
1275 1569 1497 1644 confirmatur,

320 1695 502 1761 defensoris
524 1701 620 1759 matr.
636 1697 802 1780 proprium
826 1714 897 1759 esse
921 1696 1093 1761 aestimare
1117 1715 1158 1758 an
1182 1697 1260 1760 satis
1280 1695 1429 1779 probata
1446 1699 1498 1762 oei

321 1825 413 1886 certa
436 1820 478 1884 sit
500 1820 642 1884 auilites
665 1819 878 1884 matrimonii
883 1838 897 1902 ‚·
922 1837 995 1882 nam
1019 1819 1238 1902 quaerebatur
1261 1839 1303 1884 an
1331 1819 1498 1885 decretum

322 1946 390 2011 diei
405 1946 430 2011 5
446 1945 538 2011 lunii
553 1944 653 2016 1889,
677 1950 823 2010 statuens
846 1944 998 2028 quosdam
1022 1963 1136 2009 oausas
1159 1945 1413 2012 matrimoniales
1436 1947 1500 2011 eoi·

321 2072 442 2136 denter
456 2069 562 2134 nullas
577 2089 671 2154 posse
683 2068 789 2133 dirimi
805 2088 878 2134 una
892 2070 1068 2149 sententia,
1082 2067 1216 2135 deberet
1230 2071 1387 2155 applicari
1403 2076 1500 2136 tama-

321 2194 385 2258 tive
408 2192 536 2257 casibus
558 2193 590 2255 in
623 2193 691 2276 ipso
714 2191 846 2258 decreto
874 2189 1078 2278 significatis3
1103 2197 1135 2258 et
1159 2211 1346 2276 responsum
1369 2191 1498 2276 prodiit.

321 2318 504 2384 Provisum
524 2337 590 2400 per
612 2317 786 2384 decretum
810 2316 844 2382 S.
872 2316 911 2380 R.
936 2336 954 2381 e
983 2317 1020 2382 U·
1045 2317 1279 2402 inquisitionis
1294 2318 1387 2402 quod
1402 2317 1499 2382 inlel-

320 2443 497 2529 lipeadum
519 2447 569 2507 est
592 2446 722 2506 tantum
746 2443 788 2506 de
811 2442 933 2513 nauem.
955 2442 992 2506 in
1016 2439 1137 2525 quibus
1161 2447 1250 2508 certo
1274 2447 1304 2507 el
1326 2441 1500 2508 euidenter

320 2572 447 2633 constet
470 2567 512 2630 de
534 2565 794 2648 impedimentis,
811 2564 854 2629 de
876 2564 999 2650 quibus
1022 2565 1155 2651 apicum
1171 2584 1260 2648 quae
1283 2566 1446 2631 certitudo
1469 2565 1500 2631 si

322 2691 416 2761 desit,
433 2710 455 2755 α
471 2689 650 2771 defensore
669 2689 796 2754 vinculi
818 2688 1084 2756 matrimonialis
1098 2689 1145 2753 ad
1161 2690 1345 2755 secundam
1369 2690 1500 2755 instan-

321 2814 407 2878 tiam
425 2810 683 2895 proeedmtdum
705 2812 771 2877 erit
785 2832 816 2876 ›.
