3350 5100
514 339 558 384 nr
581 337 721 385 mnibus
744 335 988 384 caruissemus
1275 317 1342 382 149

158 462 369 543 popidnrem
395 461 483 540 (Vol.
509 463 536 542 l,
559 481 592 525 n.
611 462 675 526 184
698 467 732 525 et
755 463 815 532 111.
840 481 871 526 n.
888 461 948 542 24)
971 480 1066 545 quam
1090 460 1343 546 experiebantur

161 587 220 668 ipsi
245 585 346 658 cives,
370 587 468 650 etiam
491 604 557 649 non
579 585 664 650 laesi
686 587 832 656 crimine,
857 604 953 669 quum
972 583 1130 670 agebatur
1152 585 1192 650 de
1215 585 1343 652 delictis

155 708 316 791 publicis.
353 708 437 783 Quia
458 711 492 773 in
516 709 607 775 bisce
634 709 866 794 persequendis
896 709 1084 776 criminibus
1111 712 1216 789 cives,
1243 709 1342 774 veluti

159 840 272 918 partes
296 832 437 919 agebant
460 835 560 919 ipsius
588 832 797 920 Reipublicae
820 833 916 918 (quad
940 835 1086 919 apprime
1108 838 1345 920 perspexerant

162 957 335 1044 Romani),
365 948 503 1043 proinde
526 960 617 1030 ciris.
641 960 703 1029 etsi
733 960 878 1024 criminis
905 955 1115 1024 offensionem
1146 961 1215 1044 ipse
1245 958 1345 1022 fuerit

158 1101 294 1166 pessus,
323 1103 388 1148 non
422 1083 652 1150 admittebatur
684 1083 726 1148 ad
760 1085 987 1152 accusandum.
1012 1085 1072 1148 nisi
1103 1102 1123 1147 a
1152 1085 1343 1168 magistratu

159 1209 301 1274 neniam
332 1215 365 1272 et
395 1211 487 1294 quasi
516 1211 720 1276 mandatum
750 1213 938 1295 accepisset.
972 1209 1062 1274 Haec
1088 1218 1260 1274 accusator
1284 1209 1342 1294 im-

158 1335 314 1419 petrabat
337 1355 396 1420 per
414 1336 679 1419 postulationem
703 1335 822 1401 tactam
849 1334 933 1420 apud
957 1335 1103 1414 iudicem,
1127 1337 1180 1417 qui
1203 1333 1342 1417 aliquem

158 1458 340 1543 probibere
369 1465 499 1544 poterat
529 1459 570 1523 ab
600 1459 783 1524 accusanda
806 1460 861 1525 vel
891 1461 967 1544 quia
993 1459 1208 1526 accusationis
1237 1459 1354 1524 nullas·

158 1581 306 1647 babebat
328 1590 533 1667 comparatas
555 1582 760 1668 probationes
776 1583 828 1647 rel
853 1585 926 1666 quia
950 1581 1011 1648 ilde
1035 1583 1150 1668 dignus
1173 1601 1236 1646 non
1261 1586 1342 1652 erat

158 1725 231 1792 arg.
257 1709 282 1772 ι.
306 1708 329 1771 ι.
352 1707 388 1778 e.
413 1709 447 1779 5,
471 1708 600 1787 12,15.
628 1709 664 1791 p.
689 1690 788 1789 aaa,
814 1707 865 1772 ne
890 1705 1167 1790 incipiamus
1189 1711 1221 1772 er
1242 1725 1343 1772 acu-

158 1831 354 1898 sationibus
377 1831 431 1897 tib.
457 1833 519 1896 XL
528 1831 622 1898 VIII.
649 1834 729 1897 Item
754 1832 796 1896 cf.
825 1835 873 1898 tit.
899 1834 927 1906 1,
951 1831 1002 1897 De
1025 1832 1075 1898 bis
1098 1833 1159 1917 qui
1181 1849 1343 1898 acarsare

159 1975 233 2022 non
253 1962 418 2038 possunt.
443 1962 477 2021 et
499 1958 546 2021 tit.
568 1957 605 2031 2,
634 1957 684 2023 De
705 1958 845 2040 inscrip.
870 1962 903 2022 et
924 1964 1088 2028 acanat..
1113 1958 1151 2022 in
1177 1955 1256 2022 Cod.
1283 1955 1341 2020 IX.

158 2078 192 2144 Si
215 2051 333 2165 plures
363 2099 399 2145 se
429 2077 609 2145 offerebant
637 2087 844 2146 accusatores
867 2080 906 2145 de
934 2080 1046 2146 eodem
1077 2082 1224 2159 crimine,
1248 2077 1344 2144 flebat

157 2223 179 2266 a
200 2205 313 2270 iudice
335 2205 501 2272 divinatio
524 2225 581 2271 seu
604 2207 693 2271 inter
715 2211 930 2273 accusatores
953 2206 1079 2284 electio,
1103 2203 1188 2269 unde
1212 2205 1267 2268 ille
1290 2203 1344 2287 qui

159 2334 274 2414 utpote
296 2330 402 2414 magis
425 2329 559 2394 idoneus
581 2328 783 2399 censebatur,
800 2330 841 2394 ad
864 2328 1081 2394 accusandum
1105 2327 1342 2402 admittebatur;

162 2475 205 2519 ex
229 2475 260 2519 c.
287 2453 389 2536 Iup.
421 2454 474 2519 cit.
499 2455 547 2519 tit.
571 2454 607 2518 2.
634 2453 690 2519 tib.
722 2454 784 2518 XL
793 2452 881 2519 VIII
908 2491 949 2502 -
977 2455 1057 2518 Dein
1090 2452 1344 2536 subsequebatur

109 2578 112 2582 ’
156 2578 353 2661 sumptio:
372 2580 447 2663 quia
464 2585 636 2643 accusator
652 2578 788 2645 debebat
809 2582 844 2645 in
860 2582 998 2665 scriptis,
1016 2580 1150 2645 solemni
1167 2584 1202 2645 et
1217 2577 1344 2663 publica

156 2704 278 2774 forma,
292 2701 393 2767 edere
403 2724 495 2768 suum
508 2723 634 2775 nomen,
649 2711 682 2770 et
692 2724 811 2768 nomen
822 2705 965 2769 accusati
979 2709 1011 2768 et
1022 2705 1161 2777 crimen;
1176 2706 1221 2768 ait
1229 2702 1343 2769 Cicero

157 2846 224 2908 pro
245 2826 366 2899 Client.
383 2826 436 2899 31,
456 2827 516 2892 86:
533 2826 693 2894 haerebat
714 2829 753 2893 in
776 2828 899 2895 tabab‘s
919 2826 1064 2910 publicis
1085 2846 1167 2893 reus
1189 2832 1221 2893 et
1243 2846 1342 2893 accu-

157 2957 265 3017 sator.
292 2986 308 2997 -
331 2952 375 3014 At
406 2970 526 3035 graves
548 2971 672 3036 poenae
699 2953 732 3015 in
759 2952 1034 3018 calumniatores.
1060 2988 1075 2999 ·
1098 2952 1178 3017 Nam
1202 2958 1344 3035 systema

158 3075 393 3143 accusationis
412 3094 526 3146 cums
549 3096 593 3142 nn
616 3096 746 3144 rosano
770 3079 947 3162 permissae
970 3078 1145 3142 maximum
1169 3066 1343 3141 discrimen

157 3220 280 3285 parere
297 3206 404 3285 potest
418 3199 598 3266 insontibus
614 3201 749 3275 civibus,
765 3204 826 3268 nisi
844 3222 959 3267 severe
975 3205 1150 3288 puniantur
1166 3204 1342 3268 calumnia-

157 3330 259 3390 tores.
293 3324 519 3390 Diversimode
550 3326 688 3391 Romani
722 3328 859 3393 insecuti
891 3334 965 3393 sunt
994 3330 1259 3395 calumniatores
1289 3330 1341 3411 qui

158 3467 280 3533 nempe
304 3449 337 3511 in
353 3447 470 3513 iudicio
486 3448 579 3530 falsa
595 3450 744 3515 crimina
766 3450 1004 3533 intendebant;
1019 3451 1076 3516 sed
1099 3472 1228 3537 semper
1251 3470 1343 3515 seve-

160 3571 304 3637 rioribus
327 3574 440 3655 poenis
463 3575 541 3638 istos
565 3574 773 3646 mulctarunt,
790 3595 954 3659 quousque
974 3582 1081 3641 aetate
1105 3576 1342 3659 Imperatorum

159 3699 340 3761 constituta
362 3702 412 3761 est
433 3717 538 3781 piena
552 3698 719 3763 ordinaria
743 3701 888 3765 tationis.
914 3699 961 3765 af.
987 3704 1007 3764 t.
1033 3701 1064 3781 6,
1087 3702 1123 3783 ff.
1150 3700 1195 3763 tit.
1222 3699 1275 3769 15,
1294 3700 1343 3764 De

156 3821 394 3903 premaneat.
418 3821 473 3888 tib.
498 3824 644 3888 XLVII.

252 3949 434 4013 Praeterea
442 3950 468 4011 si
477 3956 648 4014 accusator
659 3950 752 4014 modo
761 3951 967 4034 probationes
981 3970 1043 4013 non
1055 3948 1194 4013 habebat
1203 3956 1341 4033 paratas.

161 4078 195 4135 at
209 4069 391 4155 spondebat
406 4092 441 4135 se
457 4074 535 4136 istas
551 4079 821 4157 comparaturum,
840 4072 1009 4137 dummodo
1033 4071 1269 4137 concederetur
1286 4072 1343 4137 sibi

162 4197 288 4278 tempus
303 4199 337 4258 et
359 4193 500 4259 facultas
522 4195 661 4260 habendi
683 4197 927 4279 inquisitiones,
944 4195 1097 4259 videlicet
1112 4196 1343 4283 interrogando

161 4321 262 4382 testes
285 4323 319 4382 et
341 4318 405 4382 alia
424 4319 659 4403 perquirendo
682 4322 898 4385 accusationis
922 4326 1121 4406 argumenta,
1144 4324 1344 4408 magistratui

163 4442 327 4527 integrum
351 4448 425 4507 erat
447 4443 533 4508 banc
548 4445 735 4509 facultatem
751 4445 940 4519 concedere,
963 4466 1057 4530 quam
1078 4447 1215 4512 obtinuit
1230 4448 1343 4513 Cicero
