<?xml version="1.0" encoding="UTF-8"?>
<!DOCTYPE html PUBLIC "-//W3C//DTD XHTML 1.0 Transitional//EN"
    "http://www.w3.org/TR/xhtml1/DTD/xhtml1-transitional.dtd">
<html xmlns="http://www.w3.org/1999/xhtml" xml:lang="en" lang="en">
 <head>
  <title>
</title>
<meta http-equiv="Content-Type" content="text/html;charset=utf-8" />
  <meta name='ocr-system' content='tesseract 3.04.00' />
  <meta name='ocr-capabilities' content='ocr_page ocr_carea ocr_par ocr_line ocrx_word'/>
</head>
<body>
  <div class='ocr_page' id='page_1' title='image "./praelectionesin00legagoog_0470.png"; bbox 0 0 3350 5100; ppageno 0'>
   <div class='ocr_carea' id='block_1_1' title="bbox 334 313 1005 380">
    <p class='ocr_par' dir='ltr' id='par_1_1' title="bbox 334 313 1005 380">
     <span class='ocr_line' id='line_1_1' title="bbox 334 313 1005 380; baseline -0.001 -2"><span class='ocrx_word' id='word_1_1' title='bbox 334 313 399 378; x_wconf 86' lang='grc'><strong>468</strong></span> <span class='ocrx_word' id='word_1_2' title='bbox 839 332 922 380; x_wconf 78' lang='lat' dir='ltr'><strong>rues</strong></span> <span class='ocrx_word' id='word_1_3' title='bbox 954 332 1005 379; x_wconf 88' lang='lat'>111.</span> 
     </span>
    </p>
   </div>
   <div class='ocr_carea' id='block_1_2' title="bbox 321 455 1512 2149">
    <p class='ocr_par' dir='ltr' id='par_1_2' title="bbox 333 455 1512 1411">
     <span class='ocr_line' id='line_1_2' title="bbox 423 455 1511 543; baseline 0.003 -24"><span class='ocrx_word' id='word_1_4' title='bbox 423 455 498 521; x_wconf 82' lang='lat'>429.</span> <span class='ocrx_word' id='word_1_5' title='bbox 516 455 578 521; x_wconf 86' lang='lat' dir='ltr'><strong>Sed</strong></span> <span class='ocrx_word' id='word_1_6' title='bbox 593 456 669 539; x_wconf 91' lang='lat' dir='ltr'><strong>quid</strong></span> <span class='ocrx_word' id='word_1_7' title='bbox 684 457 764 522; x_wconf 91' lang='lat' dir='ltr'><strong>iuris</strong></span> <span class='ocrx_word' id='word_1_8' title='bbox 779 458 821 522; x_wconf 90' lang='lat' dir='ltr'><strong>de</strong></span> <span class='ocrx_word' id='word_1_9' title='bbox 837 458 972 523; x_wconf 86' lang='lat' dir='ltr'><strong>Vicario</strong></span> <span class='ocrx_word' id='word_1_10' title='bbox 988 455 1160 543; x_wconf 76' lang='lat' dir='ltr'><strong>Generalil</strong></span> <span class='ocrx_word' id='word_1_11' title='bbox 1181 458 1276 523; x_wconf 88' lang='lat' dir='ltr'><strong>Hanc</strong></span> <span class='ocrx_word' id='word_1_12' title='bbox 1292 460 1511 542; x_wconf 85' lang='lat' dir='ltr'><strong>quaestionem</strong></span> 
     </span>
     <span class='ocr_line' id='line_1_3' title="bbox 333 581 1510 669; baseline 0.003 -24"><span class='ocrx_word' id='word_1_13' title='bbox 333 581 399 646; x_wconf 88' lang='lat' dir='ltr'><strong>late</strong></span> <span class='ocrx_word' id='word_1_14' title='bbox 421 581 656 666; x_wconf 79' lang='lat' dir='ltr'>explicavimus</span> <span class='ocrx_word' id='word_1_15' title='bbox 679 582 754 647; x_wconf 91' lang='lat' dir='ltr'><strong>Vol.</strong></span> <span class='ocrx_word' id='word_1_16' title='bbox 780 584 823 662; x_wconf 92' lang='lat' dir='ltr'><strong>ll,</strong></span> <span class='ocrx_word' id='word_1_17' title='bbox 846 600 900 647; x_wconf 90' lang='lat' dir='ltr'><strong>nn.</strong></span> <span class='ocrx_word' id='word_1_18' title='bbox 925 582 1079 657; x_wconf 75' lang='lat' dir='ltr'><strong>eet-336,</strong></span> <span class='ocrx_word' id='word_1_19' title='bbox 1097 584 1199 648; x_wconf 83' lang='lat' dir='ltr'><strong>innixi</strong></span> <span class='ocrx_word' id='word_1_20' title='bbox 1223 584 1393 669; x_wconf 92' lang='lat' dir='ltr'><strong>principio,</strong></span> <span class='ocrx_word' id='word_1_21' title='bbox 1413 583 1510 649; x_wconf 85' lang='lat' dir='ltr'><strong>Vica-</strong></span> 
     </span>
     <span class='ocr_line' id='line_1_4' title="bbox 335 706 1510 793; baseline 0.003 -24"><span class='ocrx_word' id='word_1_22' title='bbox 335 708 417 770; x_wconf 93' lang='lat' dir='ltr'><strong>rium</strong></span> <span class='ocrx_word' id='word_1_23' title='bbox 441 706 635 772; x_wconf 87' lang='lat' dir='ltr'><strong>Generalem</strong></span> <span class='ocrx_word' id='word_1_24' title='bbox 659 727 724 771; x_wconf 91' lang='lat' dir='ltr'><strong>non</strong></span> <span class='ocrx_word' id='word_1_25' title='bbox 747 724 820 771; x_wconf 91' lang='lat' dir='ltr'><strong>esse</strong></span> <span class='ocrx_word' id='word_1_26' title='bbox 850 706 1051 789; x_wconf 76' lang='lat' dir='ltr'><strong>inferiorem</strong></span> <span class='ocrx_word' id='word_1_27' title='bbox 1081 706 1219 772; x_wconf 89' lang='lat' dir='ltr'><strong>iudicem</strong></span> <span class='ocrx_word' id='word_1_28' title='bbox 1252 708 1430 793; x_wconf 87' lang='lat' dir='ltr'><strong>Episcop0,</strong></span> <span class='ocrx_word' id='word_1_29' title='bbox 1456 708 1510 774; x_wconf 88' lang='lat' dir='ltr'><strong>sed</strong></span> 
     </span>
     <span class='ocr_line' id='line_1_5' title="bbox 334 814 1511 916; baseline 0.002 -21"><span class='ocrx_word' id='word_1_30' title='bbox 334 848 394 915; x_wconf 91' lang='lat' dir='ltr'><strong>pro</strong></span> <span class='ocrx_word' id='word_1_31' title='bbox 417 830 528 896; x_wconf 73' lang='lat' dir='ltr'><strong>coenis</strong></span> <span class='ocrx_word' id='word_1_32' title='bbox 550 830 768 916; x_wconf 72' lang='lat' dir='ltr'><strong>pravioribus</strong></span> <span class='ocrx_word' id='word_1_33' title='bbox 791 830 939 915; x_wconf 78' lang='lat' dir='ltr'><strong>indigere</strong></span> <span class='ocrx_word' id='word_1_34' title='bbox 962 831 1126 898; x_wconf 74' lang='lat' dir='ltr'><strong>mundato</strong></span> <span class='ocrx_word' id='word_1_35' title='bbox 1149 832 1298 914; x_wconf 78' lang='lat' dir='ltr'><strong>speciali.</strong></span> <span class='ocrx_word' id='word_1_36' title='bbox 1321 831 1400 897; x_wconf 90' lang='lat' dir='ltr'><strong>Inde</strong></span> <span class='ocrx_word' id='word_1_37' title='bbox 1415 814 1511 897; x_wconf 77' lang='lat' dir='ltr'><strong>cause</strong></span> 
     </span>
     <span class='ocr_line' id='line_1_6' title="bbox 333 954 1512 1042; baseline 0.002 -23"><span class='ocrx_word' id='word_1_38' title='bbox 333 954 495 1019; x_wconf 86' lang='lat' dir='ltr'><strong>iudicatur</strong></span> <span class='ocrx_word' id='word_1_39' title='bbox 517 957 551 1019; x_wconf 93' lang='lat' dir='ltr'><strong>in</strong></span> <span class='ocrx_word' id='word_1_40' title='bbox 573 954 686 1020; x_wconf 88' lang='lat' dir='ltr'><strong>eodem</strong></span> <span class='ocrx_word' id='word_1_41' title='bbox 708 954 862 1020; x_wconf 86' lang='lat' dir='ltr'><strong>tribunali</strong></span> <span class='ocrx_word' id='word_1_42' title='bbox 888 954 1037 1040; x_wconf 84' lang='lat' dir='ltr'><strong>Episcopi</strong></span> <span class='ocrx_word' id='word_1_43' title='bbox 1062 957 1121 1020; x_wconf 92' lang='lat' dir='ltr'><strong>etsi</strong></span> <span class='ocrx_word' id='word_1_44' title='bbox 1138 956 1272 1021; x_wconf 88' lang='lat' dir='ltr'><strong>Vicario</strong></span> <span class='ocrx_word' id='word_1_45' title='bbox 1294 956 1512 1042; x_wconf 82' lang='lat' dir='ltr'><strong>adiungantur</strong></span> 
     </span>
     <span class='ocr_line' id='line_1_7' title="bbox 334 1078 1510 1167; baseline 0 -22"><span class='ocrx_word' id='word_1_46' title='bbox 334 1098 513 1145; x_wconf 74' lang='lat' dir='ltr'>assessores</span> <span class='ocrx_word' id='word_1_47' title='bbox 536 1100 608 1144; x_wconf 86' lang='lat' dir='ltr'><strong>cum</strong></span> <span class='ocrx_word' id='word_1_48' title='bbox 633 1085 708 1145; x_wconf 86' lang='lat' dir='ltr'><strong>voto</strong></span> <span class='ocrx_word' id='word_1_49' title='bbox 731 1078 962 1146; x_wconf 69' lang='lat' dir='ltr'><strong>deliberativo.</strong></span> <span class='ocrx_word' id='word_1_50' title='bbox 979 1078 1028 1147; x_wconf 83' lang='lat' dir='ltr'><strong>of.</strong></span> <span class='ocrx_word' id='word_1_51' title='bbox 1045 1080 1133 1161; x_wconf 88' lang='lat' dir='ltr'><strong>Feie,</strong></span> <span class='ocrx_word' id='word_1_52' title='bbox 1158 1080 1208 1146; x_wconf 87' lang='lat' dir='ltr'><strong>De</strong></span> <span class='ocrx_word' id='word_1_53' title='bbox 1223 1080 1349 1163; x_wconf 82' lang='lat' dir='ltr'><strong>imped·</strong></span> <span class='ocrx_word' id='word_1_54' title='bbox 1373 1086 1403 1147; x_wconf 88' lang='lat' dir='ltr'><strong>et</strong></span> <span class='ocrx_word' id='word_1_55' title='bbox 1425 1082 1510 1167; x_wconf 67' lang='lat' dir='ltr'><strong>desp.</strong></span> 
     </span>
     <span class='ocr_line' id='line_1_8' title="bbox 333 1203 1511 1289; baseline 0.003 -21"><span class='ocrx_word' id='word_1_56' title='bbox 333 1208 444 1277; x_wconf 65' lang='lat' dir='ltr'><strong>matr„</strong></span> <span class='ocrx_word' id='word_1_57' title='bbox 470 1223 502 1269; x_wconf 82' lang='lat' dir='ltr'><strong>n.</strong></span> <span class='ocrx_word' id='word_1_58' title='bbox 520 1203 616 1287; x_wconf 85' lang='lat'><em>586;</em></span> <span class='ocrx_word' id='word_1_59' title='bbox 639 1209 672 1268; x_wconf 90' lang='lat' dir='ltr'><strong>et</strong></span> <span class='ocrx_word' id='word_1_60' title='bbox 694 1203 863 1278; x_wconf 85' lang='lat' dir='ltr'><strong>Mensella‚</strong></span> <span class='ocrx_word' id='word_1_61' title='bbox 882 1204 932 1269; x_wconf 88' lang='lat' dir='ltr'><strong>De</strong></span> <span class='ocrx_word' id='word_1_62' title='bbox 946 1204 1072 1287; x_wconf 79' lang='lat' dir='ltr'><strong>impert.</strong></span> <span class='ocrx_word' id='word_1_63' title='bbox 1093 1210 1193 1270; x_wconf 67' lang='lat' dir='ltr'><strong>mab.</strong></span> <span class='ocrx_word' id='word_1_64' title='bbox 1212 1204 1278 1270; x_wconf 86' lang='lat' dir='ltr'><strong>dir.</strong></span> <span class='ocrx_word' id='word_1_65' title='bbox 1302 1223 1344 1271; x_wconf 88' lang='lat' dir='ltr'><strong>ac</strong></span> <span class='ocrx_word' id='word_1_66' title='bbox 1366 1205 1409 1271; x_wconf 87' lang='lat' dir='ltr'><strong>de</strong></span> <span class='ocrx_word' id='word_1_67' title='bbox 1428 1225 1511 1289; x_wconf 84' lang='lat' dir='ltr'><strong>pro·</strong></span> 
     </span>
     <span class='ocr_line' id='line_1_9' title="bbox 333 1326 760 1411; baseline 0.005 -19"><span class='ocrx_word' id='word_1_68' title='bbox 333 1346 413 1394; x_wconf 81' lang='lat' dir='ltr'><strong>cese.</strong></span> <span class='ocrx_word' id='word_1_69' title='bbox 437 1328 600 1402; x_wconf 68' lang='lat' dir='ltr'><strong>iudicent,</strong></span> <span class='ocrx_word' id='word_1_70' title='bbox 620 1347 657 1411; x_wconf 85' lang='lat' dir='ltr'><strong>p.</strong></span> <span class='ocrx_word' id='word_1_71' title='bbox 683 1326 760 1394; x_wconf 88' lang='grc'><strong>173.</strong></span> 
     </span>
    </p>

    <p class='ocr_par' dir='ltr' id='par_1_3' title="bbox 321 1452 1512 2149">
     <span class='ocr_line' id='line_1_10' title="bbox 422 1452 1510 1539; baseline 0.002 -22"><span class='ocrx_word' id='word_1_72' title='bbox 422 1452 496 1519; x_wconf 89' lang='grc'><strong>430.</strong></span> <span class='ocrx_word' id='word_1_73' title='bbox 523 1456 551 1518; x_wconf 84' lang='grc' dir='ltr'><strong>Α</strong></span> <span class='ocrx_word' id='word_1_74' title='bbox 568 1453 712 1519; x_wconf 81' lang='lat' dir='ltr'><strong>Concilio</strong></span> <span class='ocrx_word' id='word_1_75' title='bbox 728 1452 816 1518; x_wconf 90' lang='lat' dir='ltr'><strong>Trid.</strong></span> <span class='ocrx_word' id='word_1_76' title='bbox 832 1458 940 1519; x_wconf 88' lang='lat' dir='ltr'><strong>autem</strong></span> <span class='ocrx_word' id='word_1_77' title='bbox 964 1452 1093 1519; x_wconf 91' lang='lat' dir='ltr'><strong>videtur</strong></span> <span class='ocrx_word' id='word_1_78' title='bbox 1116 1454 1245 1520; x_wconf 85' lang='lat' dir='ltr'><strong>excludi</strong></span> <span class='ocrx_word' id='word_1_79' title='bbox 1267 1458 1409 1539; x_wconf 84' lang='lat' dir='ltr'><strong>potestas</strong></span> <span class='ocrx_word' id='word_1_80' title='bbox 1423 1453 1510 1520; x_wconf 89' lang='lat' dir='ltr'><strong>dele-</strong></span> 
     </span>
     <span class='ocr_line' id='line_1_11' title="bbox 333 1576 1510 1665; baseline 0.001 -23"><span class='ocrx_word' id='word_1_81' title='bbox 333 1576 429 1662; x_wconf 77' lang='lat' dir='ltr'><strong>gandi</strong></span> <span class='ocrx_word' id='word_1_82' title='bbox 453 1578 540 1660; x_wconf 83' lang='lat' dir='ltr'><strong>(Vol.</strong></span> <span class='ocrx_word' id='word_1_83' title='bbox 563 1578 605 1651; x_wconf 89' lang='grc' dir='ltr'><strong>ΙΙ,</strong></span> <span class='ocrx_word' id='word_1_84' title='bbox 629 1598 662 1642; x_wconf 93' lang='lat' dir='ltr'><strong>n.</strong></span> <span class='ocrx_word' id='word_1_85' title='bbox 680 1578 769 1665; x_wconf 80' lang='lat'>331).</span> <span class='ocrx_word' id='word_1_86' title='bbox 793 1578 844 1643; x_wconf 82' lang='lat' dir='ltr'><strong>Ad</strong></span> <span class='ocrx_word' id='word_1_87' title='bbox 867 1578 1023 1643; x_wconf 86' lang='lat' dir='ltr'><strong>eiusmodi</strong></span> <span class='ocrx_word' id='word_1_88' title='bbox 1039 1579 1300 1664; x_wconf 85' lang='lat' dir='ltr'><strong>praecavendum</strong></span> <span class='ocrx_word' id='word_1_89' title='bbox 1323 1578 1454 1645; x_wconf 90' lang='lat' dir='ltr'><strong>dubium</strong></span> <span class='ocrx_word' id='word_1_90' title='bbox 1478 1581 1510 1644; x_wconf 91' lang='lat' dir='ltr'><strong>in</strong></span> 
     </span>
     <span class='ocr_line' id='line_1_12' title="bbox 332 1703 1510 1791; baseline 0.002 -24"><span class='ocrx_word' id='word_1_91' title='bbox 332 1704 492 1776; x_wconf 86' lang='lat' dir='ltr'><strong>themate,</strong></span> <span class='ocrx_word' id='word_1_92' title='bbox 517 1723 633 1788; x_wconf 82' lang='lat' dir='ltr'><strong>nempe</strong></span> <span class='ocrx_word' id='word_1_93' title='bbox 656 1724 696 1769; x_wconf 89' lang='lat' dir='ltr'><strong>an</strong></span> <span class='ocrx_word' id='word_1_94' title='bbox 720 1703 839 1769; x_wconf 85' lang='lat' dir='ltr'><strong>exinde</strong></span> <span class='ocrx_word' id='word_1_95' title='bbox 862 1704 1024 1789; x_wconf 85' lang='lat' dir='ltr'><strong>prohibita</strong></span> <span class='ocrx_word' id='word_1_96' title='bbox 1051 1704 1186 1770; x_wconf 88' lang='lat' dir='ltr'><strong>dicenda</strong></span> <span class='ocrx_word' id='word_1_97' title='bbox 1209 1706 1250 1770; x_wconf 88' lang='lat' dir='ltr'><strong>sit</strong></span> <span class='ocrx_word' id='word_1_98' title='bbox 1272 1710 1412 1791; x_wconf 79' lang='lat' dir='ltr'><strong>potestas</strong></span> <span class='ocrx_word' id='word_1_99' title='bbox 1435 1724 1510 1770; x_wconf 92' lang='lat' dir='ltr'><strong>con·</strong></span> 
     </span>
     <span class='ocr_line' id='line_1_13' title="bbox 333 1828 1511 1915; baseline 0.001 -22"><span class='ocrx_word' id='word_1_100' title='bbox 333 1828 485 1893; x_wconf 87' lang='lat' dir='ltr'><strong>stituendi</strong></span> <span class='ocrx_word' id='word_1_101' title='bbox 500 1828 643 1895; x_wconf 87' lang='lat' dir='ltr'><strong>tribunal</strong></span> <span class='ocrx_word' id='word_1_102' title='bbox 660 1828 839 1915; x_wconf 82' lang='lat' dir='ltr'><strong>collegiale‚</strong></span> <span class='ocrx_word' id='word_1_103' title='bbox 853 1830 943 1895; x_wconf 89' lang='lat' dir='ltr'><strong>cuius</strong></span> <span class='ocrx_word' id='word_1_104' title='bbox 958 1848 1091 1914; x_wconf 79' lang='lat' dir='ltr'><strong>praeses</strong></span> <span class='ocrx_word' id='word_1_105' title='bbox 1106 1830 1149 1895; x_wconf 88' lang='lat' dir='ltr'><strong>sit</strong></span> <span class='ocrx_word' id='word_1_106' title='bbox 1164 1830 1317 1896; x_wconf 83' lang='lat' dir='ltr'><strong>Vicerius</strong></span> <span class='ocrx_word' id='word_1_107' title='bbox 1330 1831 1511 1912; x_wconf 80' lang='lat' dir='ltr'><strong>Generalis,</strong></span> 
     </span>
     <span class='ocr_line' id='line_1_14' title="bbox 321 1952 1512 2039; baseline 0.002 -22"><span class='ocrx_word' id='word_1_108' title='bbox 321 1973 395 2037; x_wconf 27' lang='lat' dir='ltr'><strong>‚nec</strong></span> <span class='ocrx_word' id='word_1_109' title='bbox 417 1972 482 2018; x_wconf 94' lang='lat' dir='ltr'><strong>non</strong></span> <span class='ocrx_word' id='word_1_110' title='bbox 513 1972 555 2017; x_wconf 83' lang='lat' dir='ltr'><strong>en</strong></span> <span class='ocrx_word' id='word_1_111' title='bbox 585 1953 683 2018; x_wconf 82' lang='lat' dir='ltr'><strong>liceat</strong></span> <span class='ocrx_word' id='word_1_112' title='bbox 713 1954 873 2039; x_wconf 79' lang='lat' dir='ltr'><strong>Episcopo</strong></span> <span class='ocrx_word' id='word_1_113' title='bbox 904 1952 1060 2039; x_wconf 85' lang='lat' dir='ltr'><strong>deputare</strong></span> <span class='ocrx_word' id='word_1_114' title='bbox 1092 1952 1214 2019; x_wconf 88' lang='lat' dir='ltr'><strong>iudices</strong></span> <span class='ocrx_word' id='word_1_115' title='bbox 1244 1952 1409 2038; x_wconf 84' lang='lat' dir='ltr'><strong>delegatos</strong></span> <span class='ocrx_word' id='word_1_116' title='bbox 1438 1952 1512 2019; x_wconf 79' lang='lat' dir='ltr'><strong>eius</strong></span> 
     </span>
     <span class='ocr_line' id='line_1_15' title="bbox 332 2073 1512 2149; baseline -0.002 -8"><span class='ocrx_word' id='word_1_117' title='bbox 332 2076 471 2143; x_wconf 80' lang='lat' dir='ltr'><strong>nomine</strong></span> <span class='ocrx_word' id='word_1_118' title='bbox 493 2076 681 2149; x_wconf 83' lang='lat' dir='ltr'><strong>iudicantes,</strong></span> <span class='ocrx_word' id='word_1_119' title='bbox 699 2081 732 2141; x_wconf 90' lang='lat' dir='ltr'><strong>et</strong></span> <span class='ocrx_word' id='word_1_120' title='bbox 747 2076 821 2141; x_wconf 91' lang='lat' dir='ltr'><strong>inde</strong></span> <span class='ocrx_word' id='word_1_121' title='bbox 845 2095 887 2141; x_wconf 86' lang='lat' dir='ltr'><strong>an</strong></span> <span class='ocrx_word' id='word_1_122' title='bbox 902 2076 1010 2141; x_wconf 89' lang='lat' dir='ltr'><strong>valida</strong></span> <span class='ocrx_word' id='word_1_123' title='bbox 1033 2075 1170 2143; x_wconf 86' lang='lat' dir='ltr'><strong>dicenda</strong></span> <span class='ocrx_word' id='word_1_124' title='bbox 1190 2078 1231 2141; x_wconf 91' lang='lat' dir='ltr'><strong>sit</strong></span> <span class='ocrx_word' id='word_1_125' title='bbox 1250 2076 1410 2142; x_wconf 85' lang='lat' dir='ltr'><strong>sententia</strong></span> <span class='ocrx_word' id='word_1_126' title='bbox 1434 2073 1512 2141; x_wconf 85' lang='lat' dir='ltr'><strong>deli-</strong></span> 
     </span>
    </p>
   </div>
   <div class='ocr_carea' id='block_1_3' title="bbox 333 2199 1511 2423">
    <p class='ocr_par' dir='ltr' id='par_1_4' title="bbox 333 2199 1511 2423">
     <span class='ocr_line' id='line_1_16' title="bbox 333 2199 1510 2287; baseline 0 -22"><span class='ocrx_word' id='word_1_127' title='bbox 333 2202 434 2266; x_wconf 88' lang='lat' dir='ltr'><strong>nitiva</strong></span> <span class='ocrx_word' id='word_1_128' title='bbox 456 2201 567 2269; x_wconf 87' lang='lat' dir='ltr'><strong>taliter</strong></span> <span class='ocrx_word' id='word_1_129' title='bbox 590 2200 685 2275; x_wconf 85' lang='lat' dir='ltr'><strong>edita,</strong></span> <span class='ocrx_word' id='word_1_130' title='bbox 710 2205 891 2287; x_wconf 91' lang='lat' dir='ltr'><strong>opportune</strong></span> <span class='ocrx_word' id='word_1_131' title='bbox 914 2199 1107 2267; x_wconf 85' lang='lat' dir='ltr'><strong>observatur</strong></span> <span class='ocrx_word' id='word_1_132' title='bbox 1130 2201 1267 2283; x_wconf 86' lang='lat' dir='ltr'><strong>cautela,</strong></span> <span class='ocrx_word' id='word_1_133' title='bbox 1291 2220 1372 2285; x_wconf 85' lang='lat' dir='ltr'><strong>quae</strong></span> <span class='ocrx_word' id='word_1_134' title='bbox 1395 2220 1510 2286; x_wconf 81' lang='lat' dir='ltr'><strong>sugge-</strong></span> 
     </span>
     <span class='ocr_line' id='line_1_17' title="bbox 335 2322 1511 2423; baseline 0 -35"><span class='ocrx_word' id='word_1_135' title='bbox 335 2326 418 2388; x_wconf 91' lang='lat' dir='ltr'><strong>ritur</strong></span> <span class='ocrx_word' id='word_1_136' title='bbox 448 2322 488 2388; x_wconf 92' lang='lat' dir='ltr'><strong>ab</strong></span> <span class='ocrx_word' id='word_1_137' title='bbox 517 2327 669 2423; x_wconf 87' lang='lat' dir='ltr'><strong>Instruct.</strong></span> <span class='ocrx_word' id='word_1_138' title='bbox 695 2325 868 2390; x_wconf 79' lang='lat' dir='ltr'><strong>Austriuce</strong></span> <span class='ocrx_word' id='word_1_139' title='bbox 891 2326 913 2407; x_wconf 67' lang='grc' dir='ltr'><strong>ἓ</strong></span> <span class='ocrx_word' id='word_1_140' title='bbox 936 2324 1012 2397; x_wconf 86' lang='grc'><em>178,</em></span> <span class='ocrx_word' id='word_1_141' title='bbox 1037 2324 1198 2397; x_wconf 82' lang='lat' dir='ltr'><strong>videlicet,</strong></span> <span class='ocrx_word' id='word_1_142' title='bbox 1227 2325 1420 2389; x_wconf 85' lang='lat' dir='ltr'><strong>sententiam</strong></span> <span class='ocrx_word' id='word_1_143' title='bbox 1447 2342 1511 2389; x_wconf 90' lang='lat' dir='ltr'><strong>non</strong></span> 
     </span>
    </p>
   </div>
   <div class='ocr_carea' id='block_1_4' title="bbox 250 2446 1511 4528">
    <p class='ocr_par' dir='ltr' id='par_1_5' title="bbox 250 2446 1511 3884">
     <span class='ocr_line' id='line_1_18' title="bbox 334 2446 1511 2535; baseline 0.001 -23"><span class='ocrx_word' id='word_1_144' title='bbox 334 2448 384 2513; x_wconf 91' lang='lat' dir='ltr'><strong>edi</strong></span> <span class='ocrx_word' id='word_1_145' title='bbox 408 2446 603 2514; x_wconf 81' lang='lat' dir='ltr'><strong>definitivam</strong></span> <span class='ocrx_word' id='word_1_146' title='bbox 626 2451 702 2533; x_wconf 88' lang='lat' dir='ltr'><strong>quin</strong></span> <span class='ocrx_word' id='word_1_147' title='bbox 729 2449 874 2515; x_wconf 88' lang='lat' dir='ltr'><strong>eamdem</strong></span> <span class='ocrx_word' id='word_1_148' title='bbox 906 2450 1084 2535; x_wconf 85' lang='lat' dir='ltr'><strong>Episcopus</strong></span> <span class='ocrx_word' id='word_1_149' title='bbox 1115 2448 1358 2533; x_wconf 69' lang='lat' dir='ltr'><strong>approbaverit</strong></span> <span class='ocrx_word' id='word_1_150' title='bbox 1381 2454 1414 2514; x_wconf 90' lang='lat' dir='ltr'><strong>et</strong></span> <span class='ocrx_word' id='word_1_151' title='bbox 1436 2450 1511 2514; x_wconf 91' lang='lat' dir='ltr'><strong>inde</strong></span> 
     </span>
     <span class='ocr_line' id='line_1_19' title="bbox 335 2571 1510 2657; baseline 0.001 -21"><span class='ocrx_word' id='word_1_152' title='bbox 335 2573 432 2637; x_wconf 89' lang='lat' dir='ltr'><strong>veluti</strong></span> <span class='ocrx_word' id='word_1_153' title='bbox 465 2593 567 2639; x_wconf 84' lang='lat' dir='ltr'><strong>suum</strong></span> <span class='ocrx_word' id='word_1_154' title='bbox 596 2571 752 2640; x_wconf 84' lang='lat' dir='ltr'><strong>effecerit.</strong></span> <span class='ocrx_word' id='word_1_155' title='bbox 777 2573 825 2641; x_wconf 81' lang='grc' dir='ltr'><strong>(ΙΙ.</strong></span> <span class='ocrx_word' id='word_1_156' title='bbox 852 2574 926 2640; x_wconf 90' lang='lat' dir='ltr'><strong>Vol.</strong></span> <span class='ocrx_word' id='word_1_157' title='bbox 953 2575 994 2650; x_wconf 91' lang='lat' dir='ltr'><strong>ll,</strong></span> <span class='ocrx_word' id='word_1_158' title='bbox 1025 2575 1084 2640; x_wconf 87' lang='lat' dir='ltr'><strong>loc.</strong></span> <span class='ocrx_word' id='word_1_159' title='bbox 1114 2574 1167 2640; x_wconf 82' lang='lat' dir='ltr'><strong>cit.</strong></span> <span class='ocrx_word' id='word_1_160' title='bbox 1191 2593 1228 2657; x_wconf 85' lang='lat' dir='ltr'><strong>p.</strong></span> <span class='ocrx_word' id='word_1_161' title='bbox 1253 2571 1334 2639; x_wconf 85' lang='grc'><strong>436.</strong></span> <span class='ocrx_word' id='word_1_162' title='bbox 1360 2574 1510 2640; x_wconf 76' lang='lat' dir='ltr'><strong>Attamen</strong></span> 
     </span>
     <span class='ocr_line' id='line_1_20' title="bbox 333 2697 1511 2784; baseline -0.002 -20"><span class='ocrx_word' id='word_1_163' title='bbox 333 2698 364 2764; x_wconf 86' lang='lat' dir='ltr'><strong>S.</strong></span> <span class='ocrx_word' id='word_1_164' title='bbox 389 2698 508 2784; x_wconf 80' lang='lat' dir='ltr'><strong>Congu.</strong></span> <span class='ocrx_word' id='word_1_165' title='bbox 533 2698 668 2764; x_wconf 82' lang='lat' dir='ltr'><strong>Concilii</strong></span> <span class='ocrx_word' id='word_1_166' title='bbox 691 2719 855 2784; x_wconf 91' lang='lat' dir='ltr'><strong>nunquam</strong></span> <span class='ocrx_word' id='word_1_167' title='bbox 880 2697 1070 2784; x_wconf 81' lang='lat' dir='ltr'><strong>reprobavit</strong></span> <span class='ocrx_word' id='word_1_168' title='bbox 1092 2700 1269 2766; x_wconf 85' lang='lat' dir='ltr'><strong>sententias</strong></span> <span class='ocrx_word' id='word_1_169' title='bbox 1289 2703 1398 2784; x_wconf 89' lang='lat' dir='ltr'><strong>utpote</strong></span> <span class='ocrx_word' id='word_1_170' title='bbox 1422 2697 1511 2763; x_wconf 87' lang='lat' dir='ltr'><strong>datas</strong></span> 
     </span>
     <span class='ocr_line' id='line_1_21' title="bbox 333 2820 1510 2908; baseline -0.003 -21"><span class='ocrx_word' id='word_1_171' title='bbox 333 2821 532 2887; x_wconf 86' lang='lat' dir='ltr'><strong>eiudicibus</strong></span> <span class='ocrx_word' id='word_1_172' title='bbox 562 2821 602 2887; x_wconf 88' lang='lat' dir='ltr'><strong>ab</strong></span> <span class='ocrx_word' id='word_1_173' title='bbox 626 2823 803 2890; x_wconf 86' lang='lat' dir='ltr'><strong>Ordinario</strong></span> <span class='ocrx_word' id='word_1_174' title='bbox 830 2822 1010 2908; x_wconf 59' lang='lat' dir='ltr'><strong>delentem,</strong></span> <span class='ocrx_word' id='word_1_175' title='bbox 1043 2821 1212 2886; x_wconf 91' lang='lat' dir='ltr'><strong>dummodo</strong></span> <span class='ocrx_word' id='word_1_176' title='bbox 1243 2820 1415 2906; x_wconf 78' lang='lat' dir='ltr'><strong>appellatio</strong></span> <span class='ocrx_word' id='word_1_177' title='bbox 1446 2839 1510 2885; x_wconf 91' lang='lat' dir='ltr'><strong>non</strong></span> 
     </span>
     <span class='ocr_line' id='line_1_22' title="bbox 332 2945 1511 3034; baseline -0.003 -21"><span class='ocrx_word' id='word_1_178' title='bbox 332 2947 389 3014; x_wconf 87' lang='lat' dir='ltr'><strong>fiat</strong></span> <span class='ocrx_word' id='word_1_179' title='bbox 411 2950 458 3015; x_wconf 84' lang='lat' dir='ltr'><strong>ud</strong></span> <span class='ocrx_word' id='word_1_180' title='bbox 480 2949 627 3014; x_wconf 80' lang='lat' dir='ltr'><strong>iudicem</strong></span> <span class='ocrx_word' id='word_1_181' title='bbox 650 2949 873 3034; x_wconf 76' lang='lat' dir='ltr'><strong>delepcmtem¹</strong></span> <span class='ocrx_word' id='word_1_182' title='bbox 898 2947 1006 3032; x_wconf 89' lang='lat' dir='ltr'><strong>prouti</strong></span> <span class='ocrx_word' id='word_1_183' title='bbox 1024 2948 1146 3012; x_wconf 90' lang='lat' dir='ltr'><strong>sineret</strong></span> <span class='ocrx_word' id='word_1_184' title='bbox 1169 2947 1218 3011; x_wconf 90' lang='lat' dir='ltr'><strong>ius</strong></span> <span class='ocrx_word' id='word_1_185' title='bbox 1244 2963 1422 3010; x_wconf 92' lang='lat' dir='ltr'><strong>commune.</strong></span> <span class='ocrx_word' id='word_1_186' title='bbox 1440 2945 1511 3010; x_wconf 86' lang='lat' dir='ltr'><strong>Hac</strong></span> 
     </span>
     <span class='ocr_line' id='line_1_23' title="bbox 332 3070 1509 3154; baseline -0.003 -16"><span class='ocrx_word' id='word_1_187' title='bbox 332 3075 460 3140; x_wconf 85' lang='lat' dir='ltr'><strong>ratione</strong></span> <span class='ocrx_word' id='word_1_188' title='bbox 490 3079 645 3140; x_wconf 86' lang='lat' dir='ltr'><strong>servatur</strong></span> <span class='ocrx_word' id='word_1_189' title='bbox 675 3074 815 3140; x_wconf 79' lang='lat' dir='ltr'><strong>intentio</strong></span> <span class='ocrx_word' id='word_1_190' title='bbox 845 3071 970 3138; x_wconf 90' lang='lat' dir='ltr'><strong>decreti</strong></span> <span class='ocrx_word' id='word_1_191' title='bbox 1001 3072 1178 3144; x_wconf 83' lang='lat' dir='ltr'><strong>tridentini,</strong></span> <span class='ocrx_word' id='word_1_192' title='bbox 1204 3076 1237 3136; x_wconf 93' lang='lat' dir='ltr'><strong>et</strong></span> <span class='ocrx_word' id='word_1_193' title='bbox 1266 3070 1353 3135; x_wconf 86' lang='lat' dir='ltr'><strong>hauc</strong></span> <span class='ocrx_word' id='word_1_194' title='bbox 1384 3071 1509 3154; x_wconf 90' lang='lat' dir='ltr'><strong>praxim</strong></span> 
     </span>
     <span class='ocr_line' id='line_1_24' title="bbox 332 3192 1510 3273; baseline -0.003 -9"><span class='ocrx_word' id='word_1_195' title='bbox 332 3205 400 3264; x_wconf 92' lang='lat' dir='ltr'><strong>tute</strong></span> <span class='ocrx_word' id='word_1_196' title='bbox 428 3204 563 3264; x_wconf 85' lang='lat' dir='ltr'><strong>servant</strong></span> <span class='ocrx_word' id='word_1_197' title='bbox 594 3197 778 3273; x_wconf 82' lang='lat' dir='ltr'><strong>Ordinerii3</strong></span> <span class='ocrx_word' id='word_1_198' title='bbox 803 3200 849 3264; x_wconf 92' lang='lat' dir='ltr'><strong>uti</strong></span> <span class='ocrx_word' id='word_1_199' title='bbox 881 3199 1007 3262; x_wconf 91' lang='lat' dir='ltr'><strong>eruitur</strong></span> <span class='ocrx_word' id='word_1_200' title='bbox 1033 3217 1075 3262; x_wconf 86' lang='lat' dir='ltr'><strong>ex</strong></span> <span class='ocrx_word' id='word_1_201' title='bbox 1099 3197 1196 3262; x_wconf 91' lang='lat' dir='ltr'><strong>Instr.</strong></span> <span class='ocrx_word' id='word_1_202' title='bbox 1222 3195 1253 3262; x_wconf 89' lang='lat' dir='ltr'><strong>S.</strong></span> <span class='ocrx_word' id='word_1_203' title='bbox 1279 3192 1342 3261; x_wconf 85' lang='lat' dir='ltr'><strong>Off.</strong></span> <span class='ocrx_word' id='word_1_204' title='bbox 1366 3196 1440 3260; x_wconf 86' lang='lat' dir='ltr'><strong>data</strong></span> <span class='ocrx_word' id='word_1_205' title='bbox 1471 3195 1510 3260; x_wconf 84' lang='lat' dir='ltr'><strong>ad</strong></span> 
     </span>
     <span class='ocr_line' id='line_1_25' title="bbox 334 3303 1510 3405; baseline -0.005 -17"><span class='ocrx_word' id='word_1_206' title='bbox 334 3322 525 3388; x_wconf 90' lang='lat' dir='ltr'><strong>Ordinarios</strong></span> <span class='ocrx_word' id='word_1_207' title='bbox 547 3322 636 3387; x_wconf 82' lang='lat' dir='ltr'><strong>ritus</strong></span> <span class='ocrx_word' id='word_1_208' title='bbox 657 3303 777 3388; x_wconf 76' lang='lat' dir='ltr'><strong>orient.</strong></span> <span class='ocrx_word' id='word_1_209' title='bbox 801 3322 824 3402; x_wconf 65' lang='grc' dir='ltr'><strong>ἓ</strong></span> <span class='ocrx_word' id='word_1_210' title='bbox 848 3321 909 3394; x_wconf 78' lang='lat'><strong>22,</strong></span> <span class='ocrx_word' id='word_1_211' title='bbox 933 3340 1028 3404; x_wconf 88' lang='lat' dir='ltr'><strong>quam</strong></span> <span class='ocrx_word' id='word_1_212' title='bbox 1044 3321 1141 3386; x_wconf 89' lang='lat' dir='ltr'><strong>Instr.</strong></span> <span class='ocrx_word' id='word_1_213' title='bbox 1156 3320 1267 3405; x_wconf 85' lang='lat' dir='ltr'><strong>paucis</strong></span> <span class='ocrx_word' id='word_1_214' title='bbox 1291 3319 1385 3384; x_wconf 85' lang='lat' dir='ltr'><strong>factis</strong></span> <span class='ocrx_word' id='word_1_215' title='bbox 1409 3323 1510 3384; x_wconf 85' lang='lat' dir='ltr'><strong>muta·</strong></span> 
     </span>
     <span class='ocr_line' id='line_1_26' title="bbox 335 3443 1139 3531; baseline -0.004 -20"><span class='ocrx_word' id='word_1_216' title='bbox 335 3446 483 3519; x_wconf 88' lang='lat' dir='ltr'><strong>tionibus,</strong></span> <span class='ocrx_word' id='word_1_217' title='bbox 508 3447 638 3530; x_wconf 83' lang='lat' dir='ltr'><strong>excepit</strong></span> <span class='ocrx_word' id='word_1_218' title='bbox 659 3443 693 3510; x_wconf 84' lang='lat' dir='ltr'><strong>S.</strong></span> <span class='ocrx_word' id='word_1_219' title='bbox 719 3445 837 3531; x_wconf 79' lang='lat' dir='ltr'><strong>(longr.</strong></span> <span class='ocrx_word' id='word_1_220' title='bbox 863 3444 903 3510; x_wconf 91' lang='lat' dir='ltr'><strong>de</strong></span> <span class='ocrx_word' id='word_1_221' title='bbox 927 3445 1024 3531; x_wconf 91' lang='lat' dir='ltr'><strong>Prop.</strong></span> <span class='ocrx_word' id='word_1_222' title='bbox 1050 3443 1139 3508; x_wconf 86' lang='lat' dir='ltr'><strong>Fide.</strong></span> 
     </span>
     <span class='ocr_line' id='line_1_27' title="bbox 325 3567 1510 3654; baseline -0.005 -17"><span class='ocrx_word' id='word_1_223' title='bbox 325 3614 331 3622; x_wconf 92' lang='lat'>-</span> <span class='ocrx_word' id='word_1_224' title='bbox 423 3571 545 3636; x_wconf 86' lang='lat' dir='ltr'><strong>Romae</strong></span> <span class='ocrx_word' id='word_1_225' title='bbox 576 3569 639 3634; x_wconf 85' lang='lat' dir='ltr'><strong>hee</strong></span> <span class='ocrx_word' id='word_1_226' title='bbox 669 3588 786 3635; x_wconf 84' lang='lat' dir='ltr'><strong>causae</strong></span> <span class='ocrx_word' id='word_1_227' title='bbox 817 3570 851 3634; x_wconf 90' lang='lat' dir='ltr'><strong>in</strong></span> <span class='ocrx_word' id='word_1_228' title='bbox 877 3569 997 3652; x_wconf 65' lang='lat' dir='ltr'><strong>prima</strong></span> <span class='ocrx_word' id='word_1_229' title='bbox 1026 3567 1191 3634; x_wconf 73' lang='lat' dir='ltr'><strong>instantia</strong></span> <span class='ocrx_word' id='word_1_230' title='bbox 1221 3575 1460 3654; x_wconf 85' lang='lat' dir='ltr'><strong>cognoscuntur</strong></span> <span class='ocrx_word' id='word_1_231' title='bbox 1491 3587 1510 3631; x_wconf 87' lang='lat' dir='ltr'><strong>a</strong></span> 
     </span>
     <span class='ocr_line' id='line_1_28' title="bbox 250 3679 1510 3774; baseline -0.006 -13"><span class='ocrx_word' id='word_1_232' title='bbox 250 3679 253 3685; x_wconf 56' lang='grc'><strong>’</strong></span> <span class='ocrx_word' id='word_1_233' title='bbox 334 3695 497 3761; x_wconf 72' lang='lat' dir='ltr'><strong>cardinali</strong></span> <span class='ocrx_word' id='word_1_234' title='bbox 520 3693 664 3767; x_wconf 87' lang='lat' dir='ltr'><strong>Vicario,</strong></span> <span class='ocrx_word' id='word_1_235' title='bbox 689 3693 793 3758; x_wconf 90' lang='lat' dir='ltr'><strong>iudice</strong></span> <span class='ocrx_word' id='word_1_236' title='bbox 817 3692 982 3758; x_wconf 85' lang='lat' dir='ltr'><strong>ordinario</strong></span> <span class='ocrx_word' id='word_1_237' title='bbox 1007 3691 1111 3762; x_wconf 80' lang='lat' dir='ltr'><strong>Urbis.</strong></span> <span class='ocrx_word' id='word_1_238' title='bbox 1136 3690 1280 3757; x_wconf 86' lang='lat' dir='ltr'><strong>suburbii</strong></span> <span class='ocrx_word' id='word_1_239' title='bbox 1308 3692 1440 3774; x_wconf 85' lang='lat' dir='ltr'><strong>eiusque</strong></span> <span class='ocrx_word' id='word_1_240' title='bbox 1463 3690 1510 3755; x_wconf 91' lang='lat' dir='ltr'><strong>di-</strong></span> 
     </span>
     <span class='ocr_line' id='line_1_29' title="bbox 333 3820 475 3884; baseline -0.014 0"><span class='ocrx_word' id='word_1_241' title='bbox 333 3820 475 3884; x_wconf 87' lang='lat' dir='ltr'><strong>strictus.</strong></span> 
     </span>
    </p>

    <p class='ocr_par' dir='ltr' id='par_1_6' title="bbox 326 3937 1511 4528">
     <span class='ocr_line' id='line_1_30' title="bbox 420 3937 1511 4026; baseline -0.005 -19"><span class='ocrx_word' id='word_1_242' title='bbox 420 3943 496 4008; x_wconf 93' lang='grc' dir='ltr'><strong>43Ι.</strong></span> <span class='ocrx_word' id='word_1_243' title='bbox 519 3947 549 4007; x_wconf 84' lang='grc' dir='ltr'><strong>Α</strong></span> <span class='ocrx_word' id='word_1_244' title='bbox 565 3943 725 4008; x_wconf 88' lang='lat' dir='ltr'><strong>sententia</strong></span> <span class='ocrx_word' id='word_1_245' title='bbox 742 3940 937 4026; x_wconf 86' lang='lat' dir='ltr'><strong>Episcopali‚</strong></span> <span class='ocrx_word' id='word_1_246' title='bbox 954 3941 1108 4008; x_wconf 87' lang='lat' dir='ltr'><strong>instantia</strong></span> <span class='ocrx_word' id='word_1_247' title='bbox 1130 3937 1355 4025; x_wconf 86' lang='lat' dir='ltr'><strong>appellationis</strong></span> <span class='ocrx_word' id='word_1_248' title='bbox 1370 3937 1511 4002; x_wconf 91' lang='lat' dir='ltr'><strong>introdu-</strong></span> 
     </span>
     <span class='ocr_line' id='line_1_31' title="bbox 326 4039 1511 4153; baseline -0.006 -19"><span class='ocrx_word' id='word_1_249' title='bbox 326 4070 417 4150; x_wconf 82' lang='lat' dir='ltr'><strong>citur</strong></span> <span class='ocrx_word' id='word_1_250' title='bbox 446 4039 534 4153; x_wconf 87' lang='lat' dir='ltr'><strong>apud</strong></span> <span class='ocrx_word' id='word_1_251' title='bbox 562 4067 861 4153; x_wconf 83' lang='lat' dir='ltr'><strong>Archiepiscopum.</strong></span> <span class='ocrx_word' id='word_1_252' title='bbox 893 4061 929 4129; x_wconf 90' lang='lat' dir='ltr'><strong>Si</strong></span> <span class='ocrx_word' id='word_1_253' title='bbox 960 4065 1232 4150; x_wconf 85' lang='lat' dir='ltr'><strong>Archiepiscopus</strong></span> <span class='ocrx_word' id='word_1_254' title='bbox 1262 4061 1455 4128; x_wconf 87' lang='lat' dir='ltr'><strong>iudicaverit</strong></span> <span class='ocrx_word' id='word_1_255' title='bbox 1477 4065 1511 4127; x_wconf 91' lang='lat' dir='ltr'><strong>in</strong></span> 
     </span>
     <span class='ocr_line' id='line_1_32' title="bbox 331 4187 1510 4276; baseline -0.005 -18"><span class='ocrx_word' id='word_1_256' title='bbox 331 4193 448 4276; x_wconf 65' lang='lat' dir='ltr'><strong>pmmu</strong></span> <span class='ocrx_word' id='word_1_257' title='bbox 471 4192 644 4266; x_wconf 79' lang='lat' dir='ltr'><strong>instantia,</strong></span> <span class='ocrx_word' id='word_1_258' title='bbox 661 4191 812 4258; x_wconf 84' lang='lat' dir='ltr'><strong>iudicium</strong></span> <span class='ocrx_word' id='word_1_259' title='bbox 835 4189 1062 4276; x_wconf 86' lang='lat' dir='ltr'><strong>appellationis</strong></span> <span class='ocrx_word' id='word_1_260' title='bbox 1084 4191 1285 4254; x_wconf 85' lang='lat' dir='ltr'><strong>instauratur</strong></span> <span class='ocrx_word' id='word_1_261' title='bbox 1304 4187 1388 4272; x_wconf 87' lang='lat' dir='ltr'><strong>apud</strong></span> <span class='ocrx_word' id='word_1_262' title='bbox 1404 4187 1435 4254; x_wconf 88' lang='lat' dir='ltr'><strong>S.</strong></span> <span class='ocrx_word' id='word_1_263' title='bbox 1453 4187 1510 4252; x_wconf 91' lang='lat' dir='ltr'><strong>Se·</strong></span> 
     </span>
     <span class='ocr_line' id='line_1_33' title="bbox 334 4312 1510 4402; baseline -0.007 -18"><span class='ocrx_word' id='word_1_264' title='bbox 334 4319 415 4392; x_wconf 89' lang='lat' dir='ltr'><strong>dem,</strong></span> <span class='ocrx_word' id='word_1_265' title='bbox 433 4319 492 4381; x_wconf 88' lang='lat' dir='ltr'><strong>nisi</strong></span> <span class='ocrx_word' id='word_1_266' title='bbox 509 4319 558 4382; x_wconf 90' lang='lat' dir='ltr'><strong>ius</strong></span> <span class='ocrx_word' id='word_1_267' title='bbox 570 4317 783 4400; x_wconf 79' lang='lat' dir='ltr'><strong>particulare</strong></span> <span class='ocrx_word' id='word_1_268' title='bbox 798 4317 907 4402; x_wconf 85' lang='lat' dir='ltr'><strong>uigeat</strong></span> <span class='ocrx_word' id='word_1_269' title='bbox 923 4313 1106 4401; x_wconf 86' lang='lat' dir='ltr'><strong>appellandi</strong></span> <span class='ocrx_word' id='word_1_270' title='bbox 1121 4313 1162 4379; x_wconf 89' lang='lat' dir='ltr'><strong>ad</strong></span> <span class='ocrx_word' id='word_1_271' title='bbox 1179 4315 1368 4379; x_wconf 86' lang='lat' dir='ltr'><strong>viciniorem</strong></span> <span class='ocrx_word' id='word_1_272' title='bbox 1389 4312 1510 4377; x_wconf 89' lang='lat' dir='ltr'><strong>Metro·</strong></span> 
     </span>
     <span class='ocr_line' id='line_1_34' title="bbox 334 4435 1511 4528; baseline -0.006 -22"><span class='ocrx_word' id='word_1_273' title='bbox 334 4441 518 4528; x_wconf 90' lang='lat' dir='ltr'><strong>politanum.</strong></span> <span class='ocrx_word' id='word_1_274' title='bbox 543 4439 618 4504; x_wconf 85' lang='lat' dir='ltr'><strong>Vol.</strong></span> <span class='ocrx_word' id='word_1_275' title='bbox 643 4439 668 4512; x_wconf 88' lang='lat' dir='ltr'><strong>l,</strong></span> <span class='ocrx_word' id='word_1_276' title='bbox 693 4459 724 4502; x_wconf 93' lang='lat' dir='ltr'><strong>n.</strong></span> <span class='ocrx_word' id='word_1_277' title='bbox 748 4439 824 4503; x_wconf 75' lang='lat'><strong>622.</strong></span> <span class='ocrx_word' id='word_1_278' title='bbox 851 4438 889 4502; x_wconf 93' lang='lat' dir='ltr'><strong>ln</strong></span> <span class='ocrx_word' id='word_1_279' title='bbox 912 4437 1062 4504; x_wconf 83' lang='lat' dir='ltr'><strong>secunda</strong></span> <span class='ocrx_word' id='word_1_280' title='bbox 1085 4436 1248 4502; x_wconf 79' lang='lat' dir='ltr'><strong>instantia</strong></span> <span class='ocrx_word' id='word_1_281' title='bbox 1279 4435 1377 4501; x_wconf 85' lang='lat' dir='ltr'><strong>iudex</strong></span> <span class='ocrx_word' id='word_1_282' title='bbox 1406 4437 1511 4520; x_wconf 80' lang='lat' dir='ltr'><strong>potest</strong></span> 
     </span>
    </p>
   </div>
   <div class='ocr_carea' id='block_1_5' title="bbox 0 0 1680 5100">
    <p class='ocr_par' dir='ltr' id='par_1_7' title="bbox 0 0 1680 5100">
     <span class='ocr_line' id='line_1_35' title="bbox 0 0 1680 5100; baseline 0 0"><span class='ocrx_word' id='word_1_283' title='bbox 0 0 1680 5100; x_wconf 95' lang='lat' dir='ltr'><strong> </strong></span> 
     </span>
    </p>
   </div>
  </div>
 </body>
</html>
