3350 5100
332 277 398 343 472
845 292 928 339 raas
952 291 1002 339 111.

331 420 459 485 narium
482 418 546 481 loci
569 416 704 501 parochi
736 416 933 501 delepantis.
959 416 1009 483 lta
1035 414 1179 497 quaestio
1211 413 1290 477 milri
1319 408 1510 475 resolvenda

330 544 468 609 videtur.
486 542 666 626 Utcumque
679 539 872 607 Ordinarius
887 541 950 606 loci
965 539 1101 627 parochi
1113 537 1303 623 delepantis
1314 542 1407 603 certe
1422 554 1512 619 prae

330 666 486 733 ferendus
508 670 567 751 est,
592 666 668 749 quia
691 665 750 749 ipsi
774 660 972 749 suffragatur
999 664 1097 729 etiam
1110 646 1239 726 ’titulus
1269 659 1435 726 domicilii
1456 664 1513 724 aut

330 793 430 878 quasi
446 792 620 860 domicilii.
633 793 666 859 Si
682 811 761 857 vero
774 798 929 877 ageretur
944 790 985 855 de
997 790 1115 856 iudicio
1130 791 1194 855 iam
1209 790 1291 853 inito
1303 793 1339 854 et
1353 789 1511 853 instructo

329 924 385 983 aut
404 914 534 984 definito
550 916 690 983 aiudice
705 917 767 982 loci
784 921 971 982 contractus
991 916 1062 980 initi
1077 932 1123 981 ea
1137 914 1361 1000 delepatione,
1382 932 1513 997 respon·

329 1040 451 1122 derem,
468 1039 506 1106 in
529 1038 641 1111 matio,
659 1059 718 1124 pro
742 1038 908 1136 validitate
931 1044 1033 1109 actus,
1050 1020 1125 1121 quia
1148 1038 1181 1102 in
1196 1036 1300 1103 dubio
1318 1041 1433 1103 statuar
1442 1054 1511 1117 pro

328 1163 505 1231 validitate
526 1170 624 1232 actam
647 1170 680 1231 et
701 1164 738 1229 in
766 1163 880 1245 dubia,
899 1163 1053 1230 Ecclesia
1069 1163 1207 1245 supplet
1227 1160 1510 1227 iurisdictionem.

330 1288 379 1356 Gi.
404 1287 605 1355 D'Anuibale
622 1291 649 1371 l,
666 1310 700 1355 n.
717 1288 766 1355 80
782 1286 870 1371 (Vol.
887 1290 914 1368 1,
938 1309 970 1353 n.
986 1286 1076 1371 352).
1095 1322 1113 1335 ·
1131 1288 1265 1367 Canae,
1282 1305 1367 1369 quae
1386 1304 1408 1351 a
1425 1286 1457 1353 S.
1475 1284 1510 1350 0.

328 1411 464 1479 Conciti
487 1414 732 1479 committuntur
754 1411 964 1479 instruendae
986 1411 1084 1477 iudici
1106 1411 1310 1482 dioecesano,
1326 1409 1435 1475 solent
1458 1426 1511 1473 re·

247 1508 250 1513 ’
329 1537 412 1601 matu
428 1535 524 1601 iunia
547 1536 610 1602 1001
635 1542 827 1605 amouens
849 1543 883 1601 a
905 1536 1069 1603 mnsam
1093 1538 1157 1601 uns
1180 1534 1284 1600 simu.

333 1666 336 1675 ’
420 1659 496 1726 437.
522 1660 567 1725 De
591 1662 781 1748 exceptione
800 1661 1082 1744 incompetentius
1096 1666 1152 1727 aut
1166 1660 1371 1743 suspicionis
1385 1658 1512 1725 obiecta

330 1787 388 1855 sub
412 1789 503 1853 initio
526 1788 881 1870 iudicii,attendantur
903 1808 988 1873 quae
1009 1788 1173 1874 explicavi
1196 1787 1270 1851 Vol.
1296 1788 1321 1862 1,
1346 1806 1379 1850 n.
1394 1786 1472 1853 350.
1491 1819 1509 1832 ·

332 1916 466 1998 iuquam
489 1913 552 1980 snb
574 1909 670 1980 initio
693 1914 822 1995 iudicii,
841 1896 965 1997 quiesi
987 1918 1104 1999 agatur
1127 1910 1167 1977 de
1189 1911 1392 1995 suspicione,
1412 1929 1511 1975 exce·

329 2036 428 2120 ptioni
452 2041 605 2102 censetur
628 2038 853 2102 renunciatum
879 2056 961 2107 esse,
985 2036 1013 2101 si
1044 2038 1105 2101 ista
1135 2054 1200 2100 nou
1224 2040 1407 2120 opponatur
1432 2037 1511 2097 aute

217 2161 222 2166 '
329 2158 418 2223 litem
450 2161 646 2244 incoeptam;
673 2160 735 2225 nisi
766 2166 875 2225 mmen
905 2179 1036 2226 causam
1063 2158 1266 2243 suspicionis
1295 2162 1394 2223 antea
1419 2159 1510 2221 inco·

328 2286 449 2369 gnitum
473 2282 571 2350 fuisse
595 2282 760 2370 probetur.
780 2284 862 2349 -De
887 2285 1079 2372 exceptione
1094 2283 1377 2367 incompetentiae
1390 2283 1510 2347 adver·

327 2416 416 2479 tatur
438 2406 509 2474 fleri
525 2409 817 2501 proropulianem,
834 2410 861 2473 si
885 2412 1034 2495 exceptio
1057 2428 1121 2475 non
1138 2415 1320 2515 opponatur
1342 2415 1375 2473 et
1399 2429 1455 2473 res
1469 2411 1509 2473 sit

328 2532 367 2598 de
387 2536 603 2620 competentia
618 2530 836 2602 territoriali:
860 2533 924 2600 huc
940 2532 1063 2601 faciunt
1079 2555 1161 2619 quae
1177 2533 1386 2600 disseruimus
1410 2553 1509 2619 supra

328 2677 359 2722 n.
386 2657 458 2724 169.

416 2783 491 2848 438.
517 2783 679 2849 Fidelibus
702 2783 742 2849 ad
766 2783 885 2849 tuenda
909 2785 980 2848 iura
1003 2786 1408 2849 matrimoniiuacmmenti
1425 2804 1509 2849 com·

327 2908 461 2989 paratae
484 2909 560 2968 suut
582 2903 732 2970 actiones
753 2902 930 2970 iudiciales
952 2923 1011 2968 seu
1032 2903 1275 2984 accusationes,
1299 2922 1379 2987 quas
1406 2923 1507 2988 expe·

328 3029 456 3094 riantur
478 3027 563 3113 apud
579 3027 716 3093 iudicem
740 3033 993 3111 competentem.
1015 3029 1079 3094 Hic
1093 3029 1229 3114 proinde
1244 3028 1343 3095 habet
1358 3029 1508 3114 officium

327 3153 509 3238 excipiendi
533 3151 686 3218 eiusmodi
711 3153 865 3227 actiones,
889 3174 969 3237 quas
993 3173 1149 3238 respuere
1175 3153 1264 3218 valet
1286 3155 1509 3220 tantummodo

327 3277 353 3339 si
369 3280 424 3340 aut
447 3276 483 3348 is,
501 3275 556 3359 qui
576 3294 678 3360 agere
700 3297 758 3341 seu
780 3295 938 3342 accusare
961 3276 1109 3358 intendit,
1123 3277 1298 3363 legitimam
1320 3297 1386 3343 non
1410 3277 1510 3344 habet

326 3419 498 3485 personam
515 3399 619 3466 standi
643 3400 675 3464 in
692 3399 819 3482 iudicio,
834 3408 889 3466 aut
904 3403 931 3466 si
946 3400 1060 3467 eadem
1076 3404 1239 3468 accusatio
1254 3401 1404 3468 videatur
1420 3406 1508 3469 omni

325 3525 454 3591 destitui
485 3525 703 3592 fundamento.
733 3526 858 3593 Verum
885 3547 906 3592 a
931 3529 1136 3593 recusatione
1165 3529 1382 3594 accusationis
1412 3528 1509 3595 datur

326 3651 508 3736 appellatio,
524 3669 607 3735 quae
626 3651 852 3737 cognoscenda
866 3658 916 3716 est
931 3670 951 3715 a
970 3651 1075 3717 iudice
1098 3654 1268 3738 superiore
1289 3659 1508 3738 competente.

326 3773 418 3848 Quod
446 3775 472 3840 si
504 3774 602 3840 iudex
629 3775 856 3860 appellationis
887 3776 993 3842 edicat
1021 3779 1260 3843 accusationem
1291 3797 1358 3843 non
1388 3799 1508 3869 carere

327 3898 545 3974 fundamento,
570 3903 734 3966 accusatio
764 3901 976 3966 instauranda
1006 3910 1056 3968 est
1085 3903 1168 3987 apud
1200 3902 1338 3968 iudicem
1365 3904 1507 3999 primns

325 4024 525 4106 instantiae,
557 4026 619 4090 nisi
649 4031 759 4110 partes
790 4027 945 4112 excipere
975 4028 1109 4094 valeant
1138 4031 1172 4092 in
1201 4028 1339 4094 iudicem
1366 4031 1508 4112 primae

324 4149 517 4225 instantiae,
542 4152 587 4216 uti
610 4156 814 4233 suspectum,
838 4157 895 4217 aut
917 4151 1030 4217 malint
1057 4171 1127 4216 rem
1144 4151 1282 4218 'directa
1308 4152 1444 4220 deferre
1465 4154 1506 4220 ad

326 4273 357 4338 S.
376 4272 500 4340 Sedem.
520 4273 676 4358 Equidem
693 4276 852 4361 contingit
868 4276 1045 4362 Episcopus
1060 4277 1114 4342 vel
1130 4295 1286 4363 respuere
1300 4277 1361 4343 has
1376 4297 1508 4344 accusa·

325 4397 439 4468 tiones,
451 4399 505 4462 rel
521 4417 555 4463 se
572 4397 712 4464 reddere
723 4397 921 4464 difficiliores
936 4402 971 4465 in
986 4401 1038 4466 his
1049 4400 1251 4486 excipiendis
1261 4402 1387 4467 aientes
1399 4423 1443 4468 ex
1457 4403 1507 4468 eis
