3350 5100
853 686 966 752 Gnror
991 686 1031 751 V.

511 880 556 932 or
576 835 770 934 rnsrnnrn
793 880 1056 935 nccosnrmrns
1078 884 1099 934 n
1120 880 1190 935 suo
1212 880 1373 934 exosum

369 985 488 1047 osone
515 988 563 1039 so
588 988 775 1042 rnenrcnr.
803 988 1009 1042 concessus
1035 988 1224 1050 nurusque
1251 988 1515 1043 rurrenrroncn

743 1096 793 1150 nx
814 1096 936 1151 enare
956 1096 1144 1151 accusari.

355 1310 571 1365 summarium.
585 1340 618 1351 -
631 1310 692 1363 3211.
706 1310 821 1370 Quando
835 1312 951 1381 incipiat
968 1312 1117 1365 accusatio.
1131 1340 1167 1353 -
1178 1312 1238 1366 321.
1256 1318 1297 1365 An
1311 1314 1410 1367 exinde
1423 1318 1529 1367 instau-

444 1422 519 1470 retur
545 1434 616 1470 nova
635 1417 777 1469 instantia.
796 1445 832 1457 -
851 1418 911 1469 322.
933 1418 971 1471 De
997 1417 1128 1473 libertate
1153 1418 1319 1472 defensionis
1341 1419 1529 1474 concedendae

443 1538 499 1576 reo.
518 1551 554 1562 -
572 1523 634 1575 323.
658 1522 696 1575 De
712 1524 903 1590 publicatione
914 1539 1071 1592 processus,
1091 1529 1229 1593 quatenus
1248 1525 1301 1577 iste
1320 1530 1399 1578 actus
1414 1526 1528 1601 11119119-

442 1647 494 1681 nus
512 1646 529 1680 a
548 1628 644 1682 formis
661 1631 823 1683 summariis
847 1634 876 1683 et
901 1633 1092 1705 oeconqrnicis.
1113 1660 1145 1671 -
1165 1632 1228 1685 321.
1252 1632 1289 1687 De
1307 1649 1393 1700 opera
1412 1633 1531 1685 advoca-

441 1743 566 1791 catorum
591 1744 641 1791 aut
663 1744 874 1807 procuratorum
896 1741 922 1793 in
943 1756 1053 1809 genere.
1073 1769 1109 1781 —
1127 1714 1187 1793 325.
1209 1740 1247 1793 De
1270 1740 1304 1793 iis
1325 1756 1396 1809 quae
1419 1740 1530 1807 praevia

441 1851 507 1900 siunt
526 1846 724 1913 publicationis
742 1847 862 1901 decreto.
883 1876 916 1888 -
936 1845 996 1899 326.
1024 1846 1062 1901 De
1080 1846 1287 1914 legitimatione
1313 1862 1457 1914 processus
1481 1863 1528 1899 sen

442 1949 475 2003 de
491 1951 603 2003 testimo
622 1951 798 2021 repetendis:
816 1967 852 2004 ao
873 1950 1004 2029 repetitio
1023 1952 1073 2003 fiat
1091 1966 1184 2003 coram
1203 1956 1342 2003 accusato.
1358 1978 1394 1990 —
1412 1950 1530 2003 3211111

442 2058 505 2111 nori
526 2061 611 2110 testes
630 2057 743 2125 produci
763 2058 875 2113 valeant
893 2059 951 2111 sive
970 2059 1005 2111 ab
1025 2063 1188 2111 accusatore
1206 2058 1265 2111 sive
1284 2059 1318 2111 ab
1338 2062 1477 2111 accusato.
1496 2086 1530 2096 -

442 2168 502 2219 323.
522 2142 619 2255 Testes
639 2166 698 2219 sive
716 2167 751 2218 ab
765 2170 896 2219 accusato
909 2168 967 2221 sive
981 2168 1015 2219 ab
1030 2172 1192 2219 accusatore
1207 2166 1330 2235 producti
1344 2166 1530 2219 admittuntur

442 2291 490 2342 per
508 2273 651 2326 decretum
667 2272 774 2337 iudicis,
788 2272 868 2326 cuius
882 2278 923 2326 est
938 2290 1053 2341 pensare
1070 2274 1112 2325 ins
1129 2273 1306 2341 producentis
1319 2303 1333 2312 -
1349 2275 1391 2324 An
1405 2272 1531 2340 pluribus

443 2386 472 2436 et
491 2382 629 2435 distinctis
648 2381 755 2434 vicibus
782 2381 926 2449 productio
950 2382 1010 2436 fieri
1037 2382 1132 2450 possit.
1153 2410 1186 2420 -
1206 2380 1267 2433 329.
1290 2380 1327 2434 De
1346 2380 1464 2433 testibus
1483 2380 1529 2449 qni

442 2489 557 2542 vocandi
577 2493 643 2541 sunt
661 2488 695 2540 ad
708 2491 967 2558 confrontationenr.
988 2517 1021 2528 —
1041 2488 1100 2541 330.
1115 2488 1229 2540 Summa
1241 2486 1360 2556 appositi
1376 2502 1527 2553 processus.

441 2626 474 2634 -
492 2595 552 2648 331.
572 2594 688 2654 Quando
707 2592 775 2648 haec
795 2594 923 2662 periodus
942 2593 1097 2648 claudatur.

441 2829 516 2893 320.
536 2830 713 2893 Processus
736 2830 873 2899 rotatus,
892 2830 953 2892 iam
970 2830 1095 2894 adverti
1113 2829 1156 2911 (11.
1178 2828 1261 2912 113),
1284 2849 1345 2891 non
1371 2825 1532 2892 conflatur

352 2974 395 3018 ex
407 2954 624 3038 inquisitione
635 2963 667 3018 91
678 2955 993 3035 manutenendae
1008 2961 1040 3018 ot
1053 2975 1095 3019 ex
1109 2959 1244 3037 utroque
1257 2955 1416 3019 elemento
1429 2973 1532 3015 novus

352 3079 566 3143 constituatur
582 3100 751 3163 processus
766 3079 807 3142 ab
824 3100 886 3143 uno
903 3085 935 3144 91
954 3080 994 3142 ab
1018 3080 1080 3143 alio
1103 3081 1263 3143 elemento
1280 3079 1457 3152 distinctus,
1474 3077 1531 3140 sed

352 3221 522 3287 processus
544 3202 674 3267 minius
697 3209 823 3267 constat
847 3223 888 3267 ex
911 3204 1098 3269 successiva
1118 3202 1322 3285 inquisitione
1347 3208 1531 3265 919991199-

351 3330 448 3392 tione.
465 3363 482 3376 -
495 3326 608 3406 Quare
624 3347 756 3394 necesse
773 3336 822 3392 est
837 3330 1003 3411 inquirere
1020 3333 1052 3392 91
1067 3335 1162 3392 ceute
1177 3328 1395 3394 determinare
1415 3346 1530 3410 quous-

351 3471 413 3534 que
438 3453 600 3536 pertingat
614 3451 798 3535 inquisitio,
817 3459 850 3518 91
866 3452 917 3517 ubi
934 3453 1123 3518 exordiatur
1143 3451 1322 3518 accusatio.
1347 3454 1451 3514 Porro
1467 3469 1533 3515 una

351 3576 392 3639 ab
415 3577 479 3640 alia
502 3575 634 3661 periodo
658 3597 722 3641 non
747 3585 796 3642 est
819 3577 1010 3643 adamussim
1027 3569 1194 3668 distineta';
1219 3579 1263 3641 ita
1288 3584 1321 3641 ut
1344 3578 1438 3640 unius
1454 3576 1534 3660 finis

352 3706 394 3769 sit
421 3703 603 3769 scordium
626 3704 771 3785 alterius,
796 3704 853 3772 sed
879 3703 953 3768 dum
976 3703 1165 3788 inquiritur
1188 3704 1388 3768 instauratur
1412 3703 1533 3766 sensim

352 3830 532 3908 accusatio,
563 3831 823 3913 quotiescumque
853 3849 908 3895 reo
936 3831 1087 3914 inquisito
1117 3828 1172 3895 fiat
1198 3829 1391 3896 contestatio
1421 3829 1531 3894 cuins-

351 3954 424 4019 dam
448 3953 656 4039 probationis,
682 3975 764 4038 quae
787 3949 883 4019 indici
908 3954 1034 4038 culpam
1063 3956 1204 4039 inquisiti
1229 3956 1330 4040 magis
1358 3952 1534 4038 persuadet

351 4098 445 4163 quam
469 4080 564 4145 huius
587 4082 726 4165 negatio,
743 4085 799 4146 aut
813 4079 951 4144 adversa
968 4079 1114 4164 probatio
1134 4082 1201 4146 eius
1225 4081 1440 4145 innocentiam
1466 4099 1532 4142 non

352 4205 489 4269 evincat.
516 4203 658 4267 Proinde
688 4204 833 4286 partialis
865 4205 1011 4268 criminis
1040 4204 1234 4284 contestatio
1260 4204 1350 4268 facta
1381 4203 1533 4285 inquisito

352 4329 521 4392 occasione
541 4329 699 4392 examinis
723 4335 772 4394 est
793 4328 963 4394 exordium
986 4329 1222 4409 accusationis,
1239 4348 1321 4411 qnae
1342 4329 1436 4414 plene
1459 4348 1534 4432 pro·

352 4453 483 4538 ponitur
504 4452 538 4516 in
561 4456 635 4517 actu
660 4450 748 4517 finali
772 4454 1015 4519 contestationis
1039 4453 1132 4520 modo
1157 4454 1328 4540 explicato.
