3350 5100
638 309 847 359 nunuuaruu
871 310 905 357 v.
1295 286 1364 357 615

178 434 248 491 socii
267 434 386 499 itineris,
404 432 567 501 industriae,
586 432 632 488 vel
651 433 737 488 etiam
756 432 885 500 miiitiae,
904 446 939 487 eo
956 432 1048 503 magis
1065 431 1180 503 plurimi
1204 433 1362 487 faciendum

179 541 236 597 erit
253 541 366 596 illorum
385 540 585 595 testimonium.

267 664 286 705 s(
304 650 329 701 4.
349 647 489 703 Interdum
509 664 580 701 unus
598 651 709 701 tantum
728 648 808 702 testis
820 647 1022 704 examinandus
1034 647 1183 717 reperitur,
1195 652 1234 714 et,
1247 648 1315 703 licet
1326 651 1361 703 ab

178 756 253 811 omni
273 756 334 810 inre
354 753 544 809 testimonium
570 753 652 807 unius
670 752 705 806 sd
724 751 806 821 plene
825 753 999 823 probandum
1018 770 1075 809 uon
1093 754 1268 823 admittatur,
1286 758 1362 809 atta·

179 880 251 930 man,
272 880 308 919 ne
326 863 436 929 coniux,
455 862 526 917 alias
544 861 657 931 nuptias
675 862 748 915 inire
761 866 919 931 peroptans,
932 862 1020 916 vitam
1032 860 1169 916 coelibem
1181 877 1268 931 agere
1281 878 1363 931 coga-

179 976 235 1037 tur,
248 970 334 1026 etiam
347 970 429 1024 unitis
442 969 633 1025 testimonium
646 968 775 1025 absolute
789 984 845 1023 non
856 968 965 1037 respuit
977 967 1003 1023 S.
1015 968 1044 1022 C.
1055 968 1084 1021 in
1097 968 1260 1023 dirimendis
1268 944 1364 1023 huius·

179 1077 253 1133 modi
272 1078 392 1143 casibus,
409 1076 557 1131 dummodo
575 1074 625 1131 ille
644 1074 726 1130 testis
748 1076 895 1129 recensitis
918 1075 1124 1131 conditionibus
1148 1074 1187 1129 sit
1212 1073 1362 1144 praeditus,

178 1184 250 1239 nulli
275 1183 434 1253 exceptioni
458 1184 605 1248 obnoxius,
626 1198 659 1237 ac
684 1186 832 1252 praeterea
851 1182 911 1237 eius
930 1182 1067 1251 depositio
1087 1180 1152 1236 aliis
1175 1182 1363 1253 gravibusque

178 1291 354 1346 adminiculis
371 1291 520 1356 fulciatur3
537 1291 617 1361 sique
635 1288 693 1344 alia
711 1290 871 1345 extrinseca
889 1288 1061 1343 adminicula
1077 1288 1175 1358 colligi
1188 1288 1302 1343 omnino
1314 1304 1363 1343 ne-

178 1403 291 1470 queant,
310 1396 476 1453 hortamen
495 1401 603 1453 certum
621 1368 668 1462 sit,
686 1395 757 1451 nibil
777 1396 805 1450 in
824 1397 887 1452 eius
904 1397 1067 1451 testimonio
1085 1396 1202 1466 reperiri
1220 1396 1293 1467 quod
1306 1410 1361 1450 non

177 1506 216 1560 sit
233 1522 387 1575 congruum
405 1508 492 1575 atque
509 1503 625 1557 omnino
640 1502 802 1558 verisimile.

267 1626 285 1666 s
303 1614 330 1667 5.
350 1610 495 1680 Contingit
513 1611 599 1665 etiarn
619 1615 650 1665 ut
668 1614 755 1666 testes
774 1610 935 1664 omnimoda
951 1610 1007 1665 fide
1025 1609 1103 1679 digni
1125 1610 1315 1665 testificentur
1331 1627 1371 1670 se,

177 1724 304 1791 tempore
329 1737 384 1774 non
409 1724 547 1790 suspecto,
570 1723 689 1775 mortem
714 1719 843 1789 coniugis
870 1736 905 1774 ex
932 1718 1052 1773 aliorum
1077 1719 1260 1775 attestatione
1284 1719 1363 1773 audi·

177 1830 266 1894 visser
285 1826 330 1881 isti
351 1831 454 1893 autem,
473 1826 519 1879 vel
540 1827 607 1897 quia
625 1828 763 1892 absentes,
777 1827 822 1881 vel
836 1826 903 1896 quia
915 1825 1046 1893 obierint,
1060 1826 1106 1879 vel
1119 1826 1205 1880 aliam
1217 1828 1252 1880 ob
1265 1842 1362 1899 quam·

177 1952 296 2007 cumque
315 1932 511 1989 rationabilem
531 1950 643 1987 cauam
661 1934 816 1989 examinari
838 1938 995 2004 nequeunt3
1013 1938 1090 1999 tunc,
1108 1934 1184 1989 dicta
1208 1952 1244 1990 ex
1269 1933 1363 1989 aliano

178 2058 236 2107 ore,
256 2044 394 2112 quatenus
418 2040 548 2094 omnibus
573 2040 638 2095 aliia
662 2041 691 2095 in
716 2058 783 2095 casn
808 2040 1041 2096 concurrentibus
1064 2040 1293 2109 circumstantiis,
1312 2044 1363 2094 aut

178 2145 278 2201 saltem
303 2146 469 2214 urgentibus
493 2146 691 2215 respondeant,
709 2147 779 2201 satis
801 2163 863 2203 essa
887 2151 1038 2203 censentur
1056 2163 1107 2217 pro
1125 2150 1239 2203 amotae
1263 2147 1362 2201 mortis

178 2253 306 2324 prudenti
326 2252 438 2309 iudicio.

266 2372 283 2411 ‹
301 2358 327 2412 6.
349 2358 452 2413 Verum
471 2356 545 2412 haud
564 2357 651 2414 semel
670 2358 845 2429 experientia
869 2363 1044 2428 compertum
1067 2358 1196 2426 babetur,
1215 2360 1289 2431 quod
1309 2376 1362 2414 uec

176 2482 248 2519 unua
266 2464 377 2536 quidam
401 2465 557 2534 reperiatur
582 2465 671 2532 tastis,
690 2465 783 2537 qualis
801 2482 885 2535 supra
904 2464 1068 2534 adstruitur.
1087 2464 1147 2519 Hoc
1165 2466 1196 2519 iu
1214 2482 1280 2519 casu
1299 2482 1362 2535 pro·

175 2573 254 2628 butio
278 2571 372 2627 obitus
395 2587 428 2626 ex
454 2572 633 2639 coniecturis,
653 2573 935 2644 praesumptionibus,
953 2573 1073 2635 indiciis.
1091 2577 1120 2628 et
1139 2572 1279 2627 adiunctis
1301 2573 1362 2644 qui·

176 2679 357 2748 buscumque,
376 2677 474 2732 sedula
492 2681 569 2732 certe
589 2682 619 2732 et
636 2677 781 2732 admodum
807 2682 893 2731 cauta
916 2677 1134 2747 investigatione
1157 2677 1280 2732 currenda
1298 2678 1360 2743 erit,

176 2783 217 2838 ita
236 2784 367 2838 nimirum
386 2787 427 2847 ut,
446 2782 574 2852 pluribus
591 2783 657 2838 hinc
675 2784 740 2838 inde
758 2783 895 2850 collectis,
912 2800 1064 2855 eorumque
1088 2788 1191 2838 natura
1215 2800 1361 2854 perpensa,

175 2890 259 2955 prout
277 2884 386 2940 scilicet
402 2886 567 2955 urgentiora
580 2885 625 2940 vel
639 2885 746 2940 leviora
758 2891 833 2952 sunt,
845 2903 895 2941 sen
908 2886 1040 2956 propiore
1057 2887 1104 2940 vel
1122 2887 1273 2943 remotiore
1286 2903 1360 2942 nexu

176 3007 239 3046 cum
258 2993 378 3046 veritate
397 2993 495 3048 mortis
513 2992 731 3062 coniunguntur,
749 2993 813 3048 inde
832 2993 977 3064 prudentis
994 2994 1049 3048 viri
1070 2994 1204 3048 indicium
1226 2995 1261 3048 ad
1285 3011 1361 3049 eam-

175 3097 238 3154 dem
262 3103 380 3154 mortem
405 3098 595 3154 affirmandam
619 3099 822 3169 probabilitate
843 3100 976 3166 maxima,
995 3117 1044 3156 seu
1062 3099 1163 3155 morali
1182 3102 1361 3169 certitudine,

176 3207 333 3276 permoveri
353 3207 447 3276 possit
466 3206 642 3276 Quapropter
660 3207 835 3278 quandonam
855 3209 886 3262 in
903 3208 1025 3277 singulis
1042 3209 1154 3263 ossibus
1170 3207 1309 3264 habeatnr
1326 3227 1361 3266 ex

176 3310 333 3366 huiusmodi
346 3314 515 3368 coniecturis
524 3313 608 3367 simul
618 3313 776 3368 coniunctis
787 3315 863 3369 iusta
874 3315 1012 3384 probatio,
1021 3316 1049 3370 id
1061 3315 1192 3384 prudenti
1201 3317 1362 3387 relinquen·

176 3419 241 3472 dum
251 3424 294 3474 est
303 3419 402 3475 iudicis
412 3419 545 3486 arbitri0;
566 3419 611 3474 hic
625 3425 784 3476 tamennon
798 3423 849 3476 aba
862 3423 960 3476 ruerit
971 3423 1065 3492 plures
1074 3423 1200 3478 indicare
1211 3427 1313 3490 fontes,
1324 3441 1360 3478 ex

176 3527 278 3597 quibus
295 3525 373 3594 illae,
385 3527 444 3582 sive
457 3527 643 3596 urgentiores,
655 3528 715 3584 sive
727 3529 814 3583 etiam
827 3529 956 3594 leviores,
970 3529 1065 3600 colligi
1086 3535 1116 3584 at
1133 3528 1231 3586 haberi
1243 3531 1360 3602 possint.

263 3644 282 3690 st
299 3633 325 3686 7.
346 3633 442 3704 ltaque
455 3633 483 3688 in
497 3634 595 3703 primis
613 3633 681 3690 illae
699 3635 940 3706 praesumptiones
958 3635 1172 3707 investigandae
1183 3641 1275 3704 erunt,
1287 3653 1361 3708 quse

176 3753 321 3807 personam
341 3739 427 3810 ipsius
445 3741 545 3796 asserti
565 3741 690 3796 defuncti
710 3742 874 3812 respiciunt,
886 3759 1014 3814 quaeque
1026 3744 1152 3812 profecto
1164 3743 1249 3799 facile
1262 3743 1361 3798 haberi

176 3847 308 3912 poterunt
332 3862 349 3899 a
373 3846 538 3914 coniunctis,
557 3847 664 3916 amicis,
688 3846 797 3914 vicinis,
822 3851 851 3903 et
875 3865 988 3920 quoquo
1011 3850 1093 3904 modo
1115 3851 1192 3907 notis
1215 3850 1361 3920 utriusque

175 3949 310 4020 coniugis.
330 3951 497 4023 inquorum
516 3955 647 4010 examine
666 3955 834 4026 requiratur,
853 3972 897 4011 ex.
916 3972 973 4025 gn:

263 4059 338 4114 «An
356 4058 422 4127 illa,
440 4060 473 4116 de
492 4061 572 4116 cuius
590 4063 669 4116 obitu
689 4066 733 4118 est
751 4079 858 4130 sermo,
877 4064 959 4118 bouis
976 4065 1101 4119 moribus
1125 4065 1250 4119 imbutus
1275 4069 1361 4133 emet,

174 4164 220 4234 pie
232 4165 421 4238 religioseque
440 4167 557 4233 viveret,
576 4184 748 4239 uxoremque
766 4167 911 4239 diligeret3
923 4169 1033 4224 nullam
1046 4186 1108 4226 sess
1123 4170 1284 4226 occultandi
1296 4187 1361 4226 cau·

174 4289 234 4326 sam
254 4271 386 4339 haberstr
405 4276 499 4328 utrum
518 4275 592 4328 bona
613 4274 727 4332 stabilia
754 4276 921 4346 possiderat,
939 4274 986 4332 vel
1004 4275 1061 4332 alia
1079 4294 1096 4331 a
1114 4278 1172 4333 auis
1196 4278 1362 4350 propinquis

174 4382 224 4434 sut
244 4377 359 4434 aliunde
377 4391 491 4449 sperare
510 4385 612 4450 posset
1333 4377 1336 4380 ’
