3350 5100
628 343 834 392 smrsunruu
858 345 893 391 v.
1288 324 1356 390 613

168 464 206 517 ab
224 463 363 533 Episcopo
381 461 542 532 specialiter
561 462 732 532 deputanda:
745 461 817 516 alias
829 463 963 532 puniatur
975 462 1108 518 Notarius
1120 462 1238 518 arbitrio
1250 461 1356 517 Sacrae

167 569 412 641 Congregationis‚
431 575 461 624 at
479 569 642 624 ordinarius
661 586 717 624 non
736 571 883 640 permittat
900 571 963 626 fieri
981 569 1196 640 publicationes.

257 677 429 734 ‹Ordines-ii
449 678 624 750 praecipiant
642 679 772 733 omuibus
790 681 820 733 et
838 677 958 747 singulis
976 677 1110 732 Parochis
1128 679 1157 731 in
1170 693 1267 734 eorum
1278 677 1355 734 dioe-

118 759 123 770 ”
167 785 225 840 cesi
239 785 426 840 existentibus
440 789 472 839 ut
486 801 537 856 pro
552 786 739 840 matrimoniis
758 801 821 840 cum
840 787 945 840 exteris
962 783 1160 840 contrahendis
1177 801 1233 838 non
1248 785 1355 839 iaciant

168 893 374 963 publicationes
394 895 422 948 in
441 911 537 948 eorum
556 894 691 958 ecclesiis,
705 893 759 948 nisi
778 895 930 949 certiorato
946 892 1100 959 Ordinsrio,
1120 909 1137 945 a
1155 908 1210 962 quo
1228 891 1274 947 rel
1293 892 1354 947 eius

167 998 300 1056 Generali
320 998 447 1065 vicario,
466 999 544 1068 prius
562 1003 713 1054 teneantur
731 997 813 1053 fldem
833 970 1025 1054 authenticatis
1043 1003 1197 1068 reportare,
1210 997 1284 1068 quod
1301 1011 1353 1066 pro

168 1105 220 1158 tall
239 1105 419 1160 matrimonio
437 1106 552 1160 fuerunt
569 1105 722 1159 examinati
742 1108 828 1159 testes
847 1105 876 1158 in
894 1121 991 1160 eorum
1008 1104 1154 1171 tribunali,
1166 1104 1214 1175 qui
1233 1078 1354 1174 probant

166 1215 273 1266 statum
292 1212 411 1266 liberum
431 1211 596 1266 contrahere
614 1212 780 1278 volentium,
798 1215 852 1267 otc.

257 1319 538 1374 «Contrarenientes
556 1323 651 1373 autam
671 1335 768 1374 severe
787 1321 939 1388 punientur
951 1333 979 1376 r.

434 1515 531 1578 Circa
551 1517 777 1591 probationem
797 1516 906 1577 obitus
926 1516 1085 1592 coniugis.

494 1679 696 1728 rusrnucmo
720 1679 746 1725 s.
773 1663 846 1725 ori.
870 1679 900 1724 n.
927 1658 1025 1725 1868.

255 1871 271 1907 ι
292 1854 465 1908 Matrimonii
485 1853 601 1910 vinculo
620 1853 688 1908 duos
707 1854 913 1920 tantummodo,
932 1851 1044 1908 Christo
1061 1855 1103 1907 its
1121 1852 1248 1920 meante,
1266 1869 1351 1924 copu-

163 1961 217 2014 lari
237 1965 266 2016 et
285 1962 419 2032 coniungi
440 1977 532 2032 posse;
551 1961 688 2016 alterutro
707 1977 775 2016 vero
794 1961 914 2030 coniuge
932 1962 992 2015 vita
1008 1961 1115 2026 functo,
1133 1959 1278 2025 secundas,
1291 1961 1350 2014 imo

163 2071 194 2122 et
218 2066 368 2122 ulteriores
392 2067 518 2138 nuptias,
545 2067 638 2121 licitas
666 2083 742 2134 essa,
767 2066 927 2136 dogmatica
950 2065 1095 2122 Ecclesiae
1121 2065 1278 2121 catholicae
1302 2065 1351 2120 do-

164 2173 257 2227 ctrina
275 2176 330 2228 est.

254 2292 270 2328 s
289 2276 393 2331 Verum
413 2276 446 2330 ad
466 2277 601 2332 secundas
619 2281 649 2333 et
667 2277 816 2332 ulteriores
835 2277 948 2346 nuptias
965 2275 1040 2347 quod
1058 2275 1171 2340 attinet,
1184 2291 1247 2329 cum
1266 2275 1300 2330 de
1318 2291 1348 2329 re

164 2385 266 2452 agatur
275 2400 347 2454 quse
358 2383 571 2439 difficultatibus
583 2401 616 2438 ac
628 2384 774 2438 fraudibus
786 2381 860 2437 haud
873 2399 936 2437 raro
949 2387 994 2438 est
1004 2383 1135 2448 obnoxia,
1145 2381 1211 2436 hinc
1223 2381 1248 2436 S.
1262 2380 1349 2437 Sedes

163 2489 260 2546 sedulo
272 2491 390 2559 curarit,
404 2489 484 2544 modo
498 2491 747 2545 constitutionibus
766 2488 955 2561 generalibus,
964 2490 1077 2560 saepius
1094 2493 1189 2543 sutem
1208 2489 1349 2559 responsis

163 2597 192 2650 in
211 2598 322 2652 casibus
340 2598 559 2668 particularibus
572 2598 653 2665 datis,
668 2604 699 2653 ut
712 2599 830 2653 libertas
842 2614 930 2653 noras
942 2599 1055 2667 nuptias
1067 2597 1179 2652 ineundi
1193 2598 1236 2651 ita
1246 2598 1347 2670 cuique

163 2702 242 2759 salva
260 2708 342 2768 esset,
363 2709 394 2759 ut
413 2704 557 2775 praedicta
572 2706 743 2759 matrimonii
764 2706 858 2758 unitas
876 2704 905 2758 in
924 2704 1074 2759 discrimen
1085 2719 1141 2759 non
1155 2704 1346 2759 adduceretur.

251 2820 269 2864 t(
287 2809 353 2865 lude
372 2810 526 2864 constituta
544 2826 686 2865 sacrorum
706 2826 853 2876 canonum,
872 2809 982 2880 quibus,
995 2814 1028 2863 ut
1039 2810 1102 2880 quis
1114 2811 1203 2879 possit
1220 2810 1300 2865 licite
1312 2810 1347 2864 ad

162 2916 220 2969 alia
237 2920 304 2971 vota
323 2916 451 2983 transire,
470 2917 594 2985 exigitur
611 2917 685 2987 quod
703 2916 737 2971 de
756 2920 848 2971 morte
865 2916 994 2985 coniugis
1006 2920 1085 2971 certo
1099 2921 1217 2982 constet,
1229 2916 1272 2971 uti
1285 2934 1346 2987 cap.

162 3024 307 3089 Dominus,
327 3024 369 3077 De
386 3025 517 3077 secundis
535 3025 649 3093 nuptiis,
667 3024 712 3077 vel
732 3023 804 3094 quod
822 3023 858 3078 de
875 3023 937 3091 ipss
954 3027 1046 3077 morte
1064 3023 1218 3091 recipiatur
1238 3028 1346 3079 certum

161 3130 302 3196 nuntium,
320 3132 361 3184 uti
382 3104 441 3201 cap.
456 3130 672 3201 inpraesentia,
687 3132 728 3185 De
741 3132 921 3202 sponsalibus
932 3142 960 3184 st
971 3132 1167 3185 austrimentis.
1181 3129 1247 3185 lnde
1259 3130 1345 3185 etiam

161 3256 204 3305 ea,
216 3254 289 3309 quae
304 3238 481 3307 explanatius
500 3238 650 3291 traduntur
662 3238 691 3291 in
705 3237 890 3292 instructione
902 3236 974 3290 Cam
984 3238 1060 3291 atus
1070 3238 1108 3289 21
1119 3237 1345 3307 Aspasrt1670,

161 3359 179 3397 a
197 3342 285 3398 clem.
307 3342 334 3397 X
351 3344 469 3408 sancita,
488 3344 517 3397 at
534 3342 564 3395 in
583 3340 705 3395 bullario
724 3342 852 3396 Romano
864 3342 979 3407 inserta,
992 3358 1077 3411 super
1089 3343 1218 3406 examine
1231 3342 1345 3397 testium

161 3462 212 3518 pro
230 3448 417 3502 matrimoniis
441 3445 647 3513 contrahendis,
665 3447 695 3501 in
714 3447 792 3501 curia
811 3444 873 3501 Emi
892 3446 998 3501 Vicarii
1020 3446 1105 3503 Urbis
1122 3453 1152 3502 st
1169 3453 1345 3504 caeterorum

159 3554 378 3610 ordinariorum.
398 3555 522 3610 Maxime
539 3570 608 3609 vero
625 3571 698 3625 quas
716 3556 847 3624 proprius
864 3554 899 3609 ad
917 3571 976 3635 rem
995 3555 1129 3610 facientia
1144 3556 1183 3609 ibi
1197 3555 1345 3625 habentur,

160 3678 188 3715 n.
211 3661 244 3715 12
262 3665 292 3716 et
311 3659 352 3715 13.

250 3766 323 3825 sut
346 3766 417 3821 haec
440 3766 551 3837 quidem
575 3766 684 3822 abunde
709 3766 877 3831 sufficerent,
895 3767 919 3821 si
944 3766 974 3821 in
998 3765 1134 3822 eiusmodi
1156 3768 1248 3821 causis
1265 3784 1347 3838 pera-

159 3871 259 3942 gendis
277 3872 436 3925 omnimoda
454 3876 483 3927 et
502 3872 633 3927 absoluta
651 3872 792 3927 certitudo
810 3872 845 3926 de
864 3870 982 3927 alterius
1000 3872 1129 3941 coniugis
1147 3874 1227 3927 obitu
1246 3872 1344 3931 haberi
1392 3896 1396 3902 ·

159 3992 270 4046 semper
287 3980 395 4045 posset:
413 3963 545 4030 sad‘cuns
563 3975 591 4030 id
610 3992 665 4031 non
677 3976 773 4031 sinant
784 3992 899 4030 casuum
917 3976 1116 4046 propemodum
1128 3976 1256 4031 infinitae
1268 3978 1345 4034 vices

159 4082 246 4154 (quod
264 4074 406 4152 sapienter
424 4083 645 4138 animadversum
665 4088 708 4139 est
719 4084 755 4149 ¹in
775 4082 890 4137 laudata
914 4084 1101 4140 instructione
1120 4083 1164 4138 his
1181 4086 1290 4139 verbis:
1314 4086 1346 4141 u·

159 4198 253 4243 mmcrs
270 4189 432 4243 huiusmodi
450 4190 606 4244 testimonia
623 4191 722 4245 hateri
739 4206 796 4244 non
810 4200 938 4261 possunt,
958 4190 987 4245 S.
1004 4190 1034 4245 C.
1046 4208 1104 4245 nun
1116 4192 1235 4245 attendit
1246 4193 1345 4246 saclu-

160 4295 320 4351 sterculius
334 4296 523 4366 probationes,
541 4314 612 4368 quae
631 4300 666 4355 ds
684 4301 749 4353 iure
767 4299 909 4352 commum
922 4306 1042 4366 possunt
1059 4300 1178 4363 admitti,
1191 4298 1343 4353 dummodo

162 4402 304 4473 lepits'mae
322 4405 377 4456 sint
389 4412 416 4458 et
429 4402 615 4475 sufficientes),
634 4406 769 4477 sequitur,
781 4402 855 4475 quod
866 4403 1008 4458 stantibus
1020 4402 1088 4458 licet
1100 4404 1244 4475 principiis
1259 4420 1344 4475 gene-
