3350 5100
663 740 800 819 PARS
830 741 901 819 Ill.

416 973 470 1042 De
493 974 644 1040 iudiciis
667 973 929 1040 criminalibus
952 973 991 1035 in
1015 970 1143 1054 specie

195 1099 526 1169 commentarium
549 1097 588 1162 in
612 1098 789 1163 mstruct.
813 1094 957 1163 editam
982 1113 1007 1160 a
1022 1094 1062 1161 S.
1077 1095 1119 1161 c.
1136 1096 1205 1161 ΕΕ.
1228 1097 1268 1161 et
1291 1096 1372 1161 RR.

598 1221 667 1327 die
690 1239 722 1288 11
744 1220 842 1288 Iunii
866 1222 959 1287 1880.

682 1523 842 1580 TITULUS
861 1524 882 1576 l.

212 1720 249 1757 DE
269 1718 375 1757 tuniolo
394 1716 545 1756 cittium!
567 1716 655 1754 ltlxro
672 1712 841 1755 onnlnenno
861 1715 945 1753 wx're
964 1714 1091 1755 cl'rareu
1112 1714 1352 1754 insinuationum

173 1934 175 1941 '
196 1930 258 1985 268.
277 1930 441 2000 Explicandi
460 1935 526 1984 sunt
544 1929 647 1999 singuli
659 1934 738 1983 ectus
751 1929 951 1999 procesenalea
961 1944 1009 1983 eeu
1029 1928 1186 1983 evolvenda
1204 1932 1248 1983 aet

222 2088 226 2097 ,
305 2037 362 2092 telo
381 2016 529 2107 processus¹
551 2035 705 2091 criminalis
706 2072 1203 2088 ............
1236 2052 1302 2104 pap.
1320 2034 1371 2089 341

196 2143 256 2197 269.
278 2144 427 2197 Processus
445 2144 549 2197 mintrio
567 2142 711 2196 ordinatus
729 2141 784 2208 luit
801 2142 830 2195 in
850 2143 933 2196 eima
951 2140 1157 2196 Instructione.
1196 2180 1203 2195 .
1240 2180 1247 2193 .
1284 2139 1375 2195 »342

196 2250 257 2304 270.
276 2250 346 2306 Heio
364 2250 508 2305 ordinetur
526 2266 670 2319 processus
686 2252 859 2303 summarius
881 2265 930 2303 seu
955 2250 1161 2313 oeconomicus,
1179 2248 1246 2317 quin

303 2356 468 2425 derogatum
487 2357 524 2411 sit
542 2358 684 2427 processui
702 2359 823 2411 solemni
842 2372 891 2411 eeu
910 2356 1028 2426 formali
1064 2394 1251 2409 .....
1288 2369 1305 2411 »
1336 2356 1386 2421 ib.=

195 2461 256 2515 271.
276 2461 329 2515 Hic
347 2462 521 2531 potissimum
541 2438 678 2531 repetitur
697 2478 731 2515 ex
755 2460 832 2532 stylo
855 2458 990 2529 peculiari
1009 2460 1158 2513 curiarum.
1196 2500 1202 2512 .
1240 2501 1246 2513 .
1284 2459 1374 2516 »343

195 2573 256 2627 272.
278 2572 379 2629 Utrum
402 2574 430 2626 in
457 2572 651 2627 criminalibus
668 2571 875 2624 solemnitatem
900 2586 1045 2638 processus
1070 2585 1185 2625 serrare
1203 2570 1248 2625 rel

303 2681 394 2748 potins
421 2680 539 2731 formam
566 2677 771 2730 oeconomicam
795 2676 916 2745 pendeat
941 2693 975 2730 ex
1001 2676 1119 2730 arbitrio
1143 2692 1191 2732 eeu
1212 2677 1247 2730 ab

302 2780 437 2834 instantia
456 2780 577 2848 partium
597 2785 647 2833 aut
665 2797 700 2835 ex
718 2780 818 2834 iudicis
836 2780 950 2836 decreto
979 2820 1254 2836 .......
1291 2797 1309 2839 n
1336 2784 1372 2836 ib.

194 2883 255 2936 273.
276 2884 382 2940 Causae
400 2885 562 2940 criminales
580 2883 723 2941 habendae
742 2891 808 2940 sunt
819 2890 991 2941 omnmorioc
1009 2887 1099 2958 quoad
1116 2889 1249 2942 sonami-

304 3001 381 3058 roter,
400 2990 447 3046 sed
466 3007 521 3046 non
540 2992 630 3062 quoad
646 2995 824 3063 probationes
839 3031 1247 3048 ..........
1285 3008 1302 3049 »
1321 2994 1374 3049 344

193 3099 255 3152 274.
276 3099 350 3153 llaec
369 3099 441 3153 ratio
461 3098 624 3168 procedendi
644 3100 793 3169 respondet
812 3100 979 3154 adamussim
998 3106 1028 3155 ei
1049 3105 1167 3172 naturae
1185 3117 1250 3155 cau·

301 3222 393 3259 aarum
405 3209 435 3261 et
447 3209 604 3274 temporum
618 3207 787 3261 necessitati.
799 3205 958 3262 Necessitas
971 3207 1125 3261 instruendi
1139 3212 1168 3262 et
1180 3208 1247 3262 ded·

302 3311 393 3366 niendi
413 3329 511 3366 caueae
530 3313 689 3368 criminales
707 3314 735 3366 in
755 3316 816 3368 soro
834 3314 1025 3369 ecclesiastico
1062 3354 1246 3368 .....
1283 3329 1302 3372 b
1320 3315 1373 3370 345

193 3421 254 3474 275.
277 3421 365 3475 citato
382 3419 531 3474 Instructio
549 3421 652 3490 partim
672 3422 772 3491 pressit
785 3422 906 3492 vestigia
915 3421 1024 3476 codicia
1035 3422 1160 3492 poenalia
1177 3422 1249 3476 iudi-

300 3525 381 3580 cialis
399 3525 481 3594 Greg.
496 3526 604 3595 saepiae
615 3527 698 3594 citui,
711 3545 728 3581 a
740 3543 795 3598 quo
809 3527 923 3596 proinde
935 3528 1041 3583 desumi
1058 3545 1138 3597 pocae
1150 3529 1248 3582 riden-

300 3637 347 3687 tur
364 3633 518 3688 nonnullae
536 3650 650 3689 normae
669 3635 861 3705 proceeeualea
880 3671 1246 3689 .........
1283 3653 1300 3688 a
1320 3633 1372 3688 346

194 3742 255 3796 276.
275 3741 422 3811 Proprium
440 3741 526 3796 habet
544 3758 688 3811 processus
698 3742 793 3796 iudicii
807 3742 885 3796 crim.
895 3744 994 3798 eccles.
1005 3748 1036 3797 ut
1048 3748 1133 3798 antee
1151 3759 1247 3798 emen·

300 3849 407 3903 dationi
432 3847 633 3919 delinquentia,
652 3849 750 3905 deinde
775 3851 928 3920 prospiciat
951 3852 1057 3926 poenis⁸
1072 3852 1248 3921 imponendis

299 3958 467 4027 improprio,
480 3957 655 4012 vindicatiois
658 3992 1246 4014 ..............
1260 3977 1263 3983 ·
1283 3974 1302 4016 n
1319 3959 1371 4013 347

193 4063 254 4114 277,
275 4063 313 4118 De
332 4065 440 4131 triplici
458 4064 527 4117 vitio
545 4065 684 4118 nullitatie
707 4081 762 4135 quo
787 4066 951 4120 inficiuntur
973 4072 1036 4120 acta
1061 4067 1090 4120 in
1115 4083 1247 4135 processu

302 4173 456 4224 summario
492 4211 1248 4228 ..................
1285 4193 1302 4229 a
1333 4177 1371 4228 ib.
