<?xml version="1.0" encoding="UTF-8"?>
<!DOCTYPE html PUBLIC "-//W3C//DTD XHTML 1.0 Transitional//EN"
    "http://www.w3.org/TR/xhtml1/DTD/xhtml1-transitional.dtd">
<html xmlns="http://www.w3.org/1999/xhtml" xml:lang="en" lang="en">
 <head>
  <title>
</title>
<meta http-equiv="Content-Type" content="text/html;charset=utf-8" />
  <meta name='ocr-system' content='tesseract 3.04.00' />
  <meta name='ocr-capabilities' content='ocr_page ocr_carea ocr_par ocr_line ocrx_word'/>
</head>
<body>
  <div class='ocr_page' id='page_1' title='image "./praelectionesin00legagoog_0541.png"; bbox 0 0 3350 5100; ppageno 0'>
   <div class='ocr_carea' id='block_1_1' title="bbox 402 354 1329 421">
    <p class='ocr_par' dir='ltr' id='par_1_1' title="bbox 402 354 1329 421">
     <span class='ocr_line' id='line_1_1' title="bbox 402 354 1329 421; baseline 0.002 -5"><span class='ocrx_word' id='word_1_1' title='bbox 402 370 446 416; x_wconf 82' lang='lat' dir='ltr'>us</span> <span class='ocrx_word' id='word_1_2' title='bbox 470 370 608 418; x_wconf 86' lang='lat' dir='ltr'>ruurcrrs</span> <span class='ocrx_word' id='word_1_3' title='bbox 633 370 876 417; x_wconf 76' lang='lat' dir='ltr'>GRIMINALIBUS</span> <span class='ocrx_word' id='word_1_4' title='bbox 899 370 936 417; x_wconf 84' lang='lat' dir='ltr'>m</span> <span class='ocrx_word' id='word_1_5' title='bbox 959 370 1076 417; x_wconf 78' lang='lat' dir='ltr'>sanem</span> <span class='ocrx_word' id='word_1_6' title='bbox 1263 354 1329 421; x_wconf 82' lang='lat'>539</span> 
     </span>
    </p>
   </div>
   <div class='ocr_carea' id='block_1_2' title="bbox 147 466 1362 4564">
    <p class='ocr_par' dir='ltr' id='par_1_2' title="bbox 149 466 1343 831">
     <span class='ocr_line' id='line_1_2' title="bbox 150 466 1343 581; baseline 0.002 -24"><span class='ocrx_word' id='word_1_7' title='bbox 150 490 241 558; x_wconf 89' lang='lat' dir='ltr'>iubet</span> <span class='ocrx_word' id='word_1_8' title='bbox 262 490 434 559; x_wconf 74' lang='lat' dir='ltr'><strong>Pontifex:</strong></span> <span class='ocrx_word' id='word_1_9' title='bbox 460 513 478 557; x_wconf 72' lang='lat' dir='ltr'><strong><em>e</em></strong></span> <span class='ocrx_word' id='word_1_10' title='bbox 503 493 605 559; x_wconf 81' lang='lat' dir='ltr'>etiem</span> <span class='ocrx_word' id='word_1_11' title='bbox 628 494 741 559; x_wconf 73' lang='lat' dir='ltr'>ectasis</span> <span class='ocrx_word' id='word_1_12' title='bbox 763 499 794 559; x_wconf 92' lang='lat' dir='ltr'>et</span> <span class='ocrx_word' id='word_1_13' title='bbox 817 494 961 580; x_wconf 72' lang='lat' dir='ltr'>nepotis</span> <span class='ocrx_word' id='word_1_14' title='bbox 982 477 1108 581; x_wconf 78' lang='lat' dir='ltr'>finitis3</span> <span class='ocrx_word' id='word_1_15' title='bbox 1130 493 1173 559; x_wconf 81' lang='lat' dir='ltr'>iis</span> <span class='ocrx_word' id='word_1_16' title='bbox 1197 466 1343 560; x_wconf 73' lang='lat' dir='ltr'>tontum</span> 
     </span>
     <span class='ocr_line' id='line_1_3' title="bbox 150 595 1328 709; baseline 0.003 -27"><span class='ocrx_word' id='word_1_17' title='bbox 150 617 255 684; x_wconf 79' lang='lat' dir='ltr'>rebus</span> <span class='ocrx_word' id='word_1_18' title='bbox 270 619 429 709; x_wconf 69' lang='lat' dir='ltr'>exceptis,</span> <span class='ocrx_word' id='word_1_19' title='bbox 446 638 535 703; x_wconf 80' lang='lat' dir='ltr'>quoe</span> <span class='ocrx_word' id='word_1_20' title='bbox 556 618 594 684; x_wconf 82' lang='lat' dir='ltr'>ln</span> <span class='ocrx_word' id='word_1_21' title='bbox 616 620 683 704; x_wconf 70' lang='lat' dir='ltr'>stane</span> <span class='ocrx_word' id='word_1_22' title='bbox 699 624 729 684; x_wconf 88' lang='lat' dir='ltr'>et</span> <span class='ocrx_word' id='word_1_23' title='bbox 749 618 966 703; x_wconf 71' lang='lat' dir='ltr'><strong><em>expeditione</em></strong></span> <span class='ocrx_word' id='word_1_24' title='bbox 984 595 1186 686; x_wconf 72' lang='lat' dir='ltr'>ecmmdem</span> <span class='ocrx_word' id='word_1_25' title='bbox 1209 638 1328 686; x_wconf 82' lang='lat' dir='ltr'>causa·</span> 
     </span>
     <span class='ocr_line' id='line_1_4' title="bbox 149 743 1128 831; baseline 0 -24"><span class='ocrx_word' id='word_1_26' title='bbox 149 762 232 808; x_wconf 80' lang='lat' dir='ltr'>rum</span> <span class='ocrx_word' id='word_1_27' title='bbox 255 748 288 808; x_wconf 85' lang='lat' dir='ltr'>et</span> <span class='ocrx_word' id='word_1_28' title='bbox 307 743 522 829; x_wconf 71' lang='lat' dir='ltr'>nepotiomm</span> <span class='ocrx_word' id='word_1_29' title='bbox 545 744 692 831; x_wconf 76' lang='lat' dir='ltr'>tepitime</span> <span class='ocrx_word' id='word_1_30' title='bbox 710 743 883 826; x_wconf 79' lang='lat' dir='ltr'>publicari</span> <span class='ocrx_word' id='word_1_31' title='bbox 906 744 1085 830; x_wconf 73' lang='lat' dir='ltr'>centiperit</span> <span class='ocrx_word' id='word_1_32' title='bbox 1099 766 1128 808; x_wconf 84' lang='lat'>›.</span> 
     </span>
    </p>

    <p class='ocr_par' dir='ltr' id='par_1_3' title="bbox 147 868 1331 1954">
     <span class='ocr_line' id='line_1_5' title="bbox 239 868 1329 954; baseline 0.002 -21"><span class='ocrx_word' id='word_1_33' title='bbox 239 869 294 933; x_wconf 90' lang='lat' dir='ltr'>Uti</span> <span class='ocrx_word' id='word_1_34' title='bbox 318 872 407 952; x_wconf 85' lang='lat' dir='ltr'>patet</span> <span class='ocrx_word' id='word_1_35' title='bbox 429 868 594 935; x_wconf 79' lang='lat' dir='ltr'>obiectum</span> <span class='ocrx_word' id='word_1_36' title='bbox 616 868 711 935; x_wconf 89' lang='lat' dir='ltr'>huius</span> <span class='ocrx_word' id='word_1_37' title='bbox 734 871 855 936; x_wconf 82' lang='lat' dir='ltr'><strong><em>secreti</em></strong></span> <span class='ocrx_word' id='word_1_38' title='bbox 882 875 1016 937; x_wconf 88' lang='lat' dir='ltr'>eatenus</span> <span class='ocrx_word' id='word_1_39' title='bbox 1046 874 1135 954; x_wconf 86' lang='lat' dir='ltr'>patet</span> <span class='ocrx_word' id='word_1_40' title='bbox 1165 889 1329 954; x_wconf 84' lang='lat' dir='ltr'>quousque</span> 
     </span>
     <span class='ocr_line' id='line_1_6' title="bbox 150 970 1331 1079; baseline 0.003 -23"><span class='ocrx_word' id='word_1_41' title='bbox 150 1013 186 1056; x_wconf 86' lang='lat' dir='ltr'>se</span> <span class='ocrx_word' id='word_1_42' title='bbox 216 992 397 1058; x_wconf 84' lang='lat' dir='ltr'>extendunt</span> <span class='ocrx_word' id='word_1_43' title='bbox 427 994 556 1078; x_wconf 84' lang='lat' dir='ltr'>negotia</span> <span class='ocrx_word' id='word_1_44' title='bbox 586 993 625 1059; x_wconf 88' lang='lat' dir='ltr'>ab</span> <span class='ocrx_word' id='word_1_45' title='bbox 657 994 728 1059; x_wconf 90' lang='lat' dir='ltr'>Hac</span> <span class='ocrx_word' id='word_1_46' title='bbox 759 970 1019 1079; x_wconf 80' lang='lat' dir='ltr'>Congregatione</span> <span class='ocrx_word' id='word_1_47' title='bbox 1049 999 1266 1079; x_wconf 89' lang='lat' dir='ltr'>pertractata;</span> <span class='ocrx_word' id='word_1_48' title='bbox 1297 1000 1331 1059; x_wconf 93' lang='lat' dir='ltr'>et</span> 
     </span>
     <span class='ocr_line' id='line_1_7' title="bbox 152 1119 1331 1205; baseline 0.005 -24"><span class='ocrx_word' id='word_1_49' title='bbox 152 1137 251 1182; x_wconf 91' lang='lat' dir='ltr'>unum</span> <span class='ocrx_word' id='word_1_50' title='bbox 268 1138 370 1203; x_wconf 83' lang='lat' dir='ltr'>genus</span> <span class='ocrx_word' id='word_1_51' title='bbox 385 1122 508 1185; x_wconf 83' lang='lat' dir='ltr'>tantum</span> <span class='ocrx_word' id='word_1_52' title='bbox 527 1119 676 1185; x_wconf 73' lang='lat' dir='ltr'>lacatioe</span> <span class='ocrx_word' id='word_1_53' title='bbox 691 1121 853 1205; x_wconf 82' lang='lat' dir='ltr'>excipitur</span> <span class='ocrx_word' id='word_1_54' title='bbox 868 1121 1089 1205; x_wconf 66' lang='lat' dir='ltr'>negotiorum</span> <span class='ocrx_word' id='word_1_55' title='bbox 1105 1140 1221 1205; x_wconf 84' lang='lat' dir='ltr'><strong><em>nempe</em></strong></span> <span class='ocrx_word' id='word_1_56' title='bbox 1237 1139 1331 1187; x_wconf 80' lang='lat' dir='ltr'><strong><em>eecce·</em></strong></span> 
     </span>
     <span class='ocr_line' id='line_1_8' title="bbox 147 1244 1330 1330; baseline -0.002 -20"><span class='ocrx_word' id='word_1_57' title='bbox 147 1244 220 1327; x_wconf 81' lang='lat' dir='ltr'>ptis</span> <span class='ocrx_word' id='word_1_58' title='bbox 242 1244 354 1311; x_wconf 73' lang='lat' dir='ltr'>causas</span> <span class='ocrx_word' id='word_1_59' title='bbox 376 1262 470 1311; x_wconf 69' lang='lat' dir='ltr'>mem</span> <span class='ocrx_word' id='word_1_60' title='bbox 493 1244 645 1311; x_wconf 82' lang='lat' dir='ltr'>cicittbus</span> <span class='ocrx_word' id='word_1_61' title='bbox 663 1263 726 1310; x_wconf 79' lang='lat' dir='ltr'>nec</span> <span class='ocrx_word' id='word_1_62' title='bbox 741 1244 877 1319; x_wconf 78' lang='lat' dir='ltr'><strong><em>directe,</em></strong></span> <span class='ocrx_word' id='word_1_63' title='bbox 896 1264 960 1311; x_wconf 80' lang='lat' dir='ltr'>nec</span> <span class='ocrx_word' id='word_1_64' title='bbox 974 1244 1138 1311; x_wconf 77' lang='lat' dir='ltr'><strong><em>indirecte</em></strong></span> <span class='ocrx_word' id='word_1_65' title='bbox 1151 1245 1254 1330; x_wconf 73' lang='lat' dir='ltr'><strong><em>fidem</em></strong></span> <span class='ocrx_word' id='word_1_66' title='bbox 1270 1254 1330 1309; x_wconf 78' lang='lat' dir='ltr'>act</span> 
     </span>
     <span class='ocr_line' id='line_1_9' title="bbox 150 1368 1329 1455; baseline -0.002 -20"><span class='ocrx_word' id='word_1_67' title='bbox 150 1368 352 1455; x_wconf 67' lang='lat' dir='ltr'>reticioncm</span> <span class='ocrx_word' id='word_1_68' title='bbox 383 1369 606 1455; x_wconf 77' lang='lat' dir='ltr'>lanpentibus.</span> <span class='ocrx_word' id='word_1_69' title='bbox 636 1368 708 1433; x_wconf 90' lang='lat' dir='ltr'>Hae</span> <span class='ocrx_word' id='word_1_70' title='bbox 738 1388 855 1433; x_wconf 89' lang='lat' dir='ltr'>causae</span> <span class='ocrx_word' id='word_1_71' title='bbox 887 1369 1000 1435; x_wconf 83' lang='lat' dir='ltr'>civiles</span> <span class='ocrx_word' id='word_1_72' title='bbox 1030 1375 1105 1435; x_wconf 87' lang='lat' dir='ltr'>sunt</span> <span class='ocrx_word' id='word_1_73' title='bbox 1131 1371 1329 1455; x_wconf 87' lang='lat' dir='ltr'>potissimum</span> 
     </span>
     <span class='ocr_line' id='line_1_10' title="bbox 152 1493 1330 1579; baseline -0.002 -19"><span class='ocrx_word' id='word_1_74' title='bbox 152 1515 235 1579; x_wconf 90' lang='lat' dir='ltr'>quae</span> <span class='ocrx_word' id='word_1_75' title='bbox 264 1499 412 1579; x_wconf 87' lang='lat' dir='ltr'>spectant</span> <span class='ocrx_word' id='word_1_76' title='bbox 434 1493 475 1558; x_wconf 86' lang='lat' dir='ltr'>ad</span> <span class='ocrx_word' id='word_1_77' title='bbox 499 1493 694 1559; x_wconf 87' lang='lat' dir='ltr'>dirimendas</span> <span class='ocrx_word' id='word_1_78' title='bbox 725 1496 966 1559; x_wconf 87' lang='lat' dir='ltr'>controversias</span> <span class='ocrx_word' id='word_1_79' title='bbox 994 1494 1037 1560; x_wconf 90' lang='lat' dir='ltr'><strong><em>de</em></strong></span> <span class='ocrx_word' id='word_1_80' title='bbox 1067 1494 1199 1561; x_wconf 59' lang='lat' dir='ltr'>iuribus</span> <span class='ocrx_word' id='word_1_81' title='bbox 1229 1496 1330 1579; x_wconf 88' lang='lat' dir='ltr'>patri·</span> 
     </span>
     <span class='ocr_line' id='line_1_11' title="bbox 149 1617 1330 1700; baseline -0.003 -13"><span class='ocrx_word' id='word_1_82' title='bbox 149 1620 343 1687; x_wconf 84' lang='lat' dir='ltr'>monialibus</span> <span class='ocrx_word' id='word_1_83' title='bbox 375 1618 405 1685; x_wconf 91' lang='lat' dir='ltr'>S.</span> <span class='ocrx_word' id='word_1_84' title='bbox 432 1617 549 1700; x_wconf 88' lang='lat' dir='ltr'>Officii,</span> <span class='ocrx_word' id='word_1_85' title='bbox 574 1619 625 1684; x_wconf 91' lang='lat' dir='ltr'>cui</span> <span class='ocrx_word' id='word_1_86' title='bbox 649 1618 680 1685; x_wconf 88' lang='lat' dir='ltr'>S.</span> <span class='ocrx_word' id='word_1_87' title='bbox 706 1619 786 1683; x_wconf 82' lang='lat' dir='ltr'>Pius</span> <span class='ocrx_word' id='word_1_88' title='bbox 810 1618 843 1683; x_wconf 91' lang='lat' dir='ltr'>V</span> <span class='ocrx_word' id='word_1_89' title='bbox 865 1618 982 1684; x_wconf 88' lang='lat' dir='ltr'>fundos</span> <span class='ocrx_word' id='word_1_90' title='bbox 1012 1618 1175 1693; x_wconf 87' lang='lat' dir='ltr'>attribuit;</span> <span class='ocrx_word' id='word_1_91' title='bbox 1200 1625 1232 1683; x_wconf 91' lang='lat' dir='ltr'>et</span> <span class='ocrx_word' id='word_1_92' title='bbox 1254 1618 1330 1684; x_wconf 91' lang='lat' dir='ltr'>huic</span> 
     </span>
     <span class='ocr_line' id='line_1_12' title="bbox 151 1741 1328 1829; baseline -0.001 -19"><span class='ocrx_word' id='word_1_93' title='bbox 151 1744 403 1829; x_wconf 84' lang='lat' dir='ltr'>Congregationi</span> <span class='ocrx_word' id='word_1_94' title='bbox 419 1762 485 1808; x_wconf 89' lang='lat' dir='ltr'>uon</span> <span class='ocrx_word' id='word_1_95' title='bbox 500 1764 594 1809; x_wconf 85' lang='lat' dir='ltr'>secus</span> <span class='ocrx_word' id='word_1_96' title='bbox 606 1763 646 1809; x_wconf 90' lang='lat' dir='ltr'>ac</span> <span class='ocrx_word' id='word_1_97' title='bbox 659 1744 911 1829; x_wconf 80' lang='lat' dir='ltr'>Congregationi</span> <span class='ocrx_word' id='word_1_98' title='bbox 927 1744 968 1809; x_wconf 94' lang='lat' dir='ltr'><strong><em>de</em></strong></span> <span class='ocrx_word' id='word_1_99' title='bbox 978 1741 1076 1829; x_wconf 88' lang='lat' dir='ltr'>Prop.</span> <span class='ocrx_word' id='word_1_100' title='bbox 1091 1744 1171 1809; x_wconf 91' lang='lat' dir='ltr'>Fide</span> <span class='ocrx_word' id='word_1_101' title='bbox 1183 1744 1274 1829; x_wconf 90' lang='lat' dir='ltr'>(v01.·</span> <span class='ocrx_word' id='word_1_102' title='bbox 1286 1744 1328 1818; x_wconf 87' lang='grc' dir='ltr'>ΙΙ,</span> 
     </span>
     <span class='ocr_line' id='line_1_13' title="bbox 150 1866 1284 1954; baseline 0 -21"><span class='ocrx_word' id='word_1_103' title='bbox 150 1890 183 1933; x_wconf 90' lang='lat' dir='ltr'>n.</span> <span class='ocrx_word' id='word_1_104' title='bbox 203 1868 277 1953; x_wconf 78' lang='lat'>123)</span> <span class='ocrx_word' id='word_1_105' title='bbox 301 1869 456 1935; x_wconf 86' lang='lat' dir='ltr'>attributa</span> <span class='ocrx_word' id='word_1_106' title='bbox 479 1876 529 1935; x_wconf 87' lang='lat' dir='ltr'>est</span> <span class='ocrx_word' id='word_1_107' title='bbox 550 1868 730 1935; x_wconf 87' lang='lat' dir='ltr'>iurisdIctio</span> <span class='ocrx_word' id='word_1_108' title='bbox 746 1869 850 1934; x_wconf 84' lang='lat' dir='ltr'>ciuilis</span> <span class='ocrx_word' id='word_1_109' title='bbox 874 1888 933 1954; x_wconf 92' lang='lat' dir='ltr'>pro</span> <span class='ocrx_word' id='word_1_110' title='bbox 957 1870 1062 1934; x_wconf 87' lang='lat' dir='ltr'>causis</span> <span class='ocrx_word' id='word_1_111' title='bbox 1084 1866 1284 1933; x_wconf 83' lang='lat' dir='ltr'>definiendis.</span> 
     </span>
    </p>

    <p class='ocr_par' dir='ltr' id='par_1_4' title="bbox 148 1993 1362 2952">
     <span class='ocr_line' id='line_1_14' title="bbox 241 1993 1329 2080; baseline 0 -21"><span class='ocrx_word' id='word_1_112' title='bbox 241 1994 332 2069; x_wconf 84' lang='lat' dir='ltr'>Quod</span> <span class='ocrx_word' id='word_1_113' title='bbox 363 1994 524 2060; x_wconf 89' lang='lat' dir='ltr'>obiectum</span> <span class='ocrx_word' id='word_1_114' title='bbox 547 1996 691 2080; x_wconf 87' lang='lat' dir='ltr'>pressius</span> <span class='ocrx_word' id='word_1_115' title='bbox 714 1993 943 2059; x_wconf 76' lang='lat' dir='ltr'>determinavit</span> <span class='ocrx_word' id='word_1_116' title='bbox 965 1994 1065 2060; x_wconf 87' lang='lat' dir='ltr'>Glem.</span> <span class='ocrx_word' id='word_1_117' title='bbox 1090 1994 1185 2066; x_wconf 83' lang='lat' dir='ltr'>XIII,</span> <span class='ocrx_word' id='word_1_118' title='bbox 1210 1995 1263 2077; x_wconf 91' lang='lat' dir='ltr'>qui</span> <span class='ocrx_word' id='word_1_119' title='bbox 1288 1994 1329 2059; x_wconf 90' lang='lat' dir='ltr'>ad</span> 
     </span>
     <span class='ocr_line' id='line_1_15' title="bbox 151 2118 1332 2206; baseline -0.001 -21"><span class='ocrx_word' id='word_1_120' title='bbox 151 2119 408 2206; x_wconf 80' lang='lat' dir='ltr'>praepediendos</span> <span class='ocrx_word' id='word_1_121' title='bbox 431 2118 654 2185; x_wconf 83' lang='lat' dir='ltr'>cauillatIones</span> <span class='ocrx_word' id='word_1_122' title='bbox 677 2118 766 2183; x_wconf 85' lang='lat' dir='ltr'>circa</span> <span class='ocrx_word' id='word_1_123' title='bbox 785 2120 924 2204; x_wconf 87' lang='lat' dir='ltr'>negotia,</span> <span class='ocrx_word' id='word_1_124' title='bbox 942 2138 1025 2202; x_wconf 89' lang='lat' dir='ltr'>quae</span> <span class='ocrx_word' id='word_1_125' title='bbox 1040 2118 1235 2185; x_wconf 74' lang='lat' dir='ltr'>dt&#39;cerentur</span> <span class='ocrx_word' id='word_1_126' title='bbox 1253 2137 1332 2201; x_wconf 80' lang='lat' dir='ltr'>per·</span> 
     </span>
     <span class='ocr_line' id='line_1_16' title="bbox 152 2242 1362 2331; baseline -0.003 -19"><span class='ocrx_word' id='word_1_127' title='bbox 152 2246 260 2313; x_wconf 69' lang='lat' dir='ltr'>time</span> <span class='ocrx_word' id='word_1_128' title='bbox 283 2246 331 2311; x_wconf 86' lang='lat' dir='ltr'>ad</span> <span class='ocrx_word' id='word_1_129' title='bbox 354 2246 388 2311; x_wconf 77' lang='lat' dir='ltr'>S·</span> <span class='ocrx_word' id='word_1_130' title='bbox 408 2244 574 2331; x_wconf 75' lang='lat' dir='ltr'>Officium,</span> <span class='ocrx_word' id='word_1_131' title='bbox 599 2246 690 2309; x_wconf 91' lang='lat' dir='ltr'>iussit</span> <span class='ocrx_word' id='word_1_132' title='bbox 713 2249 875 2309; x_wconf 89' lang='lat' dir='ltr'>secretum</span> <span class='ocrx_word' id='word_1_133' title='bbox 899 2243 1045 2329; x_wconf 81' lang='lat' dir='ltr'>obligare</span> <span class='ocrx_word' id='word_1_134' title='bbox 1068 2243 1170 2311; x_wconf 83' lang='lat' dir='ltr'>ettam</span> <span class='ocrx_word' id='word_1_135' title='bbox 1192 2244 1229 2308; x_wconf 79' lang='lat' dir='ltr'>in</span> <span class='ocrx_word' id='word_1_136' title='bbox 1252 2242 1330 2308; x_wconf 73' lang='lat' dir='ltr'>attis</span> <span class='ocrx_word' id='word_1_137' title='bbox 1359 2245 1362 2250; x_wconf 54' lang='lat'><strong>⁴</strong></span> 
     </span>
     <span class='ocr_line' id='line_1_17' title="bbox 150 2364 1328 2453; baseline -0.001 -22"><span class='ocrx_word' id='word_1_138' title='bbox 150 2368 315 2453; x_wconf 83' lang='lat' dir='ltr'>(negotiis)</span> <span class='ocrx_word' id='word_1_139' title='bbox 329 2368 377 2433; x_wconf 87' lang='lat' dir='ltr'>ad</span> <span class='ocrx_word' id='word_1_140' title='bbox 393 2368 478 2433; x_wconf 80' lang='lat' dir='ltr'>ittud</span> <span class='ocrx_word' id='word_1_141' title='bbox 489 2367 533 2453; x_wconf 86' lang='lat' dir='ltr'>(S.</span> <span class='ocrx_word' id='word_1_142' title='bbox 548 2364 710 2453; x_wconf 86' lang='lat' dir='ltr'>Officium)</span> <span class='ocrx_word' id='word_1_143' title='bbox 726 2386 797 2432; x_wconf 79' lang='lat' dir='ltr'>non</span> <span class='ocrx_word' id='word_1_144' title='bbox 811 2364 1048 2449; x_wconf 68' lang='lat' dir='ltr'>spectanttbm,</span> <span class='ocrx_word' id='word_1_145' title='bbox 1060 2365 1199 2449; x_wconf 79' lang='lat' dir='ltr'>quaein</span> <span class='ocrx_word' id='word_1_146' title='bbox 1211 2364 1328 2431; x_wconf 82' lang='lat' dir='ltr'>eodem</span> 
     </span>
     <span class='ocr_line' id='line_1_18' title="bbox 150 2489 1335 2576; baseline -0.003 -19"><span class='ocrx_word' id='word_1_147' title='bbox 150 2490 185 2556; x_wconf 80' lang='lat' dir='ltr'>S.</span> <span class='ocrx_word' id='word_1_148' title='bbox 209 2492 389 2558; x_wconf 74' lang='lat' dir='ltr'>Iia&#39;bunatt</span> <span class='ocrx_word' id='word_1_149' title='bbox 404 2510 471 2576; x_wconf 82' lang='lat' dir='ltr'>per</span> <span class='ocrx_word' id='word_1_150' title='bbox 485 2492 627 2560; x_wconf 82' lang='lat' dir='ltr'>modum</span> <span class='ocrx_word' id='word_1_151' title='bbox 643 2491 823 2568; x_wconf 76' lang='lat' dir='ltr'>acuminis,</span> <span class='ocrx_word' id='word_1_152' title='bbox 841 2491 1106 2572; x_wconf 75' lang='lat' dir='ltr'>oonmttatioais,</span> <span class='ocrx_word' id='word_1_153' title='bbox 1122 2490 1190 2557; x_wconf 86' lang='lat' dir='ltr'>coti</span> <span class='ocrx_word' id='word_1_154' title='bbox 1206 2494 1276 2555; x_wconf 85' lang='lat' dir='ltr'>tem</span> <span class='ocrx_word' id='word_1_155' title='bbox 1291 2489 1335 2554; x_wconf 68' lang='grc' dir='ltr'>ἐπ’</span> 
     </span>
     <span class='ocr_line' id='line_1_19' title="bbox 150 2613 1328 2705; baseline -0.005 -21"><span class='ocrx_word' id='word_1_156' title='bbox 150 2619 423 2705; x_wconf 74' lang='lat' dir='ltr'>Conprepcttcne</span> <span class='ocrx_word' id='word_1_157' title='bbox 445 2635 564 2684; x_wconf 85' lang='lat' dir='ltr'>coram</span> <span class='ocrx_word' id='word_1_158' title='bbox 589 2616 773 2682; x_wconf 82' lang='lat' dir='ltr'>Sanctitate</span> <span class='ocrx_word' id='word_1_159' title='bbox 796 2613 869 2680; x_wconf 81' lang='lat' dir='ltr'>Suo</span> <span class='ocrx_word' id='word_1_160' title='bbox 891 2635 996 2700; x_wconf 80' lang='lat' dir='ltr'>quom</span> <span class='ocrx_word' id='word_1_161' title='bbox 1019 2615 1058 2680; x_wconf 82' lang='lat' dir='ltr'>in</span> <span class='ocrx_word' id='word_1_162' title='bbox 1080 2614 1158 2681; x_wconf 82' lang='lat' dir='ltr'>otiis</span> <span class='ocrx_word' id='word_1_163' title='bbox 1179 2615 1328 2700; x_wconf 73' lang='lat' dir='ltr'>Conpre-</span> 
     </span>
     <span class='ocr_line' id='line_1_20' title="bbox 149 2738 1328 2837; baseline -0.004 -30"><span class='ocrx_word' id='word_1_164' title='bbox 149 2741 346 2828; x_wconf 80' lang='lat' dir='ltr'>9ctionibcs</span> <span class='ocrx_word' id='word_1_165' title='bbox 347 2789 400 2805; x_wconf 91' lang='grc'><strong>.....</strong></span> <span class='ocrx_word' id='word_1_166' title='bbox 423 2740 573 2837; x_wconf 78' lang='lat' dir='ltr'>proponi</span> <span class='ocrx_word' id='word_1_167' title='bbox 588 2745 648 2805; x_wconf 87' lang='lat' dir='ltr'>aut</span> <span class='ocrx_word' id='word_1_168' title='bbox 662 2739 782 2822; x_wconf 81' lang='lat' dir='ltr'>quovis</span> <span class='ocrx_word' id='word_1_169' title='bbox 796 2739 897 2805; x_wconf 84' lang='lat' dir='ltr'>modo</span> <span class='ocrx_word' id='word_1_170' title='bbox 917 2738 1127 2820; x_wconf 75' lang='lat' dir='ltr'>pertractari</span> <span class='ocrx_word' id='word_1_171' title='bbox 1143 2756 1186 2804; x_wconf 88' lang='lat' dir='ltr'>oc</span> <span class='ocrx_word' id='word_1_172' title='bbox 1205 2738 1328 2804; x_wconf 74' lang='lat' dir='ltr'>enecti</span> 
     </span>
     <span class='ocr_line' id='line_1_21' title="bbox 148 2865 373 2952; baseline -0.027 -20"><span class='ocrx_word' id='word_1_173' title='bbox 148 2865 327 2952; x_wconf 59' lang='lat' dir='ltr'>comiserit</span> <span class='ocrx_word' id='word_1_174' title='bbox 343 2887 373 2927; x_wconf 73' lang='lat' dir='ltr'>a.</span> 
     </span>
    </p>

    <p class='ocr_par' dir='ltr' id='par_1_5' title="bbox 147 2987 1331 4421">
     <span class='ocr_line' id='line_1_22' title="bbox 241 2987 1328 3072; baseline -0.003 -19"><span class='ocrx_word' id='word_1_175' title='bbox 241 2988 352 3063; x_wconf 81' lang='lat' dir='ltr'>Quoad</span> <span class='ocrx_word' id='word_1_176' title='bbox 376 2987 530 3054; x_wconf 90' lang='lat' dir='ltr'>eiusmodi</span> <span class='ocrx_word' id='word_1_177' title='bbox 546 2989 664 3053; x_wconf 88' lang='lat' dir='ltr'>secreti</span> <span class='ocrx_word' id='word_1_178' title='bbox 680 2987 845 3055; x_wconf 81' lang='lat' dir='ltr'>obiectum</span> <span class='ocrx_word' id='word_1_179' title='bbox 860 2987 1050 3052; x_wconf 83' lang='lat' dir='ltr'>advertatur</span> <span class='ocrx_word' id='word_1_180' title='bbox 1066 2987 1328 3072; x_wconf 77' lang='lat' dir='ltr'>«obligationem</span> 
     </span>
     <span class='ocr_line' id='line_1_23' title="bbox 148 3110 1330 3200; baseline -0.003 -21"><span class='ocrx_word' id='word_1_181' title='bbox 148 3113 269 3180; x_wconf 82' lang='lat' dir='ltr'>secreti</span> <span class='ocrx_word' id='word_1_182' title='bbox 284 3113 464 3198; x_wconf 90' lang='lat' dir='ltr'>perdurare</span> <span class='ocrx_word' id='word_1_183' title='bbox 480 3115 575 3178; x_wconf 90' lang='lat' dir='ltr'>etiam</span> <span class='ocrx_word' id='word_1_184' title='bbox 593 3113 703 3178; x_wconf 81' lang='lat' dir='ltr'>caueto</span> <span class='ocrx_word' id='word_1_185' title='bbox 719 3117 750 3177; x_wconf 90' lang='lat' dir='ltr'>et</span> <span class='ocrx_word' id='word_1_186' title='bbox 760 3111 904 3200; x_wconf 72' lang='lat' dir='ltr'>nepotiis</span> <span class='ocrx_word' id='word_1_187' title='bbox 914 3112 1036 3198; x_wconf 71' lang='lat' dir='ltr'>finitrs3</span> <span class='ocrx_word' id='word_1_188' title='bbox 1051 3110 1108 3177; x_wconf 88' lang='lat' dir='ltr'>sed</span> <span class='ocrx_word' id='word_1_189' title='bbox 1124 3113 1330 3196; x_wconf 88' lang='lat' dir='ltr'>excipiuntur</span> 
     </span>
     <span class='ocr_line' id='line_1_24' title="bbox 149 3211 1331 3324; baseline 0 -20"><span class='ocrx_word' id='word_1_190' title='bbox 149 3257 240 3322; x_wconf 81' lang='lat' dir='ltr'><strong><em>quoe</em></strong></span> <span class='ocrx_word' id='word_1_191' title='bbox 262 3239 300 3303; x_wconf 82' lang='lat' dir='ltr'>in</span> <span class='ocrx_word' id='word_1_192' title='bbox 321 3239 389 3324; x_wconf 76' lang='lat' dir='ltr'>plne</span> <span class='ocrx_word' id='word_1_193' title='bbox 412 3243 445 3302; x_wconf 89' lang='lat' dir='ltr'>et</span> <span class='ocrx_word' id='word_1_194' title='bbox 467 3238 682 3320; x_wconf 79' lang='lat' dir='ltr'>eoepedittone</span> <span class='ocrx_word' id='word_1_195' title='bbox 705 3238 906 3303; x_wconf 73' lang='lat' dir='ltr'>earumdem</span> <span class='ocrx_word' id='word_1_196' title='bbox 930 3255 1115 3303; x_wconf 62' lang='lat' dir='ltr'>causantem</span> <span class='ocrx_word' id='word_1_197' title='bbox 1135 3242 1167 3304; x_wconf 90' lang='lat' dir='ltr'>et</span> <span class='ocrx_word' id='word_1_198' title='bbox 1180 3211 1331 3323; x_wconf 53' lang='lat' dir='ltr'>nepottoss</span> 
     </span>
     <span class='ocr_line' id='line_1_25' title="bbox 147 3362 1329 3449; baseline -0.003 -20"><span class='ocrx_word' id='word_1_199' title='bbox 147 3384 229 3429; x_wconf 75' lang='lat' dir='ltr'>ram</span> <span class='ocrx_word' id='word_1_200' title='bbox 249 3362 423 3446; x_wconf 70' lang='lat' dir='ltr'>publicari</span> <span class='ocrx_word' id='word_1_201' title='bbox 445 3363 622 3449; x_wconf 67' lang='lat' dir='ltr'>conticeret</span> <span class='ocrx_word' id='word_1_202' title='bbox 637 3384 667 3427; x_wconf 81' lang='lat'>».</span> <span class='ocrx_word' id='word_1_203' title='bbox 685 3363 854 3433; x_wconf 89' lang='lat' dir='ltr'>Nimirum,</span> <span class='ocrx_word' id='word_1_204' title='bbox 879 3382 938 3447; x_wconf 91' lang='lat' dir='ltr'>per</span> <span class='ocrx_word' id='word_1_205' title='bbox 960 3382 1005 3437; x_wconf 88' lang='lat' dir='ltr'>se,</span> <span class='ocrx_word' id='word_1_206' title='bbox 1030 3362 1184 3427; x_wconf 85' lang='lat' dir='ltr'>resolutIo</span> <span class='ocrx_word' id='word_1_207' title='bbox 1207 3363 1329 3446; x_wconf 84' lang='lat' dir='ltr'>negotii</span> 
     </span>
     <span class='ocr_line' id='line_1_26' title="bbox 150 3483 1329 3573; baseline -0.003 -21"><span class='ocrx_word' id='word_1_208' title='bbox 150 3507 216 3552; x_wconf 90' lang='lat' dir='ltr'>non</span> <span class='ocrx_word' id='word_1_209' title='bbox 232 3493 368 3553; x_wconf 84' lang='lat' dir='ltr'>excusat</span> <span class='ocrx_word' id='word_1_210' title='bbox 381 3488 435 3552; x_wconf 84' lang='lat' dir='ltr'>vel</span> <span class='ocrx_word' id='word_1_211' title='bbox 449 3487 573 3552; x_wconf 86' lang='lat' dir='ltr'>liberat</span> <span class='ocrx_word' id='word_1_212' title='bbox 590 3487 630 3551; x_wconf 89' lang='lat' dir='ltr'>ab</span> <span class='ocrx_word' id='word_1_213' title='bbox 654 3487 858 3573; x_wconf 74' lang='lat' dir='ltr'>octtpatime</span> <span class='ocrx_word' id='word_1_214' title='bbox 881 3488 1048 3552; x_wconf 83' lang='lat' dir='ltr'>secretim</span> <span class='ocrx_word' id='word_1_215' title='bbox 1065 3487 1183 3572; x_wconf 81' lang='lat' dir='ltr'>Oongr.</span> <span class='ocrx_word' id='word_1_216' title='bbox 1201 3486 1232 3551; x_wconf 92' lang='lat' dir='ltr'>S.</span> <span class='ocrx_word' id='word_1_217' title='bbox 1250 3483 1329 3552; x_wconf 86' lang='lat' dir='ltr'>offi-</span> 
     </span>
     <span class='ocr_line' id='line_1_27' title="bbox 149 3609 1330 3699; baseline -0.003 -19"><span class='ocrx_word' id='word_1_218' title='bbox 149 3616 202 3690; x_wconf 90' lang='lat' dir='ltr'>cii,</span> <span class='ocrx_word' id='word_1_219' title='bbox 228 3619 261 3681; x_wconf 93' lang='lat' dir='ltr'>et</span> <span class='ocrx_word' id='word_1_220' title='bbox 290 3615 322 3678; x_wconf 92' lang='lat' dir='ltr'>in</span> <span class='ocrx_word' id='word_1_221' title='bbox 350 3613 414 3678; x_wconf 92' lang='lat' dir='ltr'>hoc</span> <span class='ocrx_word' id='word_1_222' title='bbox 443 3609 552 3678; x_wconf 84' lang='lat' dir='ltr'>dIffert</span> <span class='ocrx_word' id='word_1_223' title='bbox 581 3611 676 3678; x_wconf 88' lang='lat' dir='ltr'>huius</span> <span class='ocrx_word' id='word_1_224' title='bbox 706 3613 810 3699; x_wconf 87' lang='lat' dir='ltr'>stylus</span> <span class='ocrx_word' id='word_1_225' title='bbox 841 3633 861 3677; x_wconf 91' lang='lat' dir='ltr'>a</span> <span class='ocrx_word' id='word_1_226' title='bbox 890 3613 976 3699; x_wconf 87' lang='lat' dir='ltr'>stylo</span> <span class='ocrx_word' id='word_1_227' title='bbox 999 3611 1030 3678; x_wconf 86' lang='lat' dir='ltr'>S.</span> <span class='ocrx_word' id='word_1_228' title='bbox 1057 3609 1330 3697; x_wconf 78' lang='lat' dir='ltr'>congregationis</span> 
     </span>
     <span class='ocr_line' id='line_1_28' title="bbox 151 3733 1328 3821; baseline -0.003 -19"><span class='ocrx_word' id='word_1_229' title='bbox 151 3737 282 3802; x_wconf 86' lang='lat' dir='ltr'>RItuum</span> <span class='ocrx_word' id='word_1_230' title='bbox 307 3735 362 3800; x_wconf 92' lang='lat' dir='ltr'>ubi</span> <span class='ocrx_word' id='word_1_231' title='bbox 383 3735 440 3802; x_wconf 84' lang='lat' dir='ltr'>Iex</span> <span class='ocrx_word' id='word_1_232' title='bbox 463 3736 582 3802; x_wconf 89' lang='lat' dir='ltr'>secreti</span> <span class='ocrx_word' id='word_1_233' title='bbox 612 3742 718 3800; x_wconf 88' lang='lat' dir='ltr'>cessat</span> <span class='ocrx_word' id='word_1_234' title='bbox 744 3735 897 3801; x_wconf 86' lang='lat' dir='ltr'>absolutis</span> <span class='ocrx_word' id='word_1_235' title='bbox 920 3736 1068 3821; x_wconf 80' lang='lat' dir='ltr'>negotiis.</span> <span class='ocrx_word' id='word_1_236' title='bbox 1093 3735 1141 3800; x_wconf 83' lang='lat' dir='ltr'>cf.</span> <span class='ocrx_word' id='word_1_237' title='bbox 1166 3733 1241 3798; x_wconf 88' lang='lat' dir='ltr'>Vol.</span> <span class='ocrx_word' id='word_1_238' title='bbox 1267 3735 1328 3808; x_wconf 89' lang='lat'>111,</span> 
     </span>
     <span class='ocr_line' id='line_1_29' title="bbox 149 3844 1330 3944; baseline -0.002 -20"><span class='ocrx_word' id='word_1_239' title='bbox 149 3880 181 3924; x_wconf 88' lang='lat' dir='ltr'>n.</span> <span class='ocrx_word' id='word_1_240' title='bbox 207 3857 281 3926; x_wconf 80' lang='lat'>394.</span> <span class='ocrx_word' id='word_1_241' title='bbox 308 3858 433 3924; x_wconf 86' lang='lat' dir='ltr'>Verum</span> <span class='ocrx_word' id='word_1_242' title='bbox 462 3858 550 3924; x_wconf 88' lang='lat' dir='ltr'>facta</span> <span class='ocrx_word' id='word_1_243' title='bbox 573 3863 620 3924; x_wconf 90' lang='lat' dir='ltr'>est</span> <span class='ocrx_word' id='word_1_244' title='bbox 648 3844 796 3944; x_wconf 82' lang='lat' dir='ltr'>exceptio</span> <span class='ocrx_word' id='word_1_245' title='bbox 819 3857 923 3942; x_wconf 87' lang='lat' dir='ltr'>quoad</span> <span class='ocrx_word' id='word_1_246' title='bbox 947 3878 995 3932; x_wconf 81' lang='lat' dir='ltr'>ea,</span> <span class='ocrx_word' id='word_1_247' title='bbox 1020 3877 1103 3942; x_wconf 87' lang='lat' dir='ltr'>quae</span> <span class='ocrx_word' id='word_1_248' title='bbox 1125 3856 1330 3942; x_wconf 86' lang='lat' dir='ltr'>publicantur</span> 
     </span>
     <span class='ocr_line' id='line_1_30' title="bbox 151 3981 1329 4068; baseline -0.004 -18"><span class='ocrx_word' id='word_1_249' title='bbox 151 3985 222 4050; x_wconf 88' lang='lat' dir='ltr'>sive</span> <span class='ocrx_word' id='word_1_250' title='bbox 246 4004 288 4049; x_wconf 83' lang='lat' dir='ltr'><strong><em>ex</em></strong></span> <span class='ocrx_word' id='word_1_251' title='bbox 311 3983 442 4048; x_wconf 88' lang='lat' dir='ltr'>decreto</span> <span class='ocrx_word' id='word_1_252' title='bbox 459 3983 490 4049; x_wconf 87' lang='lat' dir='ltr'>S.</span> <span class='ocrx_word' id='word_1_253' title='bbox 508 3981 685 4064; x_wconf 88' lang='lat' dir='ltr'>Pontificis,</span> <span class='ocrx_word' id='word_1_254' title='bbox 701 3985 770 4048; x_wconf 86' lang='lat' dir='ltr'>sive</span> <span class='ocrx_word' id='word_1_255' title='bbox 786 3989 899 4068; x_wconf 90' lang='lat' dir='ltr'>suapte</span> <span class='ocrx_word' id='word_1_256' title='bbox 922 3990 1049 4049; x_wconf 90' lang='lat' dir='ltr'>natura.</span> <span class='ocrx_word' id='word_1_257' title='bbox 1069 3983 1111 4047; x_wconf 93' lang='lat' dir='ltr'>Ut</span> <span class='ocrx_word' id='word_1_258' title='bbox 1125 3985 1211 4067; x_wconf 87' lang='lat' dir='ltr'>puta,</span> <span class='ocrx_word' id='word_1_259' title='bbox 1229 4000 1329 4066; x_wconf 88' lang='lat' dir='ltr'><strong><em>expe·</em></strong></span> 
     </span>
     <span class='ocr_line' id='line_1_31' title="bbox 150 4105 1330 4192; baseline -0.001 -20"><span class='ocrx_word' id='word_1_260' title='bbox 150 4106 219 4172; x_wconf 90' lang='lat' dir='ltr'>dita</span> <span class='ocrx_word' id='word_1_261' title='bbox 230 4107 469 4192; x_wconf 88' lang='lat' dir='ltr'>dispensatione</span> <span class='ocrx_word' id='word_1_262' title='bbox 484 4107 712 4172; x_wconf 83' lang='lat' dir='ltr'>matrimoniali</span> <span class='ocrx_word' id='word_1_263' title='bbox 728 4107 922 4192; x_wconf 87' lang='lat' dir='ltr'>rescriptum</span> <span class='ocrx_word' id='word_1_264' title='bbox 939 4106 1035 4172; x_wconf 89' lang='lat' dir='ltr'>datur</span> <span class='ocrx_word' id='word_1_265' title='bbox 1049 4105 1090 4171; x_wconf 88' lang='lat' dir='ltr'>ad</span> <span class='ocrx_word' id='word_1_266' title='bbox 1106 4108 1330 4190; x_wconf 89' lang='lat' dir='ltr'>nupturientes</span> 
     </span>
     <span class='ocr_line' id='line_1_32' title="bbox 150 4228 1329 4302; baseline -0.003 -6"><span class='ocrx_word' id='word_1_267' title='bbox 150 4231 204 4296; x_wconf 82' lang='lat' dir='ltr'>vel</span> <span class='ocrx_word' id='word_1_268' title='bbox 232 4230 375 4296; x_wconf 88' lang='lat' dir='ltr'>resoluto</span> <span class='ocrx_word' id='word_1_269' title='bbox 401 4228 497 4294; x_wconf 94' lang='lat' dir='ltr'>dubio</span> <span class='ocrx_word' id='word_1_270' title='bbox 527 4229 715 4302; x_wconf 84' lang='lat' dir='ltr'>doctrinali,</span> <span class='ocrx_word' id='word_1_271' title='bbox 740 4229 860 4294; x_wconf 87' lang='lat' dir='ltr'>decisio</span> <span class='ocrx_word' id='word_1_272' title='bbox 890 4228 1014 4295; x_wconf 91' lang='lat' dir='ltr'>editur:</span> <span class='ocrx_word' id='word_1_273' title='bbox 1040 4235 1116 4294; x_wconf 93' lang='lat' dir='ltr'>tunc</span> <span class='ocrx_word' id='word_1_274' title='bbox 1145 4233 1252 4294; x_wconf 86' lang='lat' dir='ltr'>cessat</span> <span class='ocrx_word' id='word_1_275' title='bbox 1273 4229 1329 4293; x_wconf 84' lang='lat' dir='ltr'>lex</span> 
     </span>
     <span class='ocr_line' id='line_1_33' title="bbox 148 4352 472 4421; baseline -0.009 0"><span class='ocrx_word' id='word_1_276' title='bbox 148 4355 274 4421; x_wconf 91' lang='lat' dir='ltr'>Secreti</span> <span class='ocrx_word' id='word_1_277' title='bbox 299 4355 330 4421; x_wconf 78' lang='grc'>8.</span> <span class='ocrx_word' id='word_1_278' title='bbox 356 4352 472 4420; x_wconf 86' lang='lat' dir='ltr'>Officii.</span> 
     </span>
    </p>

    <p class='ocr_par' dir='ltr' id='par_1_6' title="bbox 241 4477 1326 4564">
     <span class='ocr_line' id='line_1_34' title="bbox 241 4477 1326 4564; baseline -0.001 -20"><span class='ocrx_word' id='word_1_279' title='bbox 241 4479 408 4546; x_wconf 88' lang='lat' dir='ltr'>Hactenus</span> <span class='ocrx_word' id='word_1_280' title='bbox 431 4477 471 4543; x_wconf 90' lang='lat' dir='ltr'><strong><em>de</em></strong></span> <span class='ocrx_word' id='word_1_281' title='bbox 494 4477 629 4546; x_wconf 84' lang='lat' dir='ltr'>obtecto.</span> <span class='ocrx_word' id='word_1_282' title='bbox 661 4477 694 4564; x_wconf 83' lang='lat'>2)</span> <span class='ocrx_word' id='word_1_283' title='bbox 718 4477 904 4546; x_wconf 78' lang='lat' dir='ltr'>subiectum</span> <span class='ocrx_word' id='word_1_284' title='bbox 930 4480 1025 4546; x_wconf 89' lang='lat' dir='ltr'>huius</span> <span class='ocrx_word' id='word_1_285' title='bbox 1055 4481 1173 4545; x_wconf 87' lang='lat' dir='ltr'>secreti</span> <span class='ocrx_word' id='word_1_286' title='bbox 1204 4483 1279 4545; x_wconf 86' lang='lat' dir='ltr'>sunt</span> <span class='ocrx_word' id='word_1_287' title='bbox 1305 4480 1326 4543; x_wconf 90' lang='lat' dir='ltr'>li</span> 
     </span>
    </p>
   </div>
   <div class='ocr_carea' id='block_1_3' title="bbox 0 0 1680 5100">
    <p class='ocr_par' dir='ltr' id='par_1_7' title="bbox 0 0 1680 5100">
     <span class='ocr_line' id='line_1_35' title="bbox 0 0 1680 5100; baseline 0 0"><span class='ocrx_word' id='word_1_288' title='bbox 0 0 1680 5100; x_wconf 95' lang='lat' dir='ltr'> </span> 
     </span>
    </p>
   </div>
  </div>
 </body>
</html>
