3350 5100
345 272 410 339 130
865 293 949 340 rans
974 293 996 338 1.

342 413 606 481 subtractionem
627 414 815 497 fructuum,
841 414 980 500 aliaque
1002 414 1089 480 iaris
1111 414 1274 495 remedia,
1292 415 1393 480 eliam
1416 433 1525 499 usqne

342 540 390 605 ad
412 558 649 606 PRIVATIONEM
675 541 886 624 compellere,
914 559 977 606 nec
1002 540 1236 607 onerationem
1264 541 1353 608 hanc
1378 539 1524 625 qnalibet

337 664 534 749 priuilepio.
559 665 708 739 licentia,
732 662 986 746 familiaritate,
1011 665 1241 747 coemptione,
1265 665 1367 730 eliam
1389 665 1524 730 ratione

342 788 585 875 cuiuscumque
599 790 758 874 beneficii,
778 789 949 872 pactione,
973 794 1107 870 stolato,
1129 790 1231 855 etiam
1254 790 1448 857 iuramento
1470 791 1523 856 oel

341 934 557 1001 quacumque
579 915 780 983 anctoritate
797 917 1008 1000 conpuncto,
1026 915 1269 982 consvetvdine
1285 916 1388 981 eliam
1403 916 1523 982 imme-

340 1040 509 1114 morabili,
523 1060 612 1125 qnae
623 1040 739 1123 polias
750 1041 949 1122 conmplela
964 1041 1133 1106 censenda
1146 1046 1195 1106 est
1208 1041 1278 1106 siae
1294 1041 1523 1123 appellatione

340 1170 402 1230 ant
415 1163 615 1231 inhibitione
628 1163 731 1229 etiam
746 1163 784 1228 in
795 1161 956 1230 Romana
971 1163 1086 1238 Caria,
1100 1165 1152 1230 ael
1169 1163 1286 1250 stipare
1298 1164 1522 1249 Enpenianae

339 1288 395 1372 (ct.
408 1288 483 1353 Vol.
497 1289 523 1361 Ι,
541 1309 571 1352 n.
588 1287 666 1374 338)
683 1287 944 1360 constitutionis,
958 1289 1228 1372 snspendiposse
1246 1309 1276 1354 a.
1290 1293 1329 1370 ln
1342 1289 1523 1375 intelligen-

340 1415 416 1480 tiam
428 1414 524 1478 huius
539 1417 649 1478 textus
665 1412 856 1479 advertatur
871 1411 906 1500 a)
922 1413 1066 1480 liberam
1082 1433 1154 1478 esse
1171 1413 1354 1479 Ordinariis
1375 1415 1523 1498 experiri

339 1557 504 1609 censuras,
520 1537 647 1621 aliaque
670 1536 814 1602 remedia
835 1543 912 1600 ante
935 1536 1175 1602 decernendam
1194 1537 1439 1622 privationem,
1463 1557 1521 1602 seu

338 1661 402 1726 hoc
418 1663 676 1745 experimentum
699 1661 920 1726 necessarium
942 1680 1006 1726 non
1031 1681 1116 1726 esse:
1135 1661 1176 1725 ct.
1194 1660 1293 1733 Santi,
1313 1661 1342 1724 b.
1360 1666 1382 1725 l.
1398 1681 1433 1725 n.
1449 1660 1499 1726 57
1506 1680 1521 1743 ,·

339 1785 371 1869 b)
395 1791 536 1851 attamen
560 1785 600 1849 ad
624 1786 840 1869 privationem
864 1784 1009 1850 deveniri
1034 1804 1098 1848 non
1121 1803 1224 1868 posse,
1254 1785 1315 1849 nisi
1342 1755 1522 1870 praemissa

338 1911 426 1976 trina
448 1910 501 1975 vel
525 1929 590 1976 una
612 1897 832 1996 peremptoria
861 1909 1037 1993 personali
1059 1915 1115 1973 aut
1141 1909 1277 1974 edictali
1300 1910 1461 1981 citatione,
1488 1915 1522 1974 el

337 2054 401 2101 sea
422 2054 555 2101 menses
577 2035 690 2120 dilapsi
714 2036 779 2100 sint
801 2035 842 2100 ab
865 2035 978 2100 ultima
1000 2035 1162 2106 citatione,
1178 2053 1250 2118 arg.
1275 2053 1349 2118 cap.
1366 2036 1401 2098 11
1426 2035 1458 2099 b.
1474 2041 1520 2116 t.,·

337 2180 433 2244 quam
456 2161 615 2225 rationem
638 2160 835 2247 procedendi
859 2157 1064 2225 confirmavit
1088 2159 1119 2225 S.
1137 2158 1236 2244 cong.
1259 2160 1378 2226 Concil.
1396 2159 1519 2224 duabus

337 2284 596 2366 resolutionibus,
619 2285 724 2351 altera
746 2285 802 2351 die
824 2284 875 2349 26
896 2285 1006 2366 April.
1024 2283 1110 2349 1621
1132 2285 1165 2348 in
1189 2303 1287 2348 causa
1303 2284 1517 2356 Gerundensi,

336 2410 442 2475 altera
460 2410 555 2475 die8
574 2412 651 2475 Ian.
676 2410 767 2475 1624
790 2410 886 2476 edila.
911 2409 957 2476 cl.
984 2427 1113 2492 quoque
1137 2409 1223 2476 ,lota
1247 2412 1281 2475 S.
1306 2409 1412 2480 Sedis,
1438 2407 1516 2484 VII,

313 2628 317 2636 .
335 2556 367 2621 p.
384 2534 451 2601 676
465 2541 499 2602 et
515 2536 626 2617 XVII,
643 2556 673 2620 p.
693 2535 766 2601 155.
785 2571 803 2582 -
820 2534 1046 2603 Nihilominus.
1064 2535 1256 2619 praesertim
1273 2554 1333 2620 pro
1348 2532 1518 2599 hodiernis

336 2661 504 2739 adiunctis,
522 2661 702 2748 prudentia,
727 2659 969 2745 utplurimum,
993 2660 1167 2745 persuadet
1191 2678 1256 2723 non
1282 2657 1516 2724 deveniendum

335 2807 407 2853 esse
430 2786 471 2851 ad
493 2788 725 2871 privationem,
749 2786 809 2850 nisi
843 2785 907 2849 alia
939 2784 1082 2849 remedia
1112 2790 1168 2851 aut
1191 2783 1333 2849 adhibita
1355 2784 1433 2855 sint,
1460 2788 1518 2848 aut

336 2917 425 2977 certe
448 2912 608 2976 incassum
632 2930 765 2976 cessura
788 2930 859 2975 esse
882 2908 1144 2993 praevideantur.

469 3034 505 3115 6)
527 3034 680 3101 canonici
710 3039 743 3099 et
765 3054 876 3099 omnes
906 3031 1089 3100 beneficiati
1121 3036 1173 3118 qui
1205 3035 1237 3099 in
1269 3030 1515 3098 cathedralibus

334 3156 388 3222 vel
411 3158 590 3242 collegiatis
613 3156 776 3229 Ecclesiis,
801 3156 999 3241 dignitatem,
1025 3159 1261 3230 canonicatum,
1285 3154 1515 3241 praebendam,
1542 3248 1546 3257 ι

334 3284 515 3368 portionem
538 3282 693 3362 obtinent,
717 3282 743 3345 si
767 3283 896 3347 statutis
919 3282 1010 3348 horis
1033 3283 1135 3347 choro
1151 3302 1215 3347 non
1232 3283 1391 3356 intersint,
1408 3281 1515 3347 distri-

332 3406 481 3473 butiones
503 3404 705 3491 quotidianas
727 3425 788 3491 pro
811 3410 885 3470 rata
909 3405 1073 3472 absentiae
1089 3408 1249 3473 amittunt.
1267 3404 1354 3481 Quas
1376 3407 1403 3471 si
1426 3406 1513 3471 nihi·

331 3535 470 3600 lominus
492 3534 708 3619 perceperint,
725 3536 800 3597 ante
824 3551 951 3597 omnem
972 3534 1085 3599 iudicis
1105 3534 1309 3615 sententiam,
1325 3533 1378 3599 vel
1400 3533 1511 3600 decla·

332 3657 511 3732 ratoriam,
527 3657 700 3723 restituere
722 3661 886 3730 tenentur,
904 3658 1017 3740 quavis
1042 3658 1221 3723 collusione
1242 3662 1299 3724 aut
1323 3658 1513 3723 remissione

332 3782 466 3853 exclusa
481 3781 537 3867 (l).
556 3818 573 3830 ·
590 3782 694 3847 Iidem
710 3800 789 3846 vero
804 3778 998 3855 beneficiati,
1015 3783 1043 3846 si
1059 3788 1191 3868 praeter
1205 3788 1331 3868 tempus
1347 3782 1512 3869 legitimae

331 3905 506 3980 absentiae,
522 3926 543 3969 a
558 3906 659 3971 choro
681 3905 882 3987 vacaverint,
899 3924 942 3969 ex
967 3908 1087 3970 statuto
1104 3905 1224 3972 concil.
1242 3904 1330 3969 Trid.
1349 3924 1429 3971 sess.
1450 3904 1509 3983 24,

332 4050 361 4096 c.
378 4031 434 4107 12,
450 4031 501 4098 De
515 4031 591 4114 ref,
610 4030 727 4113 primo
751 4050 854 4111 anno,
875 4030 1043 4113 privandi
1064 4036 1144 4097 sant
1159 4050 1216 4096 seu
1234 4050 1294 4116 per
1317 4032 1510 4097 sententiam

421 4312 459 4381 (l)
480 4312 605 4367 Privatio
626 4313 702 4368 enim
726 4311 825 4366 harum
851 4313 1078 4368 distributionum
1103 4314 1257 4386 improprie
1282 4329 1372 4383 poena
1396 4313 1513 4379 dicitur,-

331 4414 434 4486 quippe
452 4418 539 4472 relert
556 4420 685 4472 naturam
704 4432 810 4488 poenm
829 4419 1057 4481 conserationalis.
