<?xml version="1.0" encoding="UTF-8"?>
<!DOCTYPE html PUBLIC "-//W3C//DTD XHTML 1.0 Transitional//EN"
    "http://www.w3.org/TR/xhtml1/DTD/xhtml1-transitional.dtd">
<html xmlns="http://www.w3.org/1999/xhtml" xml:lang="en" lang="en">
 <head>
  <title>
</title>
<meta http-equiv="Content-Type" content="text/html;charset=utf-8" />
  <meta name='ocr-system' content='tesseract 3.04.00' />
  <meta name='ocr-capabilities' content='ocr_page ocr_carea ocr_par ocr_line ocrx_word'/>
</head>
<body>
  <div class='ocr_page' id='page_1' title='image "./praelectionesin00legagoog_0222.png"; bbox 0 0 3350 5100; ppageno 0'>
   <div class='ocr_carea' id='block_1_1' title="bbox 301 288 961 353">
    <p class='ocr_par' dir='ltr' id='par_1_1' title="bbox 301 288 961 353">
     <span class='ocr_line' id='line_1_1' title="bbox 301 288 961 353; baseline -0.006 0"><span class='ocrx_word' id='word_1_1' title='bbox 301 288 367 353; x_wconf 81' lang='lat'>220</span> <span class='ocrx_word' id='word_1_2' title='bbox 816 304 897 351; x_wconf 71' lang='lat' dir='ltr'>eins</span> <span class='ocrx_word' id='word_1_3' title='bbox 927 304 961 349; x_wconf 89' lang='lat'>11.</span> 
     </span>
    </p>
   </div>
   <div class='ocr_carea' id='block_1_2' title="bbox 300 420 1480 1143">
    <p class='ocr_par' dir='ltr' id='par_1_2' title="bbox 300 420 1479 621">
     <span class='ocr_line' id='line_1_2' title="bbox 300 420 1479 513; baseline -0.003 -20"><span class='ocrx_word' id='word_1_4' title='bbox 300 448 395 494; x_wconf 87' lang='lat' dir='ltr'>casus</span> <span class='ocrx_word' id='word_1_5' title='bbox 416 426 458 491; x_wconf 90' lang='lat' dir='ltr'>ab</span> <span class='ocrx_word' id='word_1_6' title='bbox 480 429 584 492; x_wconf 86' lang='lat' dir='ltr'>altero</span> <span class='ocrx_word' id='word_1_7' title='bbox 608 432 657 491; x_wconf 90' lang='lat' dir='ltr'>est</span> <span class='ocrx_word' id='word_1_8' title='bbox 679 428 819 491; x_wconf 82' lang='lat' dir='ltr'><strong>maxime</strong></span> <span class='ocrx_word' id='word_1_9' title='bbox 842 424 1037 491; x_wconf 87' lang='lat' dir='ltr'>attendenda</span> <span class='ocrx_word' id='word_1_10' title='bbox 1060 424 1163 513; x_wconf 82' lang='lat' dir='ltr'>quoad</span> <span class='ocrx_word' id='word_1_11' title='bbox 1187 420 1335 489; x_wconf 84' lang='lat' dir='ltr'>effectum</span> <span class='ocrx_word' id='word_1_12' title='bbox 1358 426 1479 507; x_wconf 82' lang='lat' dir='ltr'>oppet-</span> 
     </span>
     <span class='ocr_line' id='line_1_3' title="bbox 301 554 446 621; baseline -0.021 0"><span class='ocrx_word' id='word_1_13' title='bbox 301 554 446 621; x_wconf 76' lang='lat' dir='ltr'>lotionis.</span> 
     </span>
    </p>

    <p class='ocr_par' dir='ltr' id='par_1_3' title="bbox 300 682 1480 1143">
     <span class='ocr_line' id='line_1_4' title="bbox 391 682 1479 765; baseline -0.005 -20"><span class='ocrx_word' id='word_1_14' title='bbox 391 683 570 747; x_wconf 88' lang='lat' dir='ltr'>Praeterea</span> <span class='ocrx_word' id='word_1_15' title='bbox 593 683 626 745; x_wconf 95' lang='lat' dir='ltr'>in</span> <span class='ocrx_word' id='word_1_16' title='bbox 643 682 732 746; x_wconf 90' lang='lat' dir='ltr'>hisce</span> <span class='ocrx_word' id='word_1_17' title='bbox 755 682 861 745; x_wconf 89' lang='lat' dir='ltr'>causis</span> <span class='ocrx_word' id='word_1_18' title='bbox 884 682 1091 765; x_wconf 87' lang='lat' dir='ltr'>potissimum,</span> <span class='ocrx_word' id='word_1_19' title='bbox 1109 698 1200 763; x_wconf 88' lang='lat' dir='ltr'>quae,</span> <span class='ocrx_word' id='word_1_20' title='bbox 1218 686 1327 765; x_wconf 79' lang='lat' dir='ltr'>utpote</span> <span class='ocrx_word' id='word_1_21' title='bbox 1348 682 1479 765; x_wconf 82' lang='lat' dir='ltr'>gravio-</span> 
     </span>
     <span class='ocr_line' id='line_1_5' title="bbox 302 804 1480 891; baseline -0.004 -20"><span class='ocrx_word' id='word_1_22' title='bbox 302 808 580 891; x_wconf 83' lang='lat' dir='ltr'>res,expostulant</span> <span class='ocrx_word' id='word_1_23' title='bbox 590 807 736 889; x_wconf 84' lang='lat' dir='ltr'>speciale</span> <span class='ocrx_word' id='word_1_24' title='bbox 751 806 965 883; x_wconf 74' lang='lat' dir='ltr'>mandatum,</span> <span class='ocrx_word' id='word_1_25' title='bbox 975 806 1110 871; x_wconf 86' lang='lat' dir='ltr'>Vicario</span> <span class='ocrx_word' id='word_1_26' title='bbox 1123 805 1276 871; x_wconf 89' lang='lat' dir='ltr'>Generali</span> <span class='ocrx_word' id='word_1_27' title='bbox 1292 806 1336 869; x_wconf 87' lang='lat' dir='ltr'>ita</span> <span class='ocrx_word' id='word_1_28' title='bbox 1347 804 1480 889; x_wconf 82' lang='lat' dir='ltr'>adiungi</span> 
     </span>
     <span class='ocr_line' id='line_1_6' title="bbox 300 930 1480 1017; baseline -0.003 -21"><span class='ocrx_word' id='word_1_29' title='bbox 300 934 406 997; x_wconf 82' lang='lat' dir='ltr'>solent</span> <span class='ocrx_word' id='word_1_30' title='bbox 428 932 468 997; x_wconf 90' lang='lat' dir='ltr'>ab</span> <span class='ocrx_word' id='word_1_31' title='bbox 491 934 652 1017; x_wconf 83' lang='lat' dir='ltr'>Episcopo</span> <span class='ocrx_word' id='word_1_32' title='bbox 666 932 721 996; x_wconf 87' lang='lat' dir='ltr'>alii</span> <span class='ocrx_word' id='word_1_33' title='bbox 737 931 922 996; x_wconf 90' lang='lat' dir='ltr'>coniudices</span> <span class='ocrx_word' id='word_1_34' title='bbox 939 931 1029 1011; x_wconf 86' lang='lat' dir='ltr'>othl,</span> <span class='ocrx_word' id='word_1_35' title='bbox 1050 930 1204 995; x_wconf 88' lang='lat' dir='ltr'>Praeside</span> <span class='ocrx_word' id='word_1_36' title='bbox 1225 930 1358 995; x_wconf 89' lang='lat' dir='ltr'>Vicario</span> <span class='ocrx_word' id='word_1_37' title='bbox 1374 932 1480 997; x_wconf 85' lang='lat' dir='ltr'>Gene-</span> 
     </span>
     <span class='ocr_line' id='line_1_7' title="bbox 302 1055 1479 1143; baseline 0.001 -24"><span class='ocrx_word' id='word_1_38' title='bbox 302 1058 373 1127; x_wconf 88' lang='lat' dir='ltr'>rali,</span> <span class='ocrx_word' id='word_1_39' title='bbox 393 1057 606 1143; x_wconf 86' lang='lat' dir='ltr'>collegialiter</span> <span class='ocrx_word' id='word_1_40' title='bbox 626 1057 788 1128; x_wconf 83' lang='lat' dir='ltr'>dirimant,</span> <span class='ocrx_word' id='word_1_41' title='bbox 808 1056 892 1139; x_wconf 90' lang='lat' dir='ltr'>quod</span> <span class='ocrx_word' id='word_1_42' title='bbox 916 1057 949 1119; x_wconf 95' lang='lat' dir='ltr'>in</span> <span class='ocrx_word' id='word_1_43' title='bbox 969 1055 1130 1121; x_wconf 87' lang='lat' dir='ltr'>mandatis</span> <span class='ocrx_word' id='word_1_44' title='bbox 1153 1055 1275 1120; x_wconf 84' lang='lat' dir='ltr'>habent</span> <span class='ocrx_word' id='word_1_45' title='bbox 1298 1058 1479 1120; x_wconf 83' lang='lat' dir='ltr'>contentio·</span> 
     </span>
    </p>
   </div>
   <div class='ocr_carea' id='block_1_3' title="bbox 301 1176 1581 1264">
    <p class='ocr_par' dir='ltr' id='par_1_4' title="bbox 301 1176 1581 1264">
     <span class='ocr_line' id='line_1_8' title="bbox 301 1176 1581 1264; baseline -0.004 -22"><span class='ocrx_word' id='word_1_46' title='bbox 301 1199 371 1243; x_wconf 90' lang='lat' dir='ltr'>sum</span> <span class='ocrx_word' id='word_1_47' title='bbox 387 1181 568 1264; x_wconf 64' lang='lat' dir='ltr'>negotium</span> <span class='ocrx_word' id='word_1_48' title='bbox 585 1199 679 1263; x_wconf 87' lang='lat' dir='ltr'>quum</span> <span class='ocrx_word' id='word_1_49' title='bbox 703 1179 888 1244; x_wconf 83' lang='lat' dir='ltr'>methodum</span> <span class='ocrx_word' id='word_1_50' title='bbox 913 1178 1206 1243; x_wconf 82' lang='lat' dir='ltr'>commendavimus</span> <span class='ocrx_word' id='word_1_51' title='bbox 1222 1185 1255 1242; x_wconf 90' lang='lat' dir='ltr'>et</span> <span class='ocrx_word' id='word_1_52' title='bbox 1270 1176 1481 1263; x_wconf 84' lang='lat' dir='ltr'>probavimus</span> <span class='ocrx_word' id='word_1_53' title='bbox 1573 1204 1581 1216; x_wconf 89' lang='lat'>·</span> 
     </span>
    </p>
   </div>
   <div class='ocr_carea' id='block_1_4' title="bbox 241 1274 1481 4128">
    <p class='ocr_par' dir='ltr' id='par_1_5' title="bbox 241 1274 702 1388">
     <span class='ocr_line' id='line_1_9' title="bbox 241 1274 702 1388; baseline 0.009 -23"><span class='ocrx_word' id='word_1_54' title='bbox 241 1274 245 1285; x_wconf 39' lang='lat'><strong>¹</strong></span> <span class='ocrx_word' id='word_1_55' title='bbox 303 1303 379 1369; x_wconf 92' lang='lat' dir='ltr'>Vol.</span> <span class='ocrx_word' id='word_1_56' title='bbox 403 1305 446 1374; x_wconf 89' lang='lat' dir='ltr'>ll,</span> <span class='ocrx_word' id='word_1_57' title='bbox 472 1324 502 1367; x_wconf 91' lang='lat' dir='ltr'>n.</span> <span class='ocrx_word' id='word_1_58' title='bbox 527 1304 593 1371; x_wconf 85' lang='lat'>315</span> <span class='ocrx_word' id='word_1_59' title='bbox 616 1324 702 1388; x_wconf 56' lang='lat' dir='ltr'>sequ</span> 
     </span>
    </p>

    <p class='ocr_par' dir='ltr' id='par_1_6' title="bbox 298 1402 1481 3008">
     <span class='ocr_line' id='line_1_10' title="bbox 298 1402 1478 1513; baseline -0.003 -21"><span class='ocrx_word' id='word_1_60' title='bbox 298 1402 301 1410; x_wconf 40' lang='lat'>¹</span> <span class='ocrx_word' id='word_1_61' title='bbox 390 1428 579 1495; x_wconf 89' lang='lat' dir='ltr'>Huiusmodi</span> <span class='ocrx_word' id='word_1_62' title='bbox 595 1428 771 1494; x_wconf 86' lang='lat' dir='ltr'>tribunalia</span> <span class='ocrx_word' id='word_1_63' title='bbox 783 1429 975 1513; x_wconf 85' lang='lat' dir='ltr'>collegialia,</span> <span class='ocrx_word' id='word_1_64' title='bbox 988 1448 1069 1513; x_wconf 87' lang='lat' dir='ltr'>quae</span> <span class='ocrx_word' id='word_1_65' title='bbox 1086 1430 1323 1493; x_wconf 84' lang='lat' dir='ltr'>constituuntur</span> <span class='ocrx_word' id='word_1_66' title='bbox 1339 1446 1382 1492; x_wconf 87' lang='lat' dir='ltr'>ex</span> <span class='ocrx_word' id='word_1_67' title='bbox 1398 1426 1478 1491; x_wconf 90' lang='lat' dir='ltr'>iudi-</span> 
     </span>
     <span class='ocr_line' id='line_1_11' title="bbox 302 1552 1480 1633; baseline -0.003 -16"><span class='ocrx_word' id='word_1_68' title='bbox 302 1552 542 1619; x_wconf 87' lang='lat' dir='ltr'>cibusVicario</span> <span class='ocrx_word' id='word_1_69' title='bbox 558 1554 712 1619; x_wconf 86' lang='lat' dir='ltr'>Generali</span> <span class='ocrx_word' id='word_1_70' title='bbox 731 1553 900 1633; x_wconf 70' lang='lat' dir='ltr'>adiunctis</span> <span class='ocrx_word' id='word_1_71' title='bbox 918 1552 1079 1617; x_wconf 85' lang='lat' dir='ltr'>censenda</span> <span class='ocrx_word' id='word_1_72' title='bbox 1095 1557 1170 1616; x_wconf 89' lang='lat' dir='ltr'>sunt</span> <span class='ocrx_word' id='word_1_73' title='bbox 1185 1552 1367 1617; x_wconf 73' lang='lat' dir='ltr'>ordinaria</span> <span class='ocrx_word' id='word_1_74' title='bbox 1382 1570 1480 1615; x_wconf 89' lang='lat' dir='ltr'>sensu</span> 
     </span>
     <span class='ocr_line' id='line_1_12' title="bbox 301 1676 1480 1763; baseline -0.002 -22"><span class='ocrx_word' id='word_1_75' title='bbox 301 1678 400 1743; x_wconf 86' lang='lat' dir='ltr'>veluti</span> <span class='ocrx_word' id='word_1_76' title='bbox 427 1677 636 1761; x_wconf 73' lang='lat' dir='ltr'>improprio,</span> <span class='ocrx_word' id='word_1_77' title='bbox 661 1681 735 1761; x_wconf 86' lang='lat' dir='ltr'>quia</span> <span class='ocrx_word' id='word_1_78' title='bbox 765 1698 884 1744; x_wconf 84' lang='lat' dir='ltr'>revera</span> <span class='ocrx_word' id='word_1_79' title='bbox 911 1698 975 1743; x_wconf 92' lang='lat' dir='ltr'>non</span> <span class='ocrx_word' id='word_1_80' title='bbox 1008 1679 1173 1763; x_wconf 89' lang='lat' dir='ltr'>potiuntur</span> <span class='ocrx_word' id='word_1_81' title='bbox 1204 1676 1339 1759; x_wconf 89' lang='lat' dir='ltr'>quodam</span> <span class='ocrx_word' id='word_1_82' title='bbox 1371 1676 1480 1741; x_wconf 88' lang='lat' dir='ltr'>stabili</span> 
     </span>
     <span class='ocr_line' id='line_1_13' title="bbox 300 1800 1479 1889; baseline -0.002 -22"><span class='ocrx_word' id='word_1_83' title='bbox 300 1800 407 1868; x_wconf 86' lang='lat' dir='ltr'>officio</span> <span class='ocrx_word' id='word_1_84' title='bbox 429 1822 486 1868; x_wconf 91' lang='lat' dir='ltr'>seu</span> <span class='ocrx_word' id='word_1_85' title='bbox 502 1805 604 1889; x_wconf 85' lang='lat' dir='ltr'>gradu</span> <span class='ocrx_word' id='word_1_86' title='bbox 621 1804 828 1868; x_wconf 86' lang='lat' dir='ltr'>hierarchico</span> <span class='ocrx_word' id='word_1_87' title='bbox 850 1804 928 1869; x_wconf 82' lang='lat' dir='ltr'>iure</span> <span class='ocrx_word' id='word_1_88' title='bbox 942 1803 1115 1869; x_wconf 69' lang='lat' dir='ltr'>colomani</span> <span class='ocrx_word' id='word_1_89' title='bbox 1138 1803 1295 1880; x_wconf 90' lang='lat' dir='ltr'>ordinato,</span> <span class='ocrx_word' id='word_1_90' title='bbox 1312 1801 1368 1866; x_wconf 86' lang='lat' dir='ltr'>sed</span> <span class='ocrx_word' id='word_1_91' title='bbox 1384 1802 1479 1868; x_wconf 83' lang='lat' dir='ltr'>ordi-</span> 
     </span>
     <span class='ocr_line' id='line_1_14' title="bbox 300 1906 1481 2014; baseline 0 -23"><span class='ocrx_word' id='word_1_92' title='bbox 300 1926 404 1991; x_wconf 76' lang='lat' dir='ltr'>odra&#39;a</span> <span class='ocrx_word' id='word_1_93' title='bbox 426 1927 584 2014; x_wconf 90' lang='lat' dir='ltr'>appellari</span> <span class='ocrx_word' id='word_1_94' title='bbox 607 1938 748 2011; x_wconf 89' lang='lat' dir='ltr'>possunt,</span> <span class='ocrx_word' id='word_1_95' title='bbox 771 1930 845 2012; x_wconf 90' lang='lat' dir='ltr'>quia</span> <span class='ocrx_word' id='word_1_96' title='bbox 868 1934 1025 1993; x_wconf 79' lang='lat' dir='ltr'>exercent</span> <span class='ocrx_word' id='word_1_97' title='bbox 1046 1930 1147 2012; x_wconf 86' lang='lat' dir='ltr'>ipsam</span> <span class='ocrx_word' id='word_1_98' title='bbox 1165 1926 1289 1993; x_wconf 87' lang='lat' dir='ltr'>Vicarii</span> <span class='ocrx_word' id='word_1_99' title='bbox 1308 1906 1481 1992; x_wconf 78' lang='lat' dir='ltr'>Generalis</span> 
     </span>
     <span class='ocr_line' id='line_1_15' title="bbox 301 2048 1479 2137; baseline -0.001 -21"><span class='ocrx_word' id='word_1_100' title='bbox 301 2058 490 2136; x_wconf 88' lang='lat' dir='ltr'>potestatem</span> <span class='ocrx_word' id='word_1_101' title='bbox 514 2060 548 2118; x_wconf 86' lang='lat' dir='ltr'>et</span> <span class='ocrx_word' id='word_1_102' title='bbox 568 2075 667 2118; x_wconf 89' lang='lat' dir='ltr'>unum</span> <span class='ocrx_word' id='word_1_103' title='bbox 690 2054 839 2135; x_wconf 85' lang='lat' dir='ltr'>idemque</span> <span class='ocrx_word' id='word_1_104' title='bbox 857 2052 1056 2137; x_wconf 86' lang='lat' dir='ltr'>auditorium</span> <span class='ocrx_word' id='word_1_105' title='bbox 1088 2048 1244 2137; x_wconf 83' lang='lat' dir='ltr'>Episcopi</span> <span class='ocrx_word' id='word_1_106' title='bbox 1263 2054 1479 2126; x_wconf 85' lang='lat' dir='ltr'>constituunt;</span> 
     </span>
     <span class='ocr_line' id='line_1_16' title="bbox 301 2175 1479 2262; baseline 0.001 -23"><span class='ocrx_word' id='word_1_107' title='bbox 301 2196 403 2259; x_wconf 90' lang='lat' dir='ltr'>quare</span> <span class='ocrx_word' id='word_1_108' title='bbox 426 2178 598 2262; x_wconf 85' lang='lat' dir='ltr'>appellatio</span> <span class='ocrx_word' id='word_1_109' title='bbox 621 2176 855 2261; x_wconf 90' lang='lat' dir='ltr'>interponenda</span> <span class='ocrx_word' id='word_1_110' title='bbox 878 2182 927 2241; x_wconf 87' lang='lat' dir='ltr'>est</span> <span class='ocrx_word' id='word_1_111' title='bbox 955 2195 1016 2241; x_wconf 92' lang='lat' dir='ltr'>non</span> <span class='ocrx_word' id='word_1_112' title='bbox 1040 2175 1123 2261; x_wconf 88' lang='lat' dir='ltr'>apud</span> <span class='ocrx_word' id='word_1_113' title='bbox 1147 2178 1248 2261; x_wconf 90' lang='lat' dir='ltr'>ipsum</span> <span class='ocrx_word' id='word_1_114' title='bbox 1275 2178 1479 2260; x_wconf 82' lang='lat' dir='ltr'>Episcopum.</span> 
     </span>
     <span class='ocr_line' id='line_1_17' title="bbox 301 2299 1479 2385; baseline -0.003 -21"><span class='ocrx_word' id='word_1_115' title='bbox 301 2300 357 2364; x_wconf 88' lang='lat' dir='ltr'>sed</span> <span class='ocrx_word' id='word_1_116' title='bbox 373 2299 458 2384; x_wconf 87' lang='lat' dir='ltr'>apud</span> <span class='ocrx_word' id='word_1_117' title='bbox 473 2300 609 2365; x_wconf 90' lang='lat' dir='ltr'>iudicem</span> <span class='ocrx_word' id='word_1_118' title='bbox 628 2301 807 2385; x_wconf 84' lang='lat' dir='ltr'>respective</span> <span class='ocrx_word' id='word_1_119' title='bbox 824 2300 1035 2385; x_wconf 89' lang='lat' dir='ltr'>superiorem.</span> <span class='ocrx_word' id='word_1_120' title='bbox 1053 2299 1209 2383; x_wconf 88' lang='lat' dir='ltr'>Equidem</span> <span class='ocrx_word' id='word_1_121' title='bbox 1226 2300 1374 2384; x_wconf 87' lang='lat' dir='ltr'>Episcopi</span> <span class='ocrx_word' id='word_1_122' title='bbox 1391 2310 1479 2383; x_wconf 82' lang='lat' dir='ltr'>pote-</span> 
     </span>
     <span class='ocr_line' id='line_1_18' title="bbox 301 2404 1478 2507; baseline 0 -20"><span class='ocrx_word' id='word_1_123' title='bbox 301 2428 416 2487; x_wconf 84' lang='lat' dir='ltr'>statem</span> <span class='ocrx_word' id='word_1_124' title='bbox 439 2404 642 2487; x_wconf 89' lang='lat' dir='ltr'>nonhabent</span> <span class='ocrx_word' id='word_1_125' title='bbox 665 2422 853 2489; x_wconf 86' lang='lat' dir='ltr'>instituendi</span> <span class='ocrx_word' id='word_1_126' title='bbox 877 2422 1013 2487; x_wconf 91' lang='lat' dir='ltr'>iudicem</span> <span class='ocrx_word' id='word_1_127' title='bbox 1038 2421 1256 2487; x_wconf 74' lang='lat' dir='ltr'>ordinarium</span> <span class='ocrx_word' id='word_1_128' title='bbox 1279 2424 1348 2487; x_wconf 89' lang='lat' dir='ltr'>sive</span> <span class='ocrx_word' id='word_1_129' title='bbox 1367 2425 1478 2507; x_wconf 84' lang='lat' dir='ltr'>singu-</span> 
     </span>
     <span class='ocr_line' id='line_1_19' title="bbox 301 2550 1480 2636; baseline 0 -22"><span class='ocrx_word' id='word_1_130' title='bbox 301 2552 403 2616; x_wconf 88' lang='lat' dir='ltr'>larem</span> <span class='ocrx_word' id='word_1_131' title='bbox 420 2552 488 2615; x_wconf 89' lang='lat' dir='ltr'>sive</span> <span class='ocrx_word' id='word_1_132' title='bbox 511 2550 714 2636; x_wconf 82' lang='lat' dir='ltr'>collegialem</span> <span class='ocrx_word' id='word_1_133' title='bbox 737 2552 843 2635; x_wconf 85' lang='lat' dir='ltr'>prouti</span> <span class='ocrx_word' id='word_1_134' title='bbox 860 2556 949 2634; x_wconf 85' lang='lat' dir='ltr'>patet</span> <span class='ocrx_word' id='word_1_135' title='bbox 965 2569 1007 2614; x_wconf 80' lang='lat' dir='ltr'>ex</span> <span class='ocrx_word' id='word_1_136' title='bbox 1024 2550 1189 2635; x_wconf 90' lang='lat' dir='ltr'>principiis</span> <span class='ocrx_word' id='word_1_137' title='bbox 1205 2551 1284 2615; x_wconf 86' lang='lat' dir='ltr'>iuris</span> <span class='ocrx_word' id='word_1_138' title='bbox 1301 2554 1480 2616; x_wconf 89' lang='lat' dir='ltr'>communis</span> 
     </span>
     <span class='ocr_line' id='line_1_20' title="bbox 301 2674 1480 2761; baseline 0 -21"><span class='ocrx_word' id='word_1_139' title='bbox 301 2675 367 2742; x_wconf 86' lang='lat' dir='ltr'>late</span> <span class='ocrx_word' id='word_1_140' title='bbox 389 2676 559 2761; x_wconf 83' lang='lat' dir='ltr'>explicatis</span> <span class='ocrx_word' id='word_1_141' title='bbox 582 2678 615 2740; x_wconf 90' lang='lat' dir='ltr'>in</span> <span class='ocrx_word' id='word_1_142' title='bbox 639 2675 761 2740; x_wconf 90' lang='lat' dir='ltr'>libello:</span> <span class='ocrx_word' id='word_1_143' title='bbox 782 2674 969 2756; x_wconf 75' lang='lat' dir='ltr'>Responsio</span> <span class='ocrx_word' id='word_1_144' title='bbox 985 2674 1043 2740; x_wconf 82' lang='lat' dir='ltr'>Pii</span> <span class='ocrx_word' id='word_1_145' title='bbox 1068 2675 1113 2738; x_wconf 81' lang='lat' dir='ltr'>Vl</span> <span class='ocrx_word' id='word_1_146' title='bbox 1133 2675 1180 2740; x_wconf 87' lang='lat' dir='ltr'>od</span> <span class='ocrx_word' id='word_1_147' title='bbox 1196 2675 1480 2758; x_wconf 78' lang='lat' dir='ltr'>Metropolitanos</span> 
     </span>
     <span class='ocr_line' id='line_1_21' title="bbox 302 2797 1478 2887; baseline 0.003 -23"><span class='ocrx_word' id='word_1_148' title='bbox 302 2801 566 2887; x_wconf 76' lang='lat' dir='ltr'>Mopuotioum,</span> <span class='ocrx_word' id='word_1_149' title='bbox 598 2800 847 2871; x_wconf 78' lang='lat' dir='ltr'>Treoirenrem.</span> <span class='ocrx_word' id='word_1_150' title='bbox 876 2797 1106 2868; x_wconf 77' lang='lat' dir='ltr'>Colonieosem</span> <span class='ocrx_word' id='word_1_151' title='bbox 1130 2805 1163 2865; x_wconf 88' lang='lat' dir='ltr'>et</span> <span class='ocrx_word' id='word_1_152' title='bbox 1185 2799 1478 2886; x_wconf 74' lang='lat' dir='ltr'>Satisburpeasem</span> 
     </span>
     <span class='ocr_line' id='line_1_22' title="bbox 300 2923 868 3008; baseline 0 -19"><span class='ocrx_word' id='word_1_153' title='bbox 300 2943 406 3008; x_wconf 76' lang='lat' dir='ltr'>super</span> <span class='ocrx_word' id='word_1_154' title='bbox 427 2925 644 2990; x_wconf 60' lang='lat' dir='ltr'>aeneatoris</span> <span class='ocrx_word' id='word_1_155' title='bbox 665 2923 868 3006; x_wconf 77' lang='lat' dir='ltr'>apostolicis.</span> 
     </span>
    </p>

    <p class='ocr_par' dir='ltr' id='par_1_7' title="bbox 299 3049 1479 4128">
     <span class='ocr_line' id='line_1_23' title="bbox 393 3049 1477 3134; baseline 0.001 -21"><span class='ocrx_word' id='word_1_156' title='bbox 393 3049 466 3114; x_wconf 85' lang='lat'><strong>157.</strong></span> <span class='ocrx_word' id='word_1_157' title='bbox 490 3049 665 3134; x_wconf 83' lang='lat' dir='ltr'>Collegiale</span> <span class='ocrx_word' id='word_1_158' title='bbox 695 3049 836 3114; x_wconf 88' lang='lat' dir='ltr'>tribuual</span> <span class='ocrx_word' id='word_1_159' title='bbox 861 3049 1079 3114; x_wconf 74' lang='lat' dir='ltr'>ordinarium</span> <span class='ocrx_word' id='word_1_160' title='bbox 1111 3049 1316 3114; x_wconf 87' lang='lat' dir='ltr'>constitutum</span> <span class='ocrx_word' id='word_1_161' title='bbox 1350 3051 1410 3116; x_wconf 83' lang='lat' dir='ltr'>luit</span> <span class='ocrx_word' id='word_1_162' title='bbox 1438 3052 1477 3115; x_wconf 86' lang='lat' dir='ltr'>ad</span> 
     </span>
     <span class='ocr_line' id='line_1_24' title="bbox 302 3171 1478 3258; baseline -0.001 -21"><span class='ocrx_word' id='word_1_163' title='bbox 302 3192 416 3237; x_wconf 87' lang='lat' dir='ltr'>causas</span> <span class='ocrx_word' id='word_1_164' title='bbox 439 3174 624 3237; x_wconf 88' lang='lat' dir='ltr'>criminales</span> <span class='ocrx_word' id='word_1_165' title='bbox 647 3194 710 3236; x_wconf 92' lang='lat' dir='ltr'>non</span> <span class='ocrx_word' id='word_1_166' title='bbox 732 3192 790 3257; x_wconf 95' lang='lat' dir='ltr'>pro</span> <span class='ocrx_word' id='word_1_167' title='bbox 807 3173 961 3236; x_wconf 86' lang='lat' dir='ltr'>universa</span> <span class='ocrx_word' id='word_1_168' title='bbox 980 3171 1136 3237; x_wconf 88' lang='lat' dir='ltr'>Ecclesia.</span> <span class='ocrx_word' id='word_1_169' title='bbox 1154 3171 1211 3236; x_wconf 92' lang='lat' dir='ltr'>sed</span> <span class='ocrx_word' id='word_1_170' title='bbox 1226 3193 1285 3256; x_wconf 91' lang='lat' dir='ltr'>pro</span> <span class='ocrx_word' id='word_1_171' title='bbox 1302 3176 1478 3258; x_wconf 80' lang='lat' dir='ltr'>provinciis</span> 
     </span>
     <span class='ocr_line' id='line_1_25' title="bbox 303 3294 1478 3381; baseline -0.002 -19"><span class='ocrx_word' id='word_1_172' title='bbox 303 3297 410 3362; x_wconf 86' lang='lat' dir='ltr'>Status</span> <span class='ocrx_word' id='word_1_173' title='bbox 434 3294 595 3362; x_wconf 85' lang='lat' dir='ltr'>Pontificii</span> <span class='ocrx_word' id='word_1_174' title='bbox 618 3316 638 3360; x_wconf 85' lang='lat' dir='ltr'>a</span> <span class='ocrx_word' id='word_1_175' title='bbox 662 3297 821 3381; x_wconf 82' lang='lat' dir='ltr'>Gregorio</span> <span class='ocrx_word' id='word_1_176' title='bbox 838 3297 921 3360; x_wconf 89' lang='lat' dir='ltr'>XVI</span> <span class='ocrx_word' id='word_1_177' title='bbox 945 3297 978 3358; x_wconf 93' lang='lat' dir='ltr'>in</span> <span class='ocrx_word' id='word_1_178' title='bbox 1002 3296 1135 3364; x_wconf 81' lang='lat' dir='ltr'>decreto</span> <span class='ocrx_word' id='word_1_179' title='bbox 1159 3297 1226 3362; x_wconf 82' lang='lat' dir='ltr'>diet</span> <span class='ocrx_word' id='word_1_180' title='bbox 1249 3297 1373 3364; x_wconf 89' lang='lat' dir='ltr'>5Noo.</span> <span class='ocrx_word' id='word_1_181' title='bbox 1391 3297 1478 3364; x_wconf 83' lang='lat'><em>1831</em></span> 
     </span>
     <span class='ocr_line' id='line_1_26' title="bbox 302 3417 1478 3504; baseline 0 -17"><span class='ocrx_word' id='word_1_182' title='bbox 302 3430 332 3488; x_wconf 88' lang='lat' dir='ltr'>et</span> <span class='ocrx_word' id='word_1_183' title='bbox 348 3421 397 3486; x_wconf 65' lang='lat'>211</span> <span class='ocrx_word' id='word_1_184' title='bbox 413 3422 523 3504; x_wconf 84' lang='lat' dir='ltr'>April.</span> <span class='ocrx_word' id='word_1_185' title='bbox 540 3419 641 3486; x_wconf 80' lang='lat'><strong><em>1832.</em></strong></span> <span class='ocrx_word' id='word_1_186' title='bbox 661 3421 874 3486; x_wconf 87' lang='lat' dir='ltr'>Nihilominus</span> <span class='ocrx_word' id='word_1_187' title='bbox 897 3423 979 3488; x_wconf 86' lang='lat' dir='ltr'>haec</span> <span class='ocrx_word' id='word_1_188' title='bbox 1003 3421 1135 3486; x_wconf 85' lang='lat' dir='ltr'>decreta</span> <span class='ocrx_word' id='word_1_189' title='bbox 1158 3427 1282 3488; x_wconf 86' lang='lat' dir='ltr'>certam</span> <span class='ocrx_word' id='word_1_190' title='bbox 1307 3417 1478 3488; x_wconf 80' lang='lat' dir='ltr'>efformant</span> 
     </span>
     <span class='ocr_line' id='line_1_27' title="bbox 303 3519 1479 3632; baseline 0.003 -21"><span class='ocrx_word' id='word_1_191' title='bbox 303 3547 456 3632; x_wconf 86' lang='lat' dir='ltr'>regulam,</span> <span class='ocrx_word' id='word_1_192' title='bbox 473 3565 568 3630; x_wconf 89' lang='lat' dir='ltr'>quam</span> <span class='ocrx_word' id='word_1_193' title='bbox 591 3545 769 3630; x_wconf 88' lang='lat' dir='ltr'>prudenter</span> <span class='ocrx_word' id='word_1_194' title='bbox 792 3549 880 3630; x_wconf 91' lang='lat' dir='ltr'>sequi</span> <span class='ocrx_word' id='word_1_195' title='bbox 905 3548 1017 3614; x_wconf 83' lang='lat' dir='ltr'>valent</span> <span class='ocrx_word' id='word_1_196' title='bbox 1036 3547 1186 3631; x_wconf 88' lang='lat' dir='ltr'>Episcopi</span> <span class='ocrx_word' id='word_1_197' title='bbox 1213 3519 1364 3611; x_wconf 79' lang='lat' dir='ltr'>universi.</span> <span class='ocrx_word' id='word_1_198' title='bbox 1383 3549 1479 3614; x_wconf 87' lang='lat' dir='ltr'>Iuvat</span> 
     </span>
     <span class='ocr_line' id='line_1_28' title="bbox 302 3671 1478 3757; baseline 0.002 -21"><span class='ocrx_word' id='word_1_199' title='bbox 302 3673 437 3757; x_wconf 92' lang='lat' dir='ltr'>proinde</span> <span class='ocrx_word' id='word_1_200' title='bbox 460 3672 588 3737; x_wconf 82' lang='lat' dir='ltr'>referre</span> <span class='ocrx_word' id='word_1_201' title='bbox 611 3672 712 3735; x_wconf 89' lang='lat' dir='ltr'>latine</span> <span class='ocrx_word' id='word_1_202' title='bbox 726 3671 878 3738; x_wconf 79' lang='lat' dir='ltr'>redditos</span> <span class='ocrx_word' id='word_1_203' title='bbox 894 3673 1058 3744; x_wconf 86' lang='lat' dir='ltr'>articulos,</span> <span class='ocrx_word' id='word_1_204' title='bbox 1075 3673 1129 3755; x_wconf 87' lang='lat' dir='ltr'>qui</span> <span class='ocrx_word' id='word_1_205' title='bbox 1148 3673 1212 3736; x_wconf 93' lang='lat' dir='ltr'>huc</span> <span class='ocrx_word' id='word_1_206' title='bbox 1227 3677 1383 3757; x_wconf 83' lang='lat' dir='ltr'>spectant.</span> <span class='ocrx_word' id='word_1_207' title='bbox 1403 3708 1420 3720; x_wconf 90' lang='lat'><strong>·</strong></span> <span class='ocrx_word' id='word_1_208' title='bbox 1441 3675 1478 3738; x_wconf 94' lang='lat' dir='ltr'>In</span> 
     </span>
     <span class='ocr_line' id='line_1_29' title="bbox 302 3793 1479 3862; baseline -0.001 -1"><span class='ocrx_word' id='word_1_209' title='bbox 302 3800 354 3861; x_wconf 88' lang='lat' dir='ltr'>cit.</span> <span class='ocrx_word' id='word_1_210' title='bbox 373 3797 510 3861; x_wconf 89' lang='lat' dir='ltr'>Decreto</span> <span class='ocrx_word' id='word_1_211' title='bbox 534 3795 602 3861; x_wconf 82' lang='lat' dir='ltr'>diei</span> <span class='ocrx_word' id='word_1_212' title='bbox 617 3795 641 3861; x_wconf 84' lang='lat'><em>5</em></span> <span class='ocrx_word' id='word_1_213' title='bbox 657 3793 743 3860; x_wconf 82' lang='lat' dir='ltr'>Noc.</span> <span class='ocrx_word' id='word_1_214' title='bbox 758 3795 843 3860; x_wconf 77' lang='lat'><em>1831</em></span> <span class='ocrx_word' id='word_1_215' title='bbox 861 3802 921 3859; x_wconf 86' lang='lat' dir='ltr'>art.</span> <span class='ocrx_word' id='word_1_216' title='bbox 939 3799 959 3859; x_wconf 85' lang='lat'>4</span> <span class='ocrx_word' id='word_1_217' title='bbox 976 3796 1127 3859; x_wconf 83' lang='lat' dir='ltr'>statuitur</span> <span class='ocrx_word' id='word_1_218' title='bbox 1146 3815 1164 3856; x_wconf 76' lang='lat' dir='ltr'>r</span> <span class='ocrx_word' id='word_1_219' title='bbox 1187 3795 1352 3862; x_wconf 81' lang='lat' dir='ltr'>Tribonol</span> <span class='ocrx_word' id='word_1_220' title='bbox 1368 3795 1479 3862; x_wconf 85' lang='lat' dir='ltr'>Eccle-</span> 
     </span>
     <span class='ocr_line' id='line_1_30' title="bbox 299 3919 1477 4004; baseline -0.001 -17"><span class='ocrx_word' id='word_1_221' title='bbox 299 3923 474 3988; x_wconf 83' lang='lat' dir='ltr'>siasticum</span> <span class='ocrx_word' id='word_1_222' title='bbox 495 3921 737 4004; x_wconf 78' lang='lat' dir='ltr'>cuiuscumque</span> <span class='ocrx_word' id='word_1_223' title='bbox 759 3920 920 3986; x_wconf 81' lang='lat' dir='ltr'>dioecesis</span> <span class='ocrx_word' id='word_1_224' title='bbox 948 3925 1077 3986; x_wconf 74' lang='lat' dir='ltr'>coortat</span> <span class='ocrx_word' id='word_1_225' title='bbox 1108 3939 1126 3985; x_wconf 88' lang='lat' dir='ltr'>e</span> <span class='ocrx_word' id='word_1_226' title='bbox 1155 3919 1267 3984; x_wconf 80' lang='lat' dir='ltr'>iudice</span> <span class='ocrx_word' id='word_1_227' title='bbox 1298 3919 1477 3986; x_wconf 78' lang='lat' dir='ltr'>ordinario</span> 
     </span>
     <span class='ocr_line' id='line_1_31' title="bbox 300 4043 1477 4128; baseline -0.003 -17"><span class='ocrx_word' id='word_1_228' title='bbox 300 4065 363 4112; x_wconf 83' lang='lat' dir='ltr'>nec</span> <span class='ocrx_word' id='word_1_229' title='bbox 384 4065 455 4112; x_wconf 77' lang='lat' dir='ltr'>ooo</span> <span class='ocrx_word' id='word_1_230' title='bbox 471 4065 488 4110; x_wconf 90' lang='lat' dir='ltr'>e</span> <span class='ocrx_word' id='word_1_231' title='bbox 503 4049 653 4128; x_wconf 81' lang='lat' dir='ltr'>quotuor</span> <span class='ocrx_word' id='word_1_232' title='bbox 667 4043 837 4110; x_wconf 75' lang='lat' dir='ltr'>iudicibus</span> <span class='ocrx_word' id='word_1_233' title='bbox 852 4044 895 4110; x_wconf 86' lang='lat' dir='ltr'>ob</span> <span class='ocrx_word' id='word_1_234' title='bbox 911 4043 1028 4110; x_wconf 83' lang='lat' dir='ltr'>eodem</span> <span class='ocrx_word' id='word_1_235' title='bbox 1044 4044 1180 4110; x_wconf 84' lang='lat' dir='ltr'>delectis</span> <span class='ocrx_word' id='word_1_236' title='bbox 1196 4065 1224 4106; x_wconf 80' lang='grc'>».</span> <span class='ocrx_word' id='word_1_237' title='bbox 1244 4044 1346 4108; x_wconf 81' lang='lat' dir='ltr'>ludex</span> <span class='ocrx_word' id='word_1_238' title='bbox 1369 4049 1477 4108; x_wconf 87' lang='lat' dir='ltr'>autem</span> 
     </span>
    </p>
   </div>
   <div class='ocr_carea' id='block_1_5' title="bbox 299 4155 1598 4253">
    <p class='ocr_par' dir='ltr' id='par_1_8' title="bbox 299 4155 1598 4253">
     <span class='ocr_line' id='line_1_32' title="bbox 299 4155 1598 4253; baseline -0.002 -18"><span class='ocrx_word' id='word_1_239' title='bbox 299 4171 484 4235; x_wconf 85' lang='lat' dir='ltr'>ordinarius</span> <span class='ocrx_word' id='word_1_240' title='bbox 508 4175 557 4236; x_wconf 88' lang='lat' dir='ltr'>est</span> <span class='ocrx_word' id='word_1_241' title='bbox 581 4171 650 4253; x_wconf 90' lang='lat' dir='ltr'>ipse</span> <span class='ocrx_word' id='word_1_242' title='bbox 675 4169 853 4253; x_wconf 87' lang='lat' dir='ltr'>Episcopus</span> <span class='ocrx_word' id='word_1_243' title='bbox 877 4175 933 4233; x_wconf 86' lang='lat' dir='ltr'>aut</span> <span class='ocrx_word' id='word_1_244' title='bbox 956 4169 1109 4234; x_wconf 89' lang='lat' dir='ltr'>Vicarius</span> <span class='ocrx_word' id='word_1_245' title='bbox 1139 4168 1308 4234; x_wconf 85' lang='lat' dir='ltr'>Generalis</span> <span class='ocrx_word' id='word_1_246' title='bbox 1340 4173 1372 4232; x_wconf 89' lang='lat' dir='ltr'>et</span> <span class='ocrx_word' id='word_1_247' title='bbox 1402 4171 1478 4252; x_wconf 90' lang='lat' dir='ltr'>quia</span> <span class='ocrx_word' id='word_1_248' title='bbox 1593 4155 1598 4165; x_wconf 52' lang='lat'>⁸</span> 
     </span>
    </p>
   </div>
   <div class='ocr_carea' id='block_1_6' title="bbox 300 4293 1477 4504">
    <p class='ocr_par' dir='ltr' id='par_1_9' title="bbox 300 4293 1477 4504">
     <span class='ocr_line' id='line_1_33' title="bbox 300 4293 1476 4368; baseline -0.001 -9"><span class='ocrx_word' id='word_1_249' title='bbox 300 4297 354 4359; x_wconf 88' lang='lat' dir='ltr'>alii</span> <span class='ocrx_word' id='word_1_250' title='bbox 379 4294 499 4360; x_wconf 90' lang='lat' dir='ltr'>iudices</span> <span class='ocrx_word' id='word_1_251' title='bbox 521 4295 717 4360; x_wconf 87' lang='lat' dir='ltr'>adhibentur</span> <span class='ocrx_word' id='word_1_252' title='bbox 740 4295 841 4359; x_wconf 87' lang='lat' dir='ltr'>veluti</span> <span class='ocrx_word' id='word_1_253' title='bbox 865 4313 1054 4368; x_wconf 85' lang='lat' dir='ltr'>assessores,</span> <span class='ocrx_word' id='word_1_254' title='bbox 1080 4293 1135 4358; x_wconf 90' lang='lat' dir='ltr'>sed</span> <span class='ocrx_word' id='word_1_255' title='bbox 1159 4314 1231 4359; x_wconf 92' lang='lat' dir='ltr'>cum</span> <span class='ocrx_word' id='word_1_256' title='bbox 1256 4299 1331 4358; x_wconf 90' lang='lat' dir='ltr'>voto</span> <span class='ocrx_word' id='word_1_257' title='bbox 1354 4293 1476 4359; x_wconf 85' lang='lat' dir='ltr'>delibe-</span> 
     </span>
     <span class='ocr_line' id='line_1_34' title="bbox 300 4419 1477 4504; baseline -0.001 -19"><span class='ocrx_word' id='word_1_258' title='bbox 300 4422 416 4490; x_wconf 90' lang='lat' dir='ltr'>rativo,</span> <span class='ocrx_word' id='word_1_259' title='bbox 447 4419 589 4484; x_wconf 88' lang='lat' dir='ltr'>tribunal</span> <span class='ocrx_word' id='word_1_260' title='bbox 619 4419 693 4485; x_wconf 90' lang='lat' dir='ltr'>inde</span> <span class='ocrx_word' id='word_1_261' title='bbox 728 4421 946 4492; x_wconf 90' lang='lat' dir='ltr'>constitutum,</span> <span class='ocrx_word' id='word_1_262' title='bbox 980 4422 1025 4485; x_wconf 92' lang='lat' dir='ltr'>uti</span> <span class='ocrx_word' id='word_1_263' title='bbox 1054 4439 1152 4504; x_wconf 87' lang='lat' dir='ltr'>supra</span> <span class='ocrx_word' id='word_1_264' title='bbox 1181 4420 1353 4491; x_wconf 86' lang='lat' dir='ltr'>innuimus,</span> <span class='ocrx_word' id='word_1_265' title='bbox 1386 4427 1477 4484; x_wconf 89' lang='lat' dir='ltr'>recte</span> 
     </span>
    </p>
   </div>
   <div class='ocr_carea' id='block_1_7' title="bbox 0 0 1680 5100">
    <p class='ocr_par' dir='ltr' id='par_1_10' title="bbox 0 0 1680 5100">
     <span class='ocr_line' id='line_1_35' title="bbox 0 0 1680 5100; baseline 0 0"><span class='ocrx_word' id='word_1_266' title='bbox 0 0 1680 5100; x_wconf 95' lang='lat' dir='ltr'> </span> 
     </span>
    </p>
   </div>
  </div>
 </body>
</html>
