3350 5100
309 284 376 351 624
761 302 969 352 nuuaearou
992 302 1040 350 vr.

343 548 505 599 FORMULA
530 549 668 599 clinum
697 551 832 606 tostus,
858 549 921 597 IAM
944 550 1064 599 eltuto
1087 550 1131 597 m·
1155 548 1361 597 CONSTITUTO
1384 548 1460 595 utto.

472 723 559 775 (Potest
574 734 622 767 eras
637 725 718 767 eodem
733 736 762 769 oc
772 725 921 779 praecedens
934 734 1013 778 oeque
1028 725 1061 767 ad
1074 726 1149 767 certo
1161 722 1259 765 iuraturi
1271 734 1334 767 aa...

608 822 656 866 pro
670 814 758 867 quitus
771 814 893 858 arritum·
906 815 952 858 noa
965 818 1009 857 ost
1020 812 1192 866 aetnaeos).

398 971 518 1027 iuraturi
532 988 564 1027 ac
583 972 736 1043 deposituri
755 971 813 1045 (vel
827 972 851 1027 si
864 970 920 1026 iain
933 973 1121 1043 deposuerint,
1139 988 1274 1044 suamque
1292 972 1495 1042 depositionem

308 1078 470 1149 repetitura)
490 1078 518 1131 in
537 1094 622 1133 carisa
635 1074 788 1146 criminati,
806 1096 879 1151 quae
903 1079 976 1150 apud
998 1079 1102 1135 dictam
1125 1080 1233 1135 curiam
1257 1080 1378 1135 vertitur
1395 1084 1497 1133 contra

309 1182 449 1237 Andream
470 1182 502 1237 N.
523 1188 605 1254 prout
623 1182 653 1237 in
672 1184 751 1238 actis.
777 1183 813 1238 Et
838 1184 1002 1239 mandamns
1026 1183 1133 1239 Nuntio
1157 1189 1254 1239 nostw
1278 1184 1391 1255 publico
1409 1184 1442 1238 N.
1461 1188 1496 1239 at

309 1290 413 1343 dictam
432 1290 595 1345 citationem
609 1288 729 1359 singulis
740 1306 825 1359 supra
836 1290 990 1345 nominatis
1003 1289 1123 1346 testibus
1135 1290 1322 1361 personaliter
1339 1290 1495 1347 denuntiet

310 1398 412 1452 Datum
432 1403 486 1454 etc.

310 1632 470 1681 totatuta
493 1632 692 1685 GI‘I'ATIONIS.
710 1630 798 1687 Quat
816 1631 967 1681 culpator
991 1630 1179 1680 Montrottto
1194 1630 1433 1687 ABQUIVALEAT
1448 1633 1497 1681 ΔΙ)

400 1755 578 1803 EFFEGTUM
594 1756 727 1807 TESTEM
745 1756 911 1803 PUNIENDI
928 1757 971 1805 UT
988 1756 1229 1811 GOMUMAGEM,
1243 1756 1273 1803 st
1289 1756 1497 1806 coturnum

401 1878 562 1927 Rectam.

400 2053 458 2108 Noa
477 2052 606 2107 Vioarius
624 2052 807 2108 Generalis...
827 2050 869 2123 (et
887 2051 996 2124 reliqua
1010 2054 1086 2108 utin
1104 2054 1240 2124 superiori
1259 2053 1388 2120 formula,
1407 2069 1497 2124 usque

311 2169 345 2226 ad
364 2185 447 2224 voces
463 2172 540 2239 opud
558 2170 662 2224 dictam
681 2171 791 2224 curiam
809 2180 944 2236 verteme,
963 2171 1065 2243 quibus
1083 2171 1221 2241 addatur).
1240 2170 1375 2226 Volumus
1398 2173 1497 2227 autem

311 2281 343 2331 ut
354 2275 438 2330 huius
451 2280 562 2331 nostrae
575 2276 718 2330 citationis
731 2276 846 2331 libellus
858 2277 914 2331 vim
928 2278 1055 2332 canonici
1073 2278 1217 2332 monitorii
1230 2278 1366 2343 obtineat,
1378 2276 1497 2347 proinde

310 2384 462 2437 nominatis
480 2383 600 2437 testibus
619 2382 793 2452 assignamus
811 2400 860 2438 sex
880 2383 947 2450 dies,
966 2400 1084 2455 quorum
1103 2384 1171 2440 duce
1188 2400 1239 2454 pro
1251 2384 1350 2455 primo,
1362 2384 1430 2439 duos
1442 2399 1498 2453 pro

310 2490 431 2547 secundo
449 2493 478 2545 et
496 2489 565 2543 duos
583 2506 634 2560 pro
652 2490 737 2544 tertio
750 2494 779 2545 et
797 2491 987 2561 peremptorio
1006 2491 1126 2545 termino
1143 2491 1332 2557 statuimus,a
1350 2490 1395 2543 die
1414 2506 1498 2560 prae·

311 2599 478 2655 tentationis
495 2599 685 2668 praesentium
704 2599 772 2668 ipsis
783 2598 970 2669 personaliter
988 2601 1081 2654 factae
1100 2599 1313 2669 computandos3
1330 2597 1406 2652 intra
1424 2613 1496 2668 quos

311 2707 334 2760 si
353 2706 444 2777 (nulla
461 2705 590 2774 legitima
608 2722 693 2759 cauea
707 2704 877 2776 praepediti)
889 2722 945 2760 uon
958 2707 1166 2776 comparuerint
1183 2722 1277 2761 coram
1296 2704 1392 2771 Nobis,
1410 2719 1498 2760 nore-

312 2814 369 2868 riut
392 2812 450 2866 Nos
475 2816 572 2866 contra
596 2812 671 2881 ipsos
691 2815 722 2866 ut
743 2815 930 2878 contumaces,
954 2811 989 2865 ad
1012 2813 1130 2866 sormam
1154 2811 1233 2877 iuris,
1257 2809 1336 2866 uuila
1359 2783 1495 2866 ulteriore

311 2920 447 2975 citatione
465 2917 587 2989 praevia,
607 2933 667 2974 esse
687 2934 873 2988 processuros.
892 2918 1032 2973 Datum...

1059 3043 1120 3112 Ego
1138 3043 1171 3096 N.
1191 3042 1321 3096 vicarius
1339 3041 1496 3097 Generalis.

1061 3148 1122 3217 Ego
1140 3148 1174 3201 N.
1193 3148 1352 3202 Actuarius.

312 3383 471 3431 Fortunae
502 3382 723 3430 LITTERARUM
754 3381 1045 3430 Ronlssomntlunt
1077 3382 1142 3430 PRO
1171 3381 1330 3430 HABENDA
1362 3382 1497 3432 Durost-

402 3505 502 3554 TIONE
526 3507 641 3553 TESTIS
666 3507 701 3552 IN
724 3507 851 3554 ALIENA
874 3505 1027 3554 Dloecttst
1052 3507 1300 3580 GOMMORdNTlS.

552 3661 667 3714 (Possunt
682 3663 754 3708 soriti
769 3667 791 3706 et
804 3661 827 3703 iu
841 3660 902 3704 astte
915 3660 1004 3714 referri
1016 3663 1044 3706 tn
1057 3662 1122 3704 tunc
1135 3660 1250 3714 modum).

402 3837 611 3912 Consequenter
639 3839 816 3895 Revereudue
841 3839 874 3893 Ν.
900 3839 1029 3894 Vicarius
1056 3839 1214 3905 Generalis,
1238 3856 1301 3893 cum
1326 3837 1499 3897 advertisset

313 3947 499 4003 necesarium
519 3963 578 4001 esse
600 3947 754 4002 examinari
774 3951 805 4001 ut
823 3951 926 4002 testem
950 3947 1091 4002 dominnm
1111 3945 1154 4010 N..
1173 3951 1202 4000 et
1220 3961 1276 4000 non
1294 3950 1387 4014 posset
1405 3944 1498 4014 ipsius

313 4055 501 4125 praesentiam
526 4053 642 4120 habere,
667 4071 730 4108 cnm
754 4059 942 4110 commoretur
965 4056 995 4110 ia
1019 4055 1140 4111 dioecesi
1165 4053 1212 4119 N.‚
1235 4053 1359 4109 decrevit
1382 4051 1498 4108 titteras

314 4162 547 4218 commissoriales
574 4163 639 4218 dare
666 4163 700 4216 ad
729 4162 796 4218 Rev.
823 4162 856 4215 N.
882 4161 943 4216 Vic.
968 4162 1133 4218 Generalem
1158 4165 1188 4216 et
1211 4159 1388 4215 Ordinarium
1414 4158 1496 4214 illius

285 4312 290 4320 .
314 4267 448 4324 dioecesis
466 4268 594 4324 iudicem.
614 4267 766 4338 Expeditae
778 4267 868 4338 igitur
879 4267 914 4322 ad
926 4266 1006 4322 illum
1025 4269 1103 4323 fuere
1122 4267 1236 4324 litterae
1254 4269 1397 4340 sequentis
1414 4271 1497 4324 teno-

314 4376 362 4444 ris,
379 4374 526 4431 videlicet:
