3350 5100
335 298 404 365 270
855 314 938 363 raus
965 314 1002 361 11.

333 444 504 503 accusatus
518 457 554 502 se
569 434 748 502 detondere
770 436 870 502 valet.
884 438 1076 503 contestatio
1093 434 1127 501 fit
1143 437 1388 520 intempestiva,
1406 436 1518 504 habita

336 566 462 629 ratione
490 562 623 631 termini
646 582 669 627 a
695 581 773 646 quo.
799 596 818 611 ·
844 563 1015 627 Terminus
1038 563 1085 627 ad
1112 581 1214 647 quem
1244 562 1393 628 extendit
1423 583 1516 628 suum
1631 530 1633 577 f

334 687 487 755 effectum
510 687 711 758 contestatio,
726 693 777 751 est
798 688 957 751 terminus
977 686 1200 769 probatorius
1221 707 1279 752 seu
1304 686 1418 751 dilatio
1444 706 1518 753 con·

333 834 427 883 cessa
448 819 601 880 assumto
622 812 664 877 ad
687 810 888 877 exhibendas
919 812 1125 897 probationes
1157 824 1190 878 et
1219 812 1519 880 animadversiones
1633 838 1634 901 j

335 941 369 1004 in
391 940 442 1004 sui
464 936 695 1005 defensionem.
720 937 827 1001 Etiam
850 942 973 1002 attemo
997 937 1060 1002 hoe
1083 938 1223 1003 termino
1246 937 1293 1002 ad
1315 956 1431 1022 quem,
1445 956 1519 1003 cou-

337 1065 468 1131 testatio
491 1061 588 1128 debet
610 1082 682 1127 esse
706 1062 913 1145 tunpestiaa.

424 1188 500 1254 201.
518 1186 716 1253 contestatio
738 1186 813 1267 litis,
830 1188 949 1271 quippe
971 1188 1116 1253 continet
1138 1193 1245 1252 actum
1261 1187 1412 1253 formalis
1427 1206 1521 1252 accu-

333 1315 485 1387 sationis.
510 1332 575 1378 nou
597 1318 647 1378 cst
677 1311 859 1377 inducenda
888 1313 951 1375 nisi
981 1330 1077 1395 quum
1110 1310 1316 1396 probationes
1346 1318 1521 1397 suppetant

333 1458 454 1525 graves
475 1438 516 1504 de
539 1437 658 1503 delicto
681 1442 715 1503 ot
737 1436 778 1501 de
800 1439 870 1501 eius
893 1442 1037 1503 auctore.
1056 1434 1162 1501 Porro
1179 1438 1213 1501 in
1228 1456 1432 1521 quacumque
1448 1458 1518 1524 pro

333 1564 470 1630 cedendi
493 1565 620 1629 ratione
644 1563 869 1654 expostulatur
893 1562 975 1627 haec
990 1562 1099 1627 delicti
1117 1564 1238 1636 notitia,
1255 1564 1392 1649 praevia
1407 1570 1520 1628 conte·

334 1690 474 1755 statioui.
500 1688 581 1753 Inde
611 1690 645 1752 in
669 1706 824 1772 processu
846 1688 1061 1768 accusatoria,
1087 1706 1128 1752 ne
1154 1694 1277 1753 temere
1308 1694 1521 1753 accusatores

336 1817 507 1881 instituant
532 1812 694 1886 iudicium,
719 1814 771 1878 isti
798 1832 834 1877 se
863 1812 1052 1879 inscribunt
1083 1812 1193 1877 libello
1224 1814 1429 1879 accusatorio
1461 1812 1520 1878 sub

334 1939 520 2005 conditione
542 1958 668 2023 poenae
688 1938 857 2021 reciproci
880 1958 937 2003 seu
961 1937 1106 2013 talionis,
1131 1940 1176 2003 uti
1209 1938 1456 2023 explicavimus.
1482 1940 1521 2003 lu

336 2082 491 2150 processu
514 2068 623 2127 autem
638 2062 795 2144 velpure
814 2061 1009 2147 inquiutiao
1029 2061 1082 2125 vel
1105 2062 1224 2134 miato,
1249 2063 1521 2128 contestationem

335 2186 502 2253 antecedit
515 2186 690 2271 inquisitio
701 2186 851 2252 ordinata
863 2186 903 2251 ad
916 2184 1150 2270 comparandas
1165 2185 1390 2270 probationes;
1403 2184 1520 2270 quibus
1636 2196 1637 2199 ’

336 2300 486 2399 repertis,
499 2310 664 2377 inducitur
686 2311 760 2376 dein
782 2312 850 2376 litis
874 2312 1074 2385 contestatio,
1091 2311 1204 2377 iisdem
1230 2310 1522 2398 innixaprobatio·

335 2436 440 2503 nibus.
459 2472 474 2485 ·
494 2437 620 2502 Verum
643 2436 764 2503 naalia
786 2435 899 2502 delicti
930 2436 1138 2521 praeambula
1168 2436 1401 2505 contestationi
1431 2456 1521 2503 com·

335 2562 509 2649 prehendit
527 2568 594 2628 tum
613 2561 783 2634 delictum.
807 2567 875 2627 tum
900 2561 1006 2627 delicti
1024 2567 1220 2646 auctorem
1243 2565 1318 2647 quia
1341 2565 1520 2628 sitantum
1637 2607 1638 2620 .

334 2691 462 2752 constat
476 2685 637 2752 delictum
651 2703 708 2750 seu
721 2703 847 2766 corpus
861 2683 983 2756 delicti,
997 2683 1053 2750 sed
1069 2684 1148 2751 latet
1160 2691 1291 2760 auctu,
1307 2685 1521 2751 instauranda

334 2818 385 2876 est
406 2811 571 2895 inquisitio
594 2809 850 2892 specialissima,
875 2807 931 2873 sed
956 2829 1020 2873 non
1044 2815 1092 2874 est
1115 2810 1206 2876 locus
1229 2811 1475 2877 contestationi.

425 2935 464 3000 ln
488 2954 524 3000 re
547 2933 677 3018 poenali
700 2932 840 2998 celebris
868 2939 917 2998 est
932 2931 1029 2998 dictio
1046 2967 1065 2982 -
1083 2953 1208 3016 corpus
1231 2935 1344 3000 delicti
1358 2969 1374 2982 -
1392 2931 1519 3020 signid-

334 3079 414 3125 cans
426 3059 629 3143 complexum
641 3057 866 3142 probationum
878 3078 961 3143 quae
974 3060 1128 3126 evincunt
1138 3058 1269 3140 factum
1282 3059 1517 3126 criminosum.

336 3184 496 3248 Incitato
523 3180 602 3248 eod.
630 3181 844 3268 Greqoriano
868 3181 947 3248 libri
970 3182 1028 3248 Ill
1052 3183 1169 3248 titulus
1192 3183 1213 3248 l
1233 3181 1437 3250 inscribitur:
1469 3183 1520 3249 De

333 3323 480 3388 corpore
502 3305 614 3371 delicti
630 3339 649 3354 ·
667 3311 700 3370 et
715 3307 750 3370 in
772 3311 837 3370 art.
865 3305 931 3370 167
955 3308 999 3370 ita
1022 3304 1164 3371 traditur
1187 3307 1256 3371 eius
1271 3306 1375 3371 notio:
1394 3326 1412 3368 s
1429 3305 1517 3373 Pro·

333 3429 424 3498 balio
448 3429 490 3496 de
514 3429 694 3496 emittentia
716 3430 898 3496 cuiusdam
923 3429 1007 3512 sacti
1030 3431 1168 3515 quoda
1192 3431 1264 3517 teqe
1286 3431 1428 3514 poenali
1446 3449 1518 3514 pu·

334 3553 431 3621 nitur
443 3553 481 3619 in
496 3553 569 3620 aus
583 3558 724 3620 auctore
739 3559 771 3619 et
785 3553 823 3619 in
839 3554 981 3636 connais,
998 3554 1170 3620 constituit
1185 3571 1312 3620 consus
1332 3571 1470 3619 uersari
1486 3574 1516 3616 s.

334 3677 411 3742 Art.
429 3675 516 3742 168.-
534 3697 553 3736 ‹
570 3677 613 3742 ln
629 3675 758 3742 delictis
781 3695 880 3742 rscr1
904 3693 1144 3742 recusaturus
1155 3675 1315 3759 probatio
1339 3676 1518 3761 confiditur

333 3821 380 3869 eu
403 3801 537 3869 oculari
551 3801 759 3885 inspectione
781 3807 814 3867 et
835 3801 866 3867 si
889 3819 975 3885 opus
989 3802 1041 3875 sit,
1058 3801 1161 3866 etiarn
1177 3819 1222 3867 eu
1236 3801 1403 3887 suffraqio
1424 3801 1516 3884 peri·

270 3944 272 3947 ·
334 3933 458 3995 torum.
475 3928 519 3993 ln
541 3926 672 3994 delictis
686 3945 784 3993 suom
801 3945 1032 3994 rnaussourrs
1048 3933 1151 4013 atque
1172 3929 1211 3993 in
1232 3927 1302 3994 illis
1323 3945 1421 3993 racrr
1437 3946 1515 3993 rsu-

335 4071 518 4135 mansuris,
541 4052 700 4136 probatio
727 4053 907 4136 suppletur
930 4071 996 4136 per
1019 4058 1114 4119 testes
1137 4051 1448 4137 aequipollentes».

423 4179 591 4244 Distinotio
615 4197 698 4261 quae
720 4178 811 4244 hisce
834 4179 980 4243 articulis
1002 4179 1150 4244 innuitur
1172 4177 1259 4242 inter
1278 4178 1365 4242 facta
1377 4193 1514 4259 panna·

331 4302 450 4370 nentia
472 4307 505 4367 et
527 4304 741 4369 transeuntia
763 4302 861 4368 facile
888 4303 1091 4390 intelligitur.
1116 4303 1333 4368 Nihilominus
1359 4305 1512 4387 praestat,

333 4427 375 4494 ad
398 4447 477 4502 rem,
502 4429 650 4494 recolere
673 4448 756 4513 quae
778 4429 878 4496 tradit
903 4428 1081 4514 Pellegrini
1104 4429 1137 4492 in
1161 4429 1288 4514 praxim
1314 4428 1378 4494 fori
1393 4427 1510 4493 eccles.
