3350 5100
844 299 928 371 enas
952 299 987 346 11.

419 419 480 473 239.
501 420 540 474 De
559 420 765 489 legitimatione
789 436 935 489 processus
953 437 1001 475 seu
1021 420 1056 483 de
1075 420 1245 490 repetitione
1268 420 1381 474 testium
1402 419 1434 473 in
1454 434 1514 488 pro-

419 542 498 579 cessu
516 525 613 580 mixto.
630 554 668 567 -
686 526 747 579 240.
769 528 815 581 An
837 526 969 595 repetitio
993 526 1107 581 testium
1133 526 1171 580 sit
1194 525 1228 579 ad
1254 526 1455 580 substantiam.
1480 552 1514 567 -

419 633 480 685 241.
499 632 591 695 Quare
604 636 791 704 confrontauo
811 638 907 688 teneat
925 633 1017 687 locum
1036 634 1219 704 repetitionis.
1241 634 1284 686 An
1305 632 1461 704 aliqnando
1479 633 1516 685 sit

419 736 584 790 necessaria
603 764 638 777 -
660 736 721 791 242.
743 736 859 797 Quando
883 740 912 791 et
936 736 1074 807 quomodo
1092 737 1121 791 in
1141 753 1271 807 processu
1291 736 1361 791 haec
1380 738 1463 789 fiant.
1482 762 1515 775 -

418 843 479 898 243.
500 844 539 899 De
555 847 675 915 repulsa
693 846 809 900 testium
827 863 876 899 seu
890 846 923 900 de
943 845 1155 917 exceptionibus
1173 848 1203 901 in
1221 851 1318 901 testes.

419 1042 496 1108 231.
521 1043 666 1127 Agentes
689 1042 729 1109 de
753 1042 889 1111 tectibus
905 1048 936 1110 et
950 1043 1218 1111 attestationibus
1233 1045 1266 1108 in
1282 1043 1359 1109 Vol.
1383 1044 1410 1117 Ι,
1437 1041 1516 1107 fassi

330 1188 440 1233 sumus
464 1165 508 1251 (n.
533 1167 610 1254 467)
635 1186 693 1233 nos
722 1173 801 1234 tunc
822 1168 1052 1236 tractationem
1077 1168 1231 1264 evolrere
1255 1166 1294 1233 de
1317 1166 1458 1233 testibus
1484 1166 1516 1231 in

260 1284 263 1289 ’
331 1294 473 1381 nepotiie
497 1293 658 1361 ciuilibus.
687 1293 905 1369 Quamobrem
929 1293 1108 1367 rideretur,
1132 1294 1164 1358 in
1188 1295 1452 1379 praesentiarum
1475 1310 1518 1356 ex

332 1423 460 1507 integro
493 1420 718 1506 explicandam
753 1440 825 1487 esse
863 1422 1053 1486 canonicam
1088 1418 1268 1487 doctrinam
1300 1420 1343 1486 de
1373 1416 1516 1486 testibus

331 1546 363 1610 in
388 1563 426 1610 re
446 1545 626 1628 poenali·
643 1544 769 1610 Verum
784 1545 911 1610 adverti
932 1543 1036 1629 debet,
1065 1545 1196 1631 regulas
1219 1545 1300 1609 iuris
1324 1544 1457 1628 positivi
1474 1542 1516 1608 de

332 1668 467 1736 testatus
490 1668 689 1735 considerari
713 1668 772 1735 sub
795 1669 914 1754 duplici
938 1672 1080 1754 aspectu,
1104 1670 1256 1735 nimirum
1280 1668 1393 1753 quaeri
1423 1668 1456 1755 1)
1478 1666 1517 1731 de

332 1792 467 1859 testibus
485 1792 688 1859 admittendis
703 1793 756 1859 vel
773 1812 838 1858 non
855 1798 888 1858 et
903 1792 942 1859 de
959 1793 1072 1859 valore
1086 1794 1336 1866 attestationum,
1354 1791 1389 1878 2)
1406 1791 1449 1859 de
1470 1811 1517 1857 re·

332 1919 420 1983 tione
435 1917 634 2002 processnali
657 1916 845 2007 admittendi
861 1921 970 1983 testes.
983 1952 1027 1966 -
1050 1918 1173 1983 Prima
1196 1917 1341 2002 quaestio
1357 1934 1392 1983 ee
1410 1916 1517 1981 refert

333 2040 373 2107 ad
386 2040 666 2107 determinandum
678 2034 823 2107 valorem
836 2040 1036 2128 probationis
1043 2032 1110 2125 pen
1123 2047 1219 2107 testes
1227 2060 1269 2106 ex
1277 2042 1349 2107 iure
1357 2042 1515 2127 positiv0;

332 2165 483 2233 acuendo
498 2169 604 2231 autem
628 2165 669 2230 ad
692 2164 948 2231 constituendam
973 2186 1118 2232 normam
1142 2164 1338 2251 procedendi
1352 2166 1387 2230 iu
1403 2164 1516 2231 admit·

333 2290 439 2356 tendis
461 2297 509 2357 et*
517 2290 741 2356 examinandis
764 2290 908 2357 testibus.

422 2413 534 2489 Quoad
550 2414 706 2497 primum
721 2433 786 2478 uon
810 2413 927 2479 adsunt
950 2416 983 2478 iu
1008 2414 1080 2479 inre
1099 2414 1235 2499 positivo
1259 2432 1330 2477 can.
1355 2412 1516 2497 praescri·

333 2539 458 2624 ptiones
473 2539 639 2624 appositae
651 2537 864 2624 respicientes
875 2541 998 2602 tantum
1012 2536 1156 2602 valorem
1170 2535 1515 2623 p1obationishabitee

313 2686 315 2689 ·
334 2686 394 2753 per
416 2669 516 2731 testes
545 2665 583 2730 in
612 2663 848 2730 criminalibus
854 2685 869 2747 ;
891 2662 958 2745 sed,
982 2665 1015 2728 in
1039 2683 1172 2749 genere,
1200 2682 1283 2747 quae
1306 2661 1413 2728 edicta
1441 2665 1515 2727 sunt

334 2788 374 2855 de
396 2788 460 2854 hac
482 2787 672 2874 probatione
695 2787 862 2873 pertinent
883 2792 950 2852 tum
974 2786 1016 2852 ad
1038 2785 1102 2852 iud.
1120 2785 1232 2854 civilio
1248 2790 1315 2851 tum
1339 2783 1380 2850 ad
1399 2785 1515 2852 crimi-

334 2914 442 2989 natia;
466 2911 674 2996 quamobrem
698 2931 780 2996 quae
810 2911 1045 2997 explicavimus
1069 2911 1143 2977 Vol.
1170 2912 1183 2975 l
1217 2911 1277 2976 too.
1309 2911 1363 2976 cit.
1401 2910 1513 2974 valent

280 3021 284 3026 ⁷
333 3055 436 3121 aeque
454 3055 514 3121 pro
537 3034 661 3101 iudiciis
684 3033 930 3108 criminalibus,
948 3033 1004 3100 sed
1028 3036 1062 3099 in
1085 3035 1301 3120 applicatione
1319 3033 1438 3099 harum
1463 3053 1514 3098 re-

334 3161 483 3249 gularum
505 3160 625 3245 aliquid
648 3159 815 3247 singulare
839 3158 993 3244 estquod
1016 3179 1113 3225 num.
1136 3158 1390 3244 insequentibus
1412 3158 1514 3244 expli·

335 3285 488 3352 cabimns.

424 3406 535 3482 Quoad
559 3395 705 3472 arenam
728 3407 959 3490 quaestionem,
983 3425 1099 3492 nempe
1122 3405 1264 3472 nwdum
1290 3403 1511 3489 procedendi

334 3553 389 3600 res
411 3534 541 3598 omnino
564 3531 695 3597 diversa
718 3533 816 3597 estin
832 3532 1068 3599 criminalibus
1085 3536 1117 3596 et
1137 3529 1321 3617 expostulat
1340 3531 1513 3618 specialem

334 3659 560 3724 tractationem
584 3676 678 3741 quam
703 3657 790 3722 inira
812 3677 956 3743 agemus.

424 3778 500 3846 232.
525 3781 567 3845 Et
581 3781 614 3844 in
631 3781 744 3866 primis
759 3779 1022 3846 satisfaciendum
1039 3785 1089 3847 est
1104 3779 1283 3864 quaestioni
1302 3783 1398 3844 antea
1413 3797 1514 3844 enun-

336 3907 448 3978 ciataa
469 3905 644 3990 pertinenti
661 3905 702 3970 ad
724 3905 870 3971 valorem
896 3903 1101 3991 probationis.
1118 3939 1135 3953 -
1150 3906 1299 3970 lamvero
1321 3905 1511 3992 principium

335 4033 407 4097 iure
430 4050 502 4097 oen.
525 4030 702 4107 inductum,
727 4051 852 4114 nempe
873 4051 944 4098 non
968 4030 1086 4098 haberi
1101 4030 1274 4098 absolutas
1296 4035 1327 4096 et
1344 4031 1513 4097 tuaotiuos

335 4156 562 4224 inhabitantes
578 4156 725 4240 dempta
739 4137 1009 4224 enuntiaturus
1031 4155 1118 4222 runs
1141 4155 1312 4222 merua
1333 4155 1393 4221 sea
1411 4155 1513 4223 aera

337 4279 588 4346 minoritanus
618 4280 788 4367 lepitimae
816 4278 1030 4364 suspinonia
1048 4313 1064 4327 ·
1083 4279 1170 4364 (Vol.
1197 4280 1221 4353 l,
1247 4297 1279 4343 n.
1306 4277 1394 4364 473),
1421 4279 1512 4364 urget

337 4404 431 4470 etiam
455 4405 492 4468 in
507 4423 546 4470 re
569 4405 750 4472 criminati.
776 4405 837 4472 Sed
862 4405 924 4470 hac
947 4406 980 4469 in
1005 4425 1042 4470 re
1058 4403 1231 4489 applicatio
1254 4403 1349 4469 huius
1365 4401 1511 4489 principii
