3350 5100
320 286 386 353 456
829 306 914 354 rsus
939 308 987 353 ιιι.

319 434 482 515 integrum
512 430 542 494 ei
569 430 612 494 sit
641 428 822 514 procedere
850 429 891 495 ed
923 428 1250 497 condemnationem.
1284 428 1497 495 Probationes

319 556 506 622 obtinentur
527 572 587 640 per
610 554 848 639 inquisitionem
863 554 1045 638 specialem
1060 560 1093 620 et
1108 553 1390 639 specialissimam
1412 555 1500 621 insti·

320 684 420 745 tutem
443 679 483 745 ed
507 680 618 745 curiae
641 680 913 759 informationem,
930 686 965 743 ιιι
988 698 1088 764 supra
1110 679 1353 763 explicavimus.
1379 676 1499 745 Proba·

318 806 441 871 tionum
471 808 579 869 eutem
611 803 821 869 collectarum
851 772 1047 869 servendum
1078 808 1127 868 est
1153 805 1303 869 incuria
1331 803 1497 886 scriptum

319 928 555 1003 documentum,
572 929 625 995 vel
639 930 753 995 saltem
776 929 999 994 attestationes
1022 926 1103 993 suso
1122 898 1233 995 certae
1249 929 1308 993 etsi
1326 929 1404 995 oica
1418 946 1498 996 vace

241 1102 249 1117 J
319 1052 448 1119 habitae
460 1055 685 1138 exquirantur,
698 1073 779 1138 ques
790 1058 901 1126 testes,
915 1055 1001 1119 omni
1017 1055 1226 1138 exceptiones
1241 1055 1389 1127 maiores,
1407 1072 1499 1139 spou-

318 1178 416 1245 deant
437 1199 473 1244 se
495 1180 614 1245 iterum
645 1179 718 1244 illes
749 1177 821 1244 iore
845 1178 1049 1263 repetituros,
1073 1179 1098 1243 si
1124 1198 1202 1263 opus
1225 1179 1267 1242 sit
1289 1177 1330 1243 ed
1358 1177 1497 1263 proben-

318 1302 392 1369 dum
414 1305 525 1370 curiae
547 1304 666 1389 agendi
690 1305 848 1370 rationem
873 1303 957 1389 spud
981 1304 1012 1369 S.
1038 1303 1164 1369 Sedem.

360 1449 362 1452 ·
407 1428 484 1494 409.
511 1430 638 1494 Etenim
661 1431 736 1512 quie
759 1429 823 1494 hoc
848 1426 1024 1493 remedium
1040 1434 1089 1493 est
1104 1426 1374 1501 eatraiudiciatc,
1391 1427 1499 1511 sequi·

317 1555 373 1616 tur
395 1552 451 1616 ille
473 1557 547 1615 ecta
569 1568 653 1635 quoe
678 1570 745 1615 rem
775 1550 902 1615 fuciunt
929 1550 1170 1616 contentiosam
1202 1570 1273 1614 ssu.
1289 1548 1499 1627 tadinatem,

318 1698 383 1743 non
407 1680 531 1763 requiri
553 1698 669 1763 nempe
692 1680 741 1743 rei
764 1678 967 1752 citationem,
988 1679 1056 1745 litis
1080 1679 1364 1755 commistionem,
1386 1677 1497 1761 pnbti·

319 1804 486 1870 sationem
500 1823 671 1888 processus
684 1803 873 1889 inquisitiai
897 1824 953 1869 seu
969 1805 1123 1889 offensiai
1146 1809 1181 1871 ut
1204 1801 1259 1869 flet
1274 1804 1365 1869 locus
1380 1803 1499 1887 defen-

318 1927 470 1994 sionibus
501 1927 568 2008 rei,
591 1925 648 1991 sed
678 1928 809 2009 exposci
842 1927 913 1991 illes
944 1927 1088 1993 cautelas
1119 1946 1201 2011 quse
1226 1901 1336 1991 rerum
1368 1928 1498 1995 venian

318 2051 518 2138 detegendae
540 2057 636 2117 name
651 2056 735 2117 sunt.
755 2050 831 2117 ideo
849 2051 1043 2117 Ordinerius
1058 2072 1115 2116 seu
1133 2051 1305 2117 Praelatus
1321 2054 1375 2135 qui
1395 2050 1499 2117 ferret

318 2178 417 2243 telem
429 2178 630 2250 senteutiam,
643 2194 721 2267 suae
733 2184 858 2241 tentum
871 2177 1003 2241 innixus
1014 2177 1224 2261 persuasioni,
1239 2174 1498 2259 probationibus

319 2301 505 2376 destitutae,
523 2301 642 2365 limites
656 2300 946 2385 transgrederetur
962 2318 1040 2364 suae
1055 2300 1222 2384 potestatis
1238 2304 1270 2365 et
1288 2305 1395 2365 ectum
1410 2301 1498 2364 inva-

317 2425 419 2491 lidum
442 2432 587 2511 poneret.
613 2425 644 2494 S.
670 2424 704 2490 O.
721 2425 754 2491 G.
772 2426 805 2487 in
824 2422 967 2491 Otitana
990 2424 1042 2489 20
1057 2425 1146 2510 Anp.
1163 2422 1265 2505 1735,
1283 2426 1316 2487 in
1332 2423 1497 2511 Bajanen

320 2551 344 2617 9
366 2548 462 2624 Maii,
487 2550 538 2616 27
560 2552 637 2616 Ian.
662 2548 762 2615 1744.
788 2550 891 2614 Bouix
921 2551 943 2614 t.
968 2548 1020 2615 ait.
1045 2569 1080 2614 n.
1106 2546 1191 2615 323.

407 2675 483 2742 410.
516 2672 659 2758 Scriptis
689 2675 918 2760 proterendam
950 2693 1020 2740 esse
1051 2673 1205 2738 eiusmodi
1232 2675 1423 2738 sententiam
1451 2673 1498 2738 cd

317 2799 542 2866 nebstantiam
563 2805 672 2873 aetus,
697 2801 786 2864 nulio
808 2803 902 2864 textu
932 2799 1013 2865 iuris
1035 2799 1251 2885 praecipitur:
1276 2799 1308 2864 S.
1333 2797 1367 2865 G.
1393 2798 1427 2864 0.
1452 2800 1498 2864 in

318 2927 444 2993 censuit
467 2929 500 2991 in
525 2927 706 3007 Saocnm,
724 2925 765 2989 14
782 2927 873 3008 Sept.
899 2924 1002 2990 1782.
1029 2925 1153 3009 Utique,
1172 2926 1204 2990 in
1228 2897 1330 2990 ¹Instr.
1349 2922 1381 2989 S.
1402 2925 1437 2990 0.
1455 2925 1498 2992 de

318 3049 359 3115 P.
376 3049 415 3114 F.
431 3056 497 3115 art.
513 3049 547 3124 3,
564 3050 628 3116 hoc
644 3049 785 3123 iubetur,
802 3049 858 3115 sed
880 3069 944 3113 non
957 3048 1032 3114 inde
1047 3046 1236 3116 efformstur
1253 3051 1301 3114 ius
1315 3068 1495 3124 commune,

320 3176 466 3257 quemvis
489 3173 749 3259 perspectissime
769 3175 965 3239 enuncietur
987 3174 1179 3259 prudentiae
1195 3173 1319 3259 regule.
1344 3174 1387 3240 ut
1401 3173 1497 3239 hodie

319 3296 382 3360 uisi
403 3301 515 3361 certae
530 3301 563 3360 et
577 3295 787 3361 vehementes
810 3297 1017 3382 explicentur
1040 3297 1193 3369 rationes,
1213 3315 1278 3360 non
1301 3295 1498 3381 probaretur

318 3439 337 3484 a
359 3415 394 3483 S.
420 3421 458 3485 R.
484 3420 795 3505 Congregetionibus
818 3423 901 3485 ratio
924 3419 1119 3505 procedendi
1141 3420 1318 3493 Ordinerii,
1342 3421 1395 3526 qui
1418 3421 1498 3486 uiua

318 3564 397 3610 uoce
420 3544 632 3611 denunciaret
655 3546 822 3611 decretum
852 3547 1086 3630 suspensionis;
1112 3551 1161 3611 est
1182 3547 1269 3611 enirn
1294 3567 1347 3610 res
1370 3547 1497 3632 gravis-

318 3671 390 3737 simi
413 3653 576 3737 momenti.
602 3670 673 3737 Hoc
696 3671 876 3737 declaravit
899 3672 931 3737 S.
957 3672 991 3736 G.
1017 3671 1050 3737 G.
1075 3669 1131 3737 die
1153 3673 1177 3738 5
1201 3668 1290 3753 Sept.
1314 3669 1417 3738 1803.

408 3795 483 3861 411.
508 3796 613 3870 Quum
636 3795 771 3877 scriptis
794 3800 938 3880 praestet
959 3794 1050 3859 ferre
1074 3797 1277 3867 sententiam,
1304 3795 1335 3881 1)
1354 3813 1497 3858 necesm·

319 3921 367 3983 rio
390 3925 468 3982 tunc
490 3921 638 4004 signetur
657 3923 690 3984 et
704 3919 778 3984 dies
801 3925 832 3984 et
854 3918 1121 4002 nectanibus
1144 3918 1261 3992 editur,
1281 3917 1366 3984 unde
1389 3938 1496 3984 suma-

316 4049 373 4108 tur
395 4044 519 4108 initium
550 4045 778 4129 suspensionis.
803 4043 838 4126 2)
862 4044 952 4108 Haec
981 4063 1046 4109 nou
1068 4050 1239 4126 perpetua
1266 4044 1323 4110 sed
1349 4044 1389 4110 ed
1415 4051 1498 4113 tem.-

318 4188 378 4253 pus
394 4168 657 4234 determinatam
673 4167 809 4233 terenda
824 4174 883 4242 est,
902 4169 962 4234 nisi
980 4167 1175 4235 Ordinerius
1189 4175 1315 4253 tempus
1334 4169 1498 4253 relinquat

318 4290 631 4372 indeterminatum,
654 4295 773 4377 quippe
791 4293 1034 4377 suspensionem
1057 4291 1148 4356 ferre
1171 4293 1292 4359 studuit
1315 4293 1353 4357 ad
1378 4311 1498 4360 cen-rn-

319 4435 408 4491 ram,
431 4436 547 4502 nempe
578 4417 719 4502 praeviis
751 4417 979 4484 monitionibus
1002 4423 1045 4498 et,
1069 4419 1102 4482 in
1133 4420 1245 4504 primis
1276 4418 1316 4484 ed
1345 4417 1496 4484 emenda·
