3350 5100
318 269 381 334 122
834 288 918 338 anns
943 289 965 334 1.

403 409 535 474 Poenae
558 410 591 474 in
615 410 752 476 clericos
768 411 987 496 negotiatores
1002 416 1076 476 sunt
1094 410 1129 492 u)
1145 410 1437 476 excommunicatio
1461 415 1499 476 et

313 536 480 620 suspensio
501 534 566 617 fer.
590 540 673 601 sent.
696 555 766 622 arg.
792 556 819 602 e.
836 555 865 602 c.
890 535 913 600 4
936 540 968 601 et
992 536 1015 600 6
1037 534 1091 601 Ne
1114 536 1227 602 clerici
1251 536 1302 600 oet
1323 535 1490 602 monachi.

314 659 349 741 b)
372 663 463 726 Bona
486 663 592 727 omnia
615 662 781 729 eiusmodi
802 663 1022 748 negotiatione
1045 669 1243 749 comparata,
1260 667 1332 747 post
1353 667 1497 728 mortem·

313 786 516 862 clericorum,
534 793 708 855 censentur
722 789 833 871 spolio
849 786 903 872 (cf.
921 788 994 854 Vol.
1013 789 1059 870 ΙΙ)
1081 793 1114 855 et
1128 789 1208 854 hinc
1224 787 1402 854 addicenda
1416 793 1493 853 sunt
1521 827 1525 834 ·

314 911 470 976 Gamerae
500 914 613 998 Apost.
644 913 677 977 in
709 914 817 978 Gonst.
843 910 893 977 Pii
917 912 965 978 IV
992 936 1012 975 ‹
1034 913 1163 980 Decens
1187 934 1206 976 a
1232 917 1266 980 et
1291 912 1399 980 Consi.
1423 911 1488 994 Ap.

314 1034 434 1104 Seroit.
466 1037 586 1102 Bened.
615 1039 708 1104 XlV.
741 1039 877 1122 lnquam
902 1074 920 1088 -
945 1037 1138 1106 addicendo
1165 1073 1182 1088 -
1208 1039 1282 1122 quia
1313 1038 1492 1122 requiritur

314 1162 425 1227 iudicis
449 1164 608 1228 sententia
622 1163 910 1236 condemnatum,
929 1163 1046 1229 nedum
1062 1163 1300 1232 dectorotom'o.
1319 1163 1379 1228 Ast
1394 1161 1490 1228 hodie

312 1289 429 1372 passim
453 1289 637 1353 executioni
660 1287 756 1353 huius
786 1307 909 1372 poenae
932 1289 1060 1355 obstant
1082 1288 1135 1352 vel
1162 1289 1251 1374 leges
1274 1307 1294 1352 a
1318 1287 1491 1354 Guberniis

312 1410 459 1477 civilibus
482 1433 554 1477 cum
578 1411 728 1476 Ecclesia
750 1411 975 1486 concordatae,
1000 1412 1052 1478 vel
1075 1415 1159 1478 aliae
1181 1414 1330 1498 politicae
1359 1404 1490 1477 difficul-

200 1589 203 1595 ,
312 1540 405 1602 tates.

401 1664 454 1728 88.
480 1663 625 1728 Censura
655 1659 996 1730 excommunicationis
1027 1664 1099 1730 iam
1130 1663 1183 1729 cit.
1208 1665 1325 1730 iterum
1354 1663 1439 1728 edita
1467 1684 1488 1728 a

313 1787 372 1849 Pio
395 1788 445 1852 IX
468 1806 496 1850 a.
515 1787 603 1852 1872
625 1789 671 1852 ita
688 1793 845 1872 concepta
861 1794 926 1853 est:
955 1788 1306 1854 «Emoommnnicotio
1322 1789 1489 1854 odoenus

311 1912 552 2008 ecclesiasticos
578 1918 609 1977 et
632 1913 871 1979 Missionun'os
893 1918 1124 1978 mercaturam
1147 1912 1185 1976 in
1209 1911 1317 1978 indiis
1335 1911 1489 1978 onmiu-

311 2036 399 2102 libus
429 2042 622 2102 eoceroentes
650 2058 682 2118 »,
713 2038 804 2104 iuxta
834 2037 942 2104 Const.
976 2037 1051 2104 Urb.
1084 2037 1165 2102 Vlll
1200 2039 1299 2102 «Eoo
1329 2036 1438 2104 debito
1466 2058 1484 2100 a

312 2161 364 2226 22
386 2161 465 2226 Fet.
490 2159 591 2234 1633,
617 2168 650 2228 et
673 2162 772 2227 Glem.
797 2162 847 2227 IX
873 2183 890 2222 u
917 2162 1114 2230 Sollicitudo
1140 2183 1158 2224 u
1185 2161 1208 2226 6
1231 2161 1296 2226 lut.
1320 2161 1418 2227 1669.

403 2287 577 2371 Inprimis
608 2286 692 2352 haec
722 2307 861 2352 censura
884 2293 917 2354 et
939 2287 1023 2351 aliae
1053 2304 1177 2372 poenae
1203 2285 1345 2352 inflictae
1376 2287 1408 2351 in
1433 2287 1487 2352 cit.

312 2410 605 2484 Constitutionibus‚
624 2413 800 2495 respiciunt
823 2431 927 2496 regne
950 2410 1114 2475 lndiarum
1140 2409 1364 2490 Orientalium,
1391 2411 1484 2496 lapo·

311 2538 405 2609 niam,
422 2538 608 2602 Americam
631 2537 807 2605 australem
828 2542 861 2602 et
884 2538 1186 2622 septentrionalem
1211 2544 1383 2621 praeterea
1397 2536 1428 2603 S.
1447 2537 1484 2603 U.

309 2662 381 2746 loq.
406 2662 448 2726 17
471 2663 547 2727 lon.
564 2661 656 2728 1883
679 2662 846 2746 rescripsit
870 2663 965 2726 etiam
990 2697 1008 2708 -
1033 2661 1269 2729 misnonurios
1291 2663 1441 2727 sinentes
1466 2696 1484 2712 -

309 2786 538 2873 comprehendi
562 2787 695 2853 decreto
718 2785 741 2850 1
763 2788 841 2853 Dec.
865 2786 967 2867 1872,
992 2791 1027 2851 ut
1050 2786 1194 2851 retertur
1220 2787 1254 2850 in
1282 2783 1362 2853 Coit.
1388 2784 1421 2849 S.
1449 2786 1484 2852 G.

277 2934 280 2938 ·
308 2912 414 2993 Pr0p.
438 2912 523 2977 Fide
546 2932 579 2976 n.
604 2910 681 2977 351.

398 3035 496 3099 Hisce
518 3037 631 3119 poenis
653 3035 784 3101 obnoxii
807 3043 881 3101 sunt
904 3055 1022 3103 omnes
1036 3036 1250 3103 ecclesiastici
1273 3041 1345 3100 tum
1367 3054 1483 3101 soecu-

308 3160 399 3225 lures
413 3179 519 3243 quarn
537 3161 715 3245 reputares
737 3159 885 3227 cuiusvis
903 3159 1050 3241 Ordinis,
1070 3160 1358 3247 Conprepctioniu
1377 3160 1485 3227 Socie-

308 3284 395 3365 tatis,
412 3285 481 3349 sivo
502 3286 535 3347 in
559 3284 619 3349 has
642 3286 794 3369 regiones
811 3284 907 3353 missi
922 3286 994 3365 sint,
1012 3304 1126 3370 nempe
1150 3305 1170 3349 a
1188 3286 1307 3351 Sancta
1323 3284 1414 3357 Sede,
1431 3286 1485 3351 vel

306 3430 327 3474 a
354 3409 385 3475 S.
410 3410 508 3494 (long.
535 3410 631 3494 Prop.
656 3408 764 3489 Fidei,
790 3407 842 3473 vel
865 3428 885 3473 a
908 3410 973 3473 suis
997 3409 1239 3494 Superioribus;
1263 3410 1332 3475 sive
1358 3413 1392 3475 in
1420 3409 1484 3477 illis

308 3532 492 3617 regionibus
522 3531 771 3617 quomodolibet
793 3538 980 3606 morentur,
1013 3532 1095 3599 idest
1126 3533 1169 3598 ibi
1199 3552 1334 3600 morum
1362 3534 1484 3600 faciant

307 3657 467 3723 arbitratu
490 3678 564 3731 suo;
589 3657 645 3723 sed
667 3658 719 3723 his
741 3657 851 3722 verbis
878 3677 943 3721 non
967 3658 1286 3743 comprehenduntur
1313 3659 1485 3744 indigenae

307 3781 518 3846 ecclesiastici
541 3779 596 3865 (cf.
613 3782 700 3871 Acta
724 3778 759 3845 S.
781 3778 878 3846 Sedis
900 3781 978 3855 vll,
1003 3802 1033 3867 p.
1049 3782 1138 3866 323),
1162 3783 1278 3868 quippe
1301 3782 1344 3847 ibi
1366 3784 1481 3868 genid,

305 3992 383 4044 mous
394 4000 550 4060 temporum
560 3993 784 4056 circumstantiis,
791 4007 928 4062 personas
939 3992 1141 4046 ecclesiasticos
1150 4008 1205 4046 non
1212 4007 1272 4047 esse
1279 3994 1483 4062 inquietandos,

305 4098 330 4150 si
342 4099 462 4152 emerint
473 4109 522 4153 out
535 4109 627 4153 ononi
644 4114 784 4153 teutonas
801 4115 853 4153 seu
868 4100 964 4153 titulos
977 4116 1089 4154 mensae
1101 4100 1318 4166 nummularios,
1332 4101 1483 4156 dummodo

301 4215 421 4275 paratae
438 4207 493 4259 sint
510 4216 585 4262 sture
604 4208 743 4260 mundetis
765 4208 791 4258 S.
807 4208 895 4272 Sedis,
915 4216 940 4261 et
959 4222 989 4260 se
1008 4208 1199 4261 abstineantur
1217 4210 1340 4278 quotibet
1358 4211 1484 4278 negotiu·

305 4316 379 4367 tione
396 4314 537 4369 dicturum
557 4318 698 4369 actionum
717 4330 769 4368 seu
787 4316 943 4378 titulorum,
962 4324 988 4369 ct
1002 4318 1173 4385 praesertim
1190 4319 1225 4371 ab
1244 4319 1321 4371 omni
1339 4326 1484 4375 couti-actu

304 4421 352 4491 qui
369 4423 491 4491 speeiem
508 4423 614 4489 habnt,
633 4432 664 4475 ut
681 4422 768 4491 uulgo
786 4421 900 4487 dicitur,
918 4421 965 4475 dei
981 4424 1094 4491 yiuoclri
1111 4424 1143 4477 di
1161 4426 1244 4479 dorsu
1261 4439 1286 4481 t.
