3350 5100
410 362 454 407 na
478 360 617 409 runicus
641 360 882 409 casurusnreus
908 362 943 407 m
967 362 1083 409 sancis
1266 344 1331 409 387

157 493 267 572 postea
282 486 321 549 ad
337 477 482 550 eamdem
506 486 721 551 revocandam
745 492 780 550 ut
796 487 903 550 ornnia
927 488 988 552 rite
1012 495 1197 572 pensentur,
1222 488 1332 553 habita

156 612 282 676 ratione
295 611 517 695 probationum
530 610 571 676 ab
583 612 733 694 inquisito
744 611 954 677 deductarum
968 634 997 675 ».
1012 614 1082 677 Art.
1097 612 1177 677 378:
1193 632 1210 675 s
1226 612 1331 677 Etiam

156 737 313 819 inquisitis
336 736 498 818 confessis
520 736 707 801 declaratur
730 738 910 801 commissio
933 757 1109 822 poenarum
1126 738 1234 823 alege
1250 738 1331 803 lata-

157 880 237 930 rum,
263 880 321 944 per
345 858 471 926 modum
487 861 731 925 contestationis
746 861 929 945 explicatae
948 870 1008 927 art.
1027 861 1093 925 370
1110 882 1138 925 ›.
1159 864 1229 926 Art.
1247 860 1329 927 379:

158 986 349 1069 ‹lnqnisito
371 988 487 1071 partim
511 986 674 1068 confesso,
699 990 817 1071 partim
841 988 997 1073 neuntioo
1015 986 1192 1053 declaratio
1208 1006 1331 1071 poenae

156 1113 344 1177 commissae
379 1111 526 1177 iacienda
558 1119 607 1178 est
637 1134 702 1178 unu
737 1114 830 1178 simul
864 1135 935 1179 cum
967 1116 1064 1199 finali
1094 1116 1331 1179 contestatione

156 1236 274 1312 delicti,
291 1257 486 1321 suarumque
501 1238 689 1321 qualitatum
707 1239 803 1303 etiam
820 1239 923 1322 quoad
941 1245 1065 1324 partem
1087 1239 1281 1322 ncqativum
1299 1261 1328 1303 r.

244 1364 319 1428 3111.
347 1367 418 1448 lpse
444 1362 549 1429 codex
580 1364 678 1449 Greg.
709 1365 855 1449 suggerit
877 1383 1007 1429 normas
1030 1363 1248 1429 observandas
1272 1365 1330 1430 sub

155 1484 220 1551 fine
242 1488 441 1573 singulorum
458 1488 597 1571 inquisiti
613 1489 808 1552 examinum.
826 1486 901 1554 Art.
922 1488 1003 1553 380:
1031 1491 1247 1571 «Antequam
1264 1490 1329 1553 sin-

155 1612 264 1696 gulum
296 1612 467 1679 claudatur
497 1613 729 1716 constitutum
746 1613 888 1679 eiusdem
918 1618 1016 1678 tenor
1038 1614 1157 1700 legitur
1181 1616 1330 1698 inquisito

155 1758 214 1821 per
236 1740 407 1803 extensum
425 1760 454 1802 r.
480 1740 551 1803 Art.
576 1738 652 1803 381:
680 1737 837 1803 «Deinde
867 1737 1048 1805 advertitur
1078 1740 1263 1823 inquisitus,
1297 1743 1328 1806 in

155 1864 224 1927 eius
246 1882 317 1927 esse
340 1862 496 1929 facultate
518 1862 670 1947 quidquid
693 1863 762 1927 vult
784 1863 926 1929 adiicere
950 1868 1006 1929 aut
1025 1884 1257 1948 quamcumque
1281 1887 1329 1932 re·

155 1986 245 2053 ferre
268 1987 529 2063 declarationem,
554 2008 636 2073 qnae
658 1987 849 2053 adamussim
874 1990 906 2053 in
930 1990 1190 2076 processnalibns
1212 1991 1329 2057 tabulis
1457 1986 1460 1993 ’

154 2111 334 2178 excribitur
349 2134 379 2175 ›.
408 2115 478 2177 Art.
503 2112 585 2178 382:
613 2113 814 2199 «Singulum
839 2116 1044 2181 constitutum
1078 2116 1147 2197 (seu
1179 2117 1329 2200 examen)

154 2238 389 2322 subscriptione
419 2239 562 2302 munitur
591 2257 611 2302 6
642 2237 748 2303 indice
777 2240 975 2304 instructore
1010 2245 1042 2305 et
1071 2260 1091 2304 6
1121 2241 1327 2306 cancellario.

154 2362 395 2446 Quamcumque
419 2363 568 2448 paginam
585 2364 681 2428 etiam
698 2363 867 2446 inquisitus
890 2362 1095 2429 subscribere
1111 2366 1207 2446 valet,
1224 2367 1250 2431 si
1267 2366 1329 2430 boc

123 2492 285 2575 expetat
300 2486 331 2554 »3
