3350 5100
351 268 419 336 244
867 283 952 331 runs
979 283 1015 330 ru

350 411 535 477 Praeterea
557 410 772 476 accusationis
793 406 954 474 obiectum
977 409 1052 472 suut
1074 423 1140 469 non
1162 409 1289 468 mutum
1304 398 1532 484 impedimenta

349 535 601 601 matrimonialia
623 533 680 600 sed
704 540 816 600 cetera
839 552 975 618 quoque,
996 550 1080 616 quae
1101 535 1218 596 arcent
1238 548 1259 593 a
1282 527 1385 594 sacris
1407 521 1528 588 ordini·

346 659 407 726 bus
421 661 475 725 rel
498 659 539 726 ab
554 658 670 726 officiis
692 665 748 727 aut
771 659 966 746 praebendis
988 658 1124 724 eccles:
1145 657 1211 721 hnc
1234 672 1360 739 quoque
1383 652 1533 736 spectant
1631 633 1632 696 ἕ

346 786 495 851 actiones
511 785 703 868 populares
726 786 760 848 in
783 786 856 850 iure
880 803 952 849 cau.
978 818 996 832 -
1021 781 1070 848 cf.
1096 780 1256 846 biaschat.
1282 778 1363 844 last.
1386 793 1462 840 ean.
1481 771 1529 836 11.
1631 771 1632 774 ’

345 908 396 975 De
419 928 511 975 caus.
536 910 631 975 crim.
657 909 705 974 tit.
726 911 754 982 l,
779 908 853 991 51,
878 926 947 992 seq.

434 1030 624 1096 Huiusmodi
655 1038 764 1097 autem
795 1031 1030 1117 impedimenta
1059 1031 1129 1096 sive
1162 1032 1287 1094 mutum
1319 1019 1529 1111 impedientia

343 1155 413 1220 sive
434 1155 620 1220 dirimentis
650 1175 711 1241 per
737 1158 824 1222 viam
848 1155 1091 1228 accusationis,
1116 1159 1173 1221 aut
1195 1149 1441 1239 inquisitionis,
1469 1151 1530 1212 aut
1631 1143 1632 1230 3

342 1279 615 1347 denunciationis
637 1281 786 1365 pertrahi
802 1279 913 1346 valent
929 1281 962 1344 in
986 1280 1225 1346 contentionem
1246 1276 1438 1346 iudicialem,
1454 1275 1527 1338 sive
1631 1355 1632 1368 ,

341 1405 397 1470 ille
420 1406 473 1488 qui
498 1404 652 1470 eiusmodi
674 1404 803 1472 laborat
829 1405 1060 1491 impedimento
1088 1405 1213 1470 crimen
1240 1401 1430 1488 patraverit,
1454 1399 1527 1464 sive
1631 1415 1632 1488 J

219 1557 223 1567 ¹
340 1549 362 1594 a
375 1530 513 1594 crbniue
528 1531 679 1595 immunis
694 1532 745 1596 sit.
763 1532 806 1596 Et
820 1531 885 1596 hoo
900 1535 950 1596 est
966 1530 1134 1616 singulare
1150 1530 1184 1592 in
1200 1528 1358 1606 Ecclesia,
1372 1525 1447 1609 quia
1461 1524 1523 1590 ari·

340 1654 428 1718 mina
450 1672 516 1718 non
539 1661 789 1740 compescuntur
815 1657 947 1740 proprie
974 1654 1021 1720 ad
1042 1654 1239 1726 vindictam,
1264 1651 1321 1716 sed
1338 1649 1458 1734 primo
1480 1645 1524 1712 ad
1631 1623 1632 1692 Ῑ

340 1776 598 1844 emendationem
622 1779 838 1865 delinquentis
855 1786 888 1846 et
902 1785 1050 1847 secundo
1074 1780 1114 1844 ad
1138 1777 1350 1874 deterrendos
1374 1780 1522 1848 ceteros;

338 1909 371 1969 et
385 1887 604 1969 criminauon
619 1910 744 1971 autum
764 1908 987 1992 reprimuntur
1010 1906 1123 1991 poenis
1147 1904 1204 1970 sed
1227 1903 1364 1968 sollicite
1383 1919 1520 1987 praeve-

339 2029 472 2093 niuntur
488 2035 523 2094 ut
538 2032 693 2095 sanctitas
708 2051 834 2096 morum
851 2031 1082 2096 detrimentum
1099 2049 1164 2096 non
1181 2030 1331 2116 patiatur.
1349 2025 1429 2090 lnde
1444 2029 1523 2090 sunt

339 2173 513 2220 concessae
526 2153 677 2221 actiones
684 2157 873 2240 populares
886 2157 927 2222 ad
940 2156 1125 2239 accusanda
1137 2153 1380 2240 impedimenta;
1398 2149 1520 2216 nedum

335 2281 423 2344 enim
446 2279 596 2345 Ecclesia
619 2280 689 2364 ipsa
711 2278 875 2365 advigilat,
899 2284 935 2344 at
958 2281 1054 2345 etiam
1077 2277 1190 2344 fideles
1212 2295 1271 2363 per
1294 2277 1400 2362 legem
1416 2293 1522 2360 geue·

335 2403 438 2469 ralem
462 2410 496 2470 et
517 2424 577 2490 per
599 2404 781 2490 singulares
804 2404 1071 2470 denunciationes
1097 2406 1284 2469 excitantur
1303 2403 1520 2466 armacani

335 2527 490 2593 eiusmodi
514 2527 741 2614 impedimenta
766 2548 809 2595 ne
840 2529 873 2595 in
901 2529 985 2595 haec
1013 2524 1179 2594 offendant
1209 2528 1338 2592 ineante
1367 2523 1518 2589 homines

333 2646 515 2719 christiani.
534 2653 637 2743 -vPro
660 2654 767 2738 praxi,
784 2654 961 2739 estmagni
985 2654 1138 2719 momenti
1161 2670 1333 2736 processus
1356 2648 1410 2715 vel
1433 2666 1519 2733 pure
1631 2628 1632 2701 Ῑ

332 2775 566 2841 accusatorius
580 2775 633 2840 vel
650 2775 780 2841 minius
802 2774 981 2841 servandus
997 2776 1030 2839 in
1048 2775 1153 2841 causis
1168 2771 1459 2842 matrimonialibus
1481 2776 1519 2835 et

331 2900 419 2965 hune
442 2898 675 2983 explicabimus
699 2900 732 2964 in
756 2904 850 2985 parte
874 2899 1017 2986 speciali.
1631 2986 1632 2991 ἵ

422 3023 496 3088 182.
522 3023 585 3090 Sed
608 3025 746 3090 crimina
769 3031 802 3090 et
824 3024 1055 3111 impedimenta
1079 3026 1197 3112 opponi
1219 3027 1354 3110 possunt
1376 3021 1429 3087 vel
1452 3039 1518 3106 per
1631 3036 1632 3121 ρ

330 3147 458 3213 modum
481 3149 642 3230 actiones,
665 3150 720 3214 vel
751 3169 811 3235 per
834 3150 963 3217 modum
990 3150 1208 3235 acceptionis.
1235 3184 1252 3199 -
1277 3149 1437 3233 Exceptio
1461 3149 1517 3213 est
1631 3124 1632 3129 ἵ

328 3271 480 3338 eactusio
508 3272 660 3346 actionis,
686 3278 719 3338 et
746 3274 882 3359 proinde
911 3274 1133 3359 accipiuntur
1159 3274 1297 3340 crimina
1321 3278 1354 3338 et
1376 3270 1511 3356 impedi·

328 3400 454 3469 meua,
484 3395 611 3479 quando
642 3402 865 3479 opponuntur
895 3398 943 3463 act
973 3399 1227 3467 eaeludeadam
1261 3398 1428 3466 actionem
1456 3397 1514 3465 oet
1631 3472 1632 3501 ¹

322 3517 589 3602 postulationem
605 3518 759 3585 alieuius.
776 3520 827 3584 Ita
841 3526 1014 3587 aocnmtor
1031 3520 1171 3587 deicitur
1184 3522 1226 3587 ab
1241 3522 1388 3588 instituta
1411 3538 1508 3587 nocu-

326 3646 452 3709 satione
467 3643 507 3709 ob
522 3649 703 3727 acceptum
719 3646 852 3719 crimen,
870 3645 956 3711 unde
971 3647 1041 3731 ipse
1056 3646 1165 3713 evadit
1181 3645 1332 3711 inhabilis
1355 3644 1396 3710 ad
1411 3663 1511 3711 aecu-

325 3768 476 3844 eaudum;
500 3773 534 3833 et
556 3767 694 3840 clericus
718 3769 771 3833 vel
794 3788 815 3833 a
836 3788 933 3835 saara
956 3769 1160 3837 ordinatione
1184 3771 1238 3836 vel
1261 3768 1302 3836 ab
1326 3766 1431 3835 officio
1451 3774 1513 3834 aut

324 3903 344 3957 a
358 3890 525 3963 beneflcio,
539 3896 572 3955 et
582 3910 719 3976 sponsus
733 3891 773 3957 ab
786 3892 933 3959 ineundis
944 3896 1065 3981 nuptiis
1080 3894 1250 3981 repellitur
1261 3898 1398 3980 propter
1408 3894 1509 3979 impe·
1631 3916 1632 3989 i

325 4018 500 4082 dimentum
525 4016 557 4081 ai
580 4016 788 4099 enoeptionis
815 4020 1005 4104 oppositum.
1030 4054 1045 4067 ·
1070 4019 1229 4094 Quocirca
1252 4018 1389 4083 intentio
1416 4018 1506 4085 exoi·

325 4139 450 4223 plantis,
464 4137 610 4220 quamvis
633 4138 758 4202 crimen
774 4139 1003 4233 gravissimum
1027 4142 1178 4226 excipiat,
1195 4160 1260 4206 nou
1283 4145 1334 4205 est
1352 4140 1506 4224 persequi
1631 4166 1632 4191 r

324 4280 459 4347 poenam
476 4261 532 4326 sed
547 4266 671 4326 tantum
693 4261 869 4328 excludere
892 4264 1031 4348 aliquem
1055 4284 1074 4329 a
1098 4285 1155 4331 sua
1177 4266 1307 4331 actione
1322 4269 1378 4329 aut
1394 4269 1505 4348 postu·

322 4390 452 4453 latione.
468 4386 558 4451 Haeo
573 4390 721 4472 exceptio
745 4389 862 4455 dicitur
886 4389 1028 4457 civiliter
1052 4391 1139 4457 iacta
1163 4396 1199 4455 ut
1222 4390 1439 4475 distinguatur
1461 4386 1506 4452 ab
