3350 5100
430 323 474 369 aa
497 322 636 370 runrous
660 322 903 372 aarummraus
927 324 963 371 in
987 324 1104 373 sancis
1291 307 1356 373 417

75 498 78 501 ,
176 417 344 528 appellans
366 444 463 508 etiam
486 463 546 529 per
568 464 604 509 se
622 446 829 528 prosequitur
852 443 1110 529 appellationem.
1136 446 1186 513 Ob
1210 445 1355 512 eamdem

177 571 346 652 rationem,
369 589 436 635 non
458 574 535 655 puto
559 568 795 654 reprobandam
818 588 891 635 esse
913 571 1074 636 rationem
1101 570 1218 656 agendi
1246 572 1356 636 curiae

176 695 456 779 Metropolitum,
480 696 680 779 acceptantis
705 694 738 758 in
764 694 1039 777 prosecutionem
1069 714 1197 769 causae,
1225 694 1264 761 ab
1287 697 1356 780 ipso

176 819 360 904 appellante
374 818 672 885 animadversiones
687 819 831 903 aliasque
846 819 1069 905 allegationes,
1083 820 1197 903 quibus
1212 822 1281 905 ipse
1297 818 1356 885 sibi

176 944 377 1028 patrocinari
398 942 546 1008 intendit.

266 1066 340 1132 356.
359 1066 558 1132 Sententiam
569 1066 763 1152 appellatam
776 1065 921 1132 defendit
936 1071 1104 1151 promotor
1115 1063 1234 1132 fiscalis
1245 1068 1356 1132 euriae

177 1192 273 1274 apud
294 1211 401 1276 quam
424 1196 474 1258 est
496 1194 717 1276 appellatum,
741 1212 821 1277 prae
844 1192 946 1259 oeulis
961 1190 1085 1257 habens
1101 1191 1355 1257 animadversio-

176 1336 235 1381 nes
252 1322 390 1401 promot.
406 1315 472 1383 lise.
490 1319 601 1383 curiae
624 1336 646 1383 a
668 1336 738 1402 pua
762 1323 795 1382 et
816 1318 943 1383 litteras
966 1335 1023 1383 seu
1045 1318 1224 1399 apostolos,
1241 1316 1357 1401 quibus

176 1443 268 1507 ouria
291 1441 406 1526 probat
424 1441 507 1507 ¹suae
528 1445 709 1508 sententiae
730 1444 901 1508 rationem.

265 1563 342 1629 357.
374 1564 510 1641 Quando
540 1567 699 1631 sententia
732 1572 782 1632 est
810 1565 1039 1648 absolutoria,
1070 1569 1148 1631 tunc
1178 1566 1356 1651 promotori

175 1684 275 1753 fiscali
298 1693 355 1754 aut
376 1690 445 1754 eius
471 1688 664 1756 adhaerenti
693 1710 759 1755 non
790 1690 891 1756 semel
914 1710 996 1754 onus
1027 1690 1182 1756 incumbit
1211 1690 1354 1776 appella-

174 1813 295 1877 tionem
311 1813 522 1911 instaurandi.
538 1814 655 1881 (lasum
669 1815 757 1881 hunc
771 1816 818 1882 ita
832 1816 1006 1901 perpendit
1021 1817 1075 1880 cit.
1092 1816 1188 1881 Deer.
1204 1835 1233 1879 a.
1252 1816 1354 1881 1851:

178 1936 348 2007 «Quoties
370 1944 484 2005 autern
503 1936 683 2047 prqmotor
704 1940 839 2026 meatu,
856 1946 916 2005 aut
935 1941 1014 2025 fisco
1032 1940 1224 2007 adhaerens
1239 1942 1355 2023 appel·

176 2062 219 2127 ur
234 2066 266 2127 et
274 2063 410 2144 pariter
432 2064 617 2146 appellatio
634 2084 656 2129 a
671 2062 706 2129 S.
726 2065 760 2131 0.
778 2071 920 2147 eneepta
942 2066 995 2138 sit,
1012 2065 1242 2151 aduensiopue
1262 2065 1355 2131 Ordi-

129 2170 135 2181 ’
174 2187 275 2252 nario
301 2188 492 2270 patefacta,
520 2188 583 2255 boc
611 2206 695 2254 casu
725 2208 803 2253 eum
833 2189 1018 2270 appellatio
1050 2189 1153 2253 etiam
1183 2188 1353 2273 appellato

175 2311 365 2377 communis
394 2288 472 2398 par,
505 2313 584 2379 taio
613 2314 676 2378 eru
705 2314 935 2398 mirmanda,
966 2332 1009 2379 ae
1036 2332 1109 2379 aaa
1141 2330 1219 2379 eum
1249 2310 1284 2377 s.
1320 2310 1353 2379 o.

175 2436 318 2512 decreto,
334 2456 402 2521 quo
420 2436 540 2503 eadem
562 2438 763 2511 admittitur,
781 2439 878 2523 eique
900 2438 1151 2525 iniunpeudum
1171 2438 1236 2505 erit
1250 2438 1351 2523 quod,

173 2562 242 2627 nisi
255 2563 349 2626 intra
359 2564 631 2646 peremptorium
646 2564 766 2648 oipinti
779 2564 914 2629 dierum
930 2563 1125 2645 terminum,
1138 2563 1351 2646 defensorem

173 2684 263 2750 inter
292 2684 475 2752 manculos
503 2687 556 2752 ael
583 2691 829 2769 procuratores
859 2703 1025 2752 romanae
1056 2685 1175 2764 muriae
1204 2685 1352 2771 deperit,
1451 2747 1454 2753 .

177 2809 358 2874 tenendum
388 2811 461 2884 erit,
493 2812 607 2894 ipsum
639 2811 682 2877 ab
711 2811 902 2877 interuentu
928 2809 966 2874 in
991 2810 1158 2875 iudicium
1189 2808 1352 2875 abstineri

174 2929 258 2996 aelle
273 2951 304 2996 ›.
328 2931 419 2997 Haec
449 2933 632 3018 appellatio,
657 2953 739 3017 quae
770 2932 810 2997 ab
835 2952 898 2997 una
928 2937 1022 3016 parte
1044 2932 1232 2998 ‘instaurata
1258 2932 1354 2996 alteri

175 3055 272 3128 iuvat
289 3061 425 3122 vocatur
439 3058 622 3142 appellatio
634 3059 789 3124 inridens
806 3057 862 3142 (ci.
875 3076 973 3141 supra
985 3077 1017 3121 n.
1031 3053 1110 3141 261)
1125 3057 1210 3140 quia,
1223 3061 1355 3142 praeter
1417 3115 1419 3118 .

175 3179 358 3264 appellandi
392 3185 609 3267 propositum,
641 3203 698 3248 seu
730 3183 920 3249 incidenter
950 3182 1102 3246 usuvenit
1131 3181 1291 3267 appellato
1322 3186 1356 3246 ut

176 3302 320 3368 eamdem
335 3323 465 3370 oausam
481 3309 598 3374 iterum
613 3309 724 3394 agitet,
742 3319 761 3371 a
776 3327 840 3392 qua
858 3312 967 3372 tamen
987 3307 1153 3372 abstinere
1174 3312 1280 3393 potest
1302 3306 1353 3371 vel

175 3447 334 3511 expresse
363 3431 418 3495 vel
447 3432 546 3498 tacite
577 3435 771 3499 renuncians
800 3433 1004 3500 interventui
1036 3434 1068 3496 in
1100 3451 1240 3498 oausam.
1271 3430 1353 3496 lllud

175 3550 373 3634 advertatur,
397 3556 645 3640 appellationem
675 3558 879 3624 incidentem
905 3555 1038 3622 efficere
1061 3562 1110 3631 ut,
1134 3557 1161 3621 si
1189 3560 1355 3641 promotor

174 3673 292 3741 fiscalis
314 3698 412 3742 unam
426 3684 551 3745 tantum
566 3685 744 3748 sententiae
759 3689 886 3768 partem
901 3682 1025 3748 directe
1040 3684 1183 3767 impetat,
1201 3686 1235 3747 et
1256 3681 1352 3745 aliam

175 3799 331 3885 impetere
346 3801 400 3865 vel
416 3822 481 3867 non
496 3807 670 3879 curaverit,
686 3807 739 3870 vel
759 3825 915 3891 expresse
939 3826 974 3870 se
997 3804 1137 3890 probare
1153 3801 1352 3889 profiteatur,

173 3923 382 3990 nihilominus
404 3946 481 3992 reus
504 3928 649 3994 eamdem
664 3932 821 4015 impetere
836 3931 925 3995 valet
942 3928 1109 3995 incidenti
1128 3927 1353 4013 appellatione,

174 4067 232 4114 seu
254 4055 423 4135 postquam
446 4057 606 4120 sententia
628 4056 667 4121 in
688 4024 851 4140 susperiso
876 4053 1069 4119 remanserit
1094 4071 1154 4137 per
1169 4052 1355 4138 appellatio-

174 4193 248 4239 nem
272 4195 292 4239 a
314 4182 501 4260 promotore
521 4176 589 4244 fise.
613 4179 742 4244 factam.

263 4299 341 4367 358.
366 4301 436 4365 Art.
454 4302 530 4366 XLI
555 4304 652 4368 Instr.
676 4306 722 4370 ita
744 4304 939 4369 determinat
954 4303 1209 4389 peremptionem
1234 4303 1353 4367 instan-

173 4424 237 4488 tiae
263 4423 448 4492 «Decurre
472 4425 560 4492 dieto
583 4427 730 4494 termino
748 4427 981 4512 peremptorio
998 4427 1054 4514 (20
1071 4426 1209 4513 dierum)
1226 4426 1352 4512 absque

247 4546 307 4598 Suc.
326 4547 403 4616 Lapa
423 4547 662 4614 Lib.11,vol.lV.
1247 4551 1282 4604 27
