<?xml version="1.0" encoding="UTF-8"?>
<!DOCTYPE html PUBLIC "-//W3C//DTD XHTML 1.0 Transitional//EN"
    "http://www.w3.org/TR/xhtml1/DTD/xhtml1-transitional.dtd">
<html xmlns="http://www.w3.org/1999/xhtml" xml:lang="en" lang="en">
 <head>
  <title>
</title>
<meta http-equiv="Content-Type" content="text/html;charset=utf-8" />
  <meta name='ocr-system' content='tesseract 3.04.00' />
  <meta name='ocr-capabilities' content='ocr_page ocr_carea ocr_par ocr_line ocrx_word'/>
</head>
<body>
  <div class='ocr_page' id='page_1' title='image "./praelectionesin00legagoog_0183.png"; bbox 0 0 3350 5100; ppageno 0'>
   <div class='ocr_carea' id='block_1_1' title="bbox 513 321 1343 388">
    <p class='ocr_par' dir='ltr' id='par_1_1' title="bbox 513 321 1343 388">
     <span class='ocr_line' id='line_1_1' title="bbox 513 321 1343 388; baseline 0 -2"><span class='ocrx_word' id='word_1_1' title='bbox 513 341 558 386; x_wconf 81' lang='lat' dir='ltr'><strong>ou</strong></span> <span class='ocrx_word' id='word_1_2' title='bbox 581 340 720 387; x_wconf 88' lang='lat' dir='ltr'><strong>rnorous</strong></span> <span class='ocrx_word' id='word_1_3' title='bbox 743 340 998 388; x_wconf 76' lang='lat' dir='ltr'><strong>caruruanrnos.</strong></span> <span class='ocrx_word' id='word_1_4' title='bbox 1284 321 1343 387; x_wconf 89' lang='lat'><strong>181</strong></span> 
     </span>
    </p>
   </div>
   <div class='ocr_carea' id='block_1_2' title="bbox 114 446 1352 4530">
    <p class='ocr_par' dir='ltr' id='par_1_2' title="bbox 171 446 1347 652">
     <span class='ocr_line' id='line_1_2' title="bbox 173 446 1347 549; baseline 0.002 -24"><span class='ocrx_word' id='word_1_5' title='bbox 173 460 368 527; x_wconf 82' lang='lat' dir='ltr'><strong>damnandae</strong></span> <span class='ocrx_word' id='word_1_6' title='bbox 391 446 461 527; x_wconf 77' lang='lat' dir='ltr'><strong>nou¹</strong></span> <span class='ocrx_word' id='word_1_7' title='bbox 480 467 564 543; x_wconf 86' lang='lat' dir='ltr'><strong>sunt,</strong></span> <span class='ocrx_word' id='word_1_8' title='bbox 580 464 640 528; x_wconf 88' lang='lat' dir='ltr'><strong>nisi</strong></span> <span class='ocrx_word' id='word_1_9' title='bbox 661 484 750 528; x_wconf 89' lang='lat' dir='ltr'><strong>suam</strong></span> <span class='ocrx_word' id='word_1_10' title='bbox 775 463 995 528; x_wconf 83' lang='lat' dir='ltr'><strong>defensionem</strong></span> <span class='ocrx_word' id='word_1_11' title='bbox 1020 469 1176 548; x_wconf 80' lang='lat' dir='ltr'>expertae</span> <span class='ocrx_word' id='word_1_12' title='bbox 1202 464 1266 528; x_wconf 89' lang='lat' dir='ltr'><strong>sint</strong></span> <span class='ocrx_word' id='word_1_13' title='bbox 1289 483 1347 549; x_wconf 92' lang='lat' dir='ltr'><strong>per</strong></span> 
     </span>
     <span class='ocr_line' id='line_1_3' title="bbox 171 583 792 652; baseline 0.006 -6"><span class='ocrx_word' id='word_1_14' title='bbox 171 583 314 650; x_wconf 90' lang='lat' dir='ltr'><strong>idoneum</strong></span> <span class='ocrx_word' id='word_1_15' title='bbox 338 591 372 650; x_wconf 87' lang='lat' dir='ltr'><strong>et</strong></span> <span class='ocrx_word' id='word_1_16' title='bbox 395 587 567 651; x_wconf 87' lang='lat' dir='ltr'><strong>honestum</strong></span> <span class='ocrx_word' id='word_1_17' title='bbox 590 586 792 652; x_wconf 86' lang='lat' dir='ltr'><strong>advocatum.</strong></span> 
     </span>
    </p>

    <p class='ocr_par' dir='ltr' id='par_1_3' title="bbox 168 709 1349 1418">
     <span class='ocr_line' id='line_1_4' title="bbox 258 709 1349 794; baseline 0.003 -21"><span class='ocrx_word' id='word_1_18' title='bbox 258 709 354 783; x_wconf 87' lang='lat' dir='ltr'><strong>Quod</strong></span> <span class='ocrx_word' id='word_1_19' title='bbox 377 709 590 776; x_wconf 89' lang='lat' dir='ltr'><strong>dissernimus</strong></span> <span class='ocrx_word' id='word_1_20' title='bbox 612 713 652 776; x_wconf 92' lang='lat' dir='ltr'><strong>de</strong></span> <span class='ocrx_word' id='word_1_21' title='bbox 675 713 851 792; x_wconf 82' lang='lat' dir='ltr'><strong>advocate,</strong></span> <span class='ocrx_word' id='word_1_22' title='bbox 867 716 1019 776; x_wconf 90' lang='lat' dir='ltr'><strong>teneatur</strong></span> <span class='ocrx_word' id='word_1_23' title='bbox 1044 711 1139 776; x_wconf 89' lang='lat' dir='ltr'><strong>etiam</strong></span> <span class='ocrx_word' id='word_1_24' title='bbox 1165 710 1204 774; x_wconf 91' lang='lat' dir='ltr'><strong>de</strong></span> <span class='ocrx_word' id='word_1_25' title='bbox 1224 729 1349 794; x_wconf 84' lang='lat' dir='ltr'><strong>procu-</strong></span> 
     </span>
     <span class='ocr_line' id='line_1_5' title="bbox 170 835 1348 921; baseline 0.004 -24"><span class='ocrx_word' id='word_1_26' title='bbox 170 838 291 904; x_wconf 84' lang='lat' dir='ltr'><strong>ratore,</strong></span> <span class='ocrx_word' id='word_1_27' title='bbox 309 837 361 918; x_wconf 91' lang='lat' dir='ltr'><strong>qui</strong></span> <span class='ocrx_word' id='word_1_28' title='bbox 383 855 557 920; x_wconf 85' lang='lat' dir='ltr'><strong>personam</strong></span> <span class='ocrx_word' id='word_1_29' title='bbox 581 835 742 900; x_wconf 79' lang='lat' dir='ltr'><strong>substituit</strong></span> <span class='ocrx_word' id='word_1_30' title='bbox 757 838 804 900; x_wconf 90' lang='lat' dir='ltr'><strong>rei</strong></span> <span class='ocrx_word' id='word_1_31' title='bbox 828 836 1047 921; x_wconf 81' lang='lat' dir='ltr'><strong>inexplendis</strong></span> <span class='ocrx_word' id='word_1_32' title='bbox 1070 835 1194 901; x_wconf 88' lang='lat' dir='ltr'><strong>actibus</strong></span> <span class='ocrx_word' id='word_1_33' title='bbox 1217 857 1348 921; x_wconf 89' lang='lat' dir='ltr'><strong>proces-</strong></span> 
     </span>
     <span class='ocr_line' id='line_1_6' title="bbox 169 957 1348 1046; baseline 0.006 -26"><span class='ocrx_word' id='word_1_34' title='bbox 169 957 318 1023; x_wconf 88' lang='lat' dir='ltr'><strong>suaiibus.</strong></span> <span class='ocrx_word' id='word_1_35' title='bbox 343 961 470 1026; x_wconf 87' lang='lat' dir='ltr'><strong>Verum</strong></span> <span class='ocrx_word' id='word_1_36' title='bbox 486 981 550 1026; x_wconf 90' lang='lat' dir='ltr'><strong>una</strong></span> <span class='ocrx_word' id='word_1_37' title='bbox 566 961 743 1045; x_wconf 89' lang='lat' dir='ltr'><strong>eademque</strong></span> <span class='ocrx_word' id='word_1_38' title='bbox 765 981 908 1046; x_wconf 87' lang='lat' dir='ltr'><strong>persona</strong></span> <span class='ocrx_word' id='word_1_39' title='bbox 930 967 1102 1045; x_wconf 88' lang='lat' dir='ltr'><strong>utrumque</strong></span> <span class='ocrx_word' id='word_1_40' title='bbox 1126 983 1241 1027; x_wconf 90' lang='lat' dir='ltr'><strong>munus</strong></span> <span class='ocrx_word' id='word_1_41' title='bbox 1257 962 1348 1028; x_wconf 90' lang='lat' dir='ltr'><strong>obire</strong></span> 
     </span>
     <span class='ocr_line' id='line_1_7' title="bbox 170 1081 1348 1173; baseline 0.008 -29"><span class='ocrx_word' id='word_1_42' title='bbox 170 1082 253 1146; x_wconf 84' lang='lat' dir='ltr'><strong>valet</strong></span> <span class='ocrx_word' id='word_1_43' title='bbox 264 1081 322 1168; x_wconf 88' lang='lat' dir='ltr'><strong>(cf.</strong></span> <span class='ocrx_word' id='word_1_44' title='bbox 336 1085 410 1148; x_wconf 86' lang='lat' dir='ltr'><strong>Vol.</strong></span> <span class='ocrx_word' id='word_1_45' title='bbox 425 1089 450 1157; x_wconf 93' lang='lat' dir='ltr'><strong>I,</strong></span> <span class='ocrx_word' id='word_1_46' title='bbox 465 1107 496 1150; x_wconf 91' lang='lat' dir='ltr'><strong>n.</strong></span> <span class='ocrx_word' id='word_1_47' title='bbox 510 1087 554 1151; x_wconf 89' lang='lat'><strong>98</strong></span> <span class='ocrx_word' id='word_1_48' title='bbox 566 1088 636 1171; x_wconf 84' lang='lat' dir='ltr'><strong>sq.),</strong></span> <span class='ocrx_word' id='word_1_49' title='bbox 652 1107 768 1172; x_wconf 84' lang='lat' dir='ltr'>nempe</span> <span class='ocrx_word' id='word_1_50' title='bbox 783 1087 931 1152; x_wconf 85' lang='lat' dir='ltr'><strong>advocati</strong></span> <span class='ocrx_word' id='word_1_51' title='bbox 948 1092 981 1151; x_wconf 91' lang='lat' dir='ltr'><strong>et</strong></span> <span class='ocrx_word' id='word_1_52' title='bbox 996 1089 1227 1172; x_wconf 79' lang='lat' dir='ltr'><strong>procuratoris,</strong></span> <span class='ocrx_word' id='word_1_53' title='bbox 1242 1095 1274 1153; x_wconf 93' lang='lat' dir='ltr'><strong>et</strong></span> <span class='ocrx_word' id='word_1_54' title='bbox 1289 1108 1348 1173; x_wconf 90' lang='lat' dir='ltr'><strong>pro</strong></span> 
     </span>
     <span class='ocr_line' id='line_1_8' title="bbox 168 1206 1348 1292; baseline 0.008 -27"><span class='ocrx_word' id='word_1_55' title='bbox 168 1221 277 1268; x_wconf 88' lang='lat' dir='ltr'><strong>rerum</strong></span> <span class='ocrx_word' id='word_1_56' title='bbox 299 1206 459 1272; x_wconf 87' lang='lat' dir='ltr'><strong>adiunctis</strong></span> <span class='ocrx_word' id='word_1_57' title='bbox 474 1208 529 1272; x_wconf 80' lang='lat' dir='ltr'><strong>vel</strong></span> <span class='ocrx_word' id='word_1_58' title='bbox 544 1229 640 1272; x_wconf 90' lang='lat' dir='ltr'><strong>unum</strong></span> <span class='ocrx_word' id='word_1_59' title='bbox 657 1209 709 1272; x_wconf 88' lang='lat' dir='ltr'><strong>vel</strong></span> <span class='ocrx_word' id='word_1_60' title='bbox 727 1209 865 1273; x_wconf 86' lang='lat' dir='ltr'><strong>alterum</strong></span> <span class='ocrx_word' id='word_1_61' title='bbox 881 1213 1005 1274; x_wconf 86' lang='lat' dir='ltr'><strong>tanturn</strong></span> <span class='ocrx_word' id='word_1_62' title='bbox 1021 1208 1205 1292; x_wconf 82' lang='lat' dir='ltr'><strong>praestabit.</strong></span> <span class='ocrx_word' id='word_1_63' title='bbox 1233 1244 1250 1258; x_wconf 96' lang='lat'>-</span> <span class='ocrx_word' id='word_1_64' title='bbox 1275 1209 1348 1291; x_wconf 87' lang='lat' dir='ltr'>Sed,</span> 
     </span>
     <span class='ocr_line' id='line_1_9' title="bbox 168 1328 1304 1418; baseline 0.007 -28"><span class='ocrx_word' id='word_1_65' title='bbox 168 1328 200 1391; x_wconf 92' lang='lat' dir='ltr'><strong>in</strong></span> <span class='ocrx_word' id='word_1_66' title='bbox 216 1331 340 1413; x_wconf 90' lang='lat' dir='ltr'><strong>primis,</strong></span> <span class='ocrx_word' id='word_1_67' title='bbox 357 1333 439 1397; x_wconf 88' lang='lat' dir='ltr'><strong>solet</strong></span> <span class='ocrx_word' id='word_1_68' title='bbox 459 1335 646 1398; x_wconf 86' lang='lat' dir='ltr'><strong>necessaria</strong></span> <span class='ocrx_word' id='word_1_69' title='bbox 669 1351 741 1398; x_wconf 89' lang='lat' dir='ltr'><strong>esse</strong></span> <span class='ocrx_word' id='word_1_70' title='bbox 763 1351 863 1418; x_wconf 86' lang='lat' dir='ltr'><strong>opera</strong></span> <span class='ocrx_word' id='word_1_71' title='bbox 880 1333 1061 1398; x_wconf 87' lang='lat' dir='ltr'><strong>defensoris</strong></span> <span class='ocrx_word' id='word_1_72' title='bbox 1075 1353 1131 1398; x_wconf 94' lang='lat' dir='ltr'><strong>seu</strong></span> <span class='ocrx_word' id='word_1_73' title='bbox 1147 1333 1304 1398; x_wconf 87' lang='lat' dir='ltr'><strong>advocati.</strong></span> 
     </span>
    </p>

    <p class='ocr_par' dir='ltr' id='par_1_4' title="bbox 166 1455 1351 2535">
     <span class='ocr_line' id='line_1_10' title="bbox 259 1455 1347 1539; baseline 0.002 -21"><span class='ocrx_word' id='word_1_74' title='bbox 259 1455 333 1519; x_wconf 83' lang='lat'><strong>127.</strong></span> <span class='ocrx_word' id='word_1_75' title='bbox 365 1455 415 1520; x_wconf 79' lang='lat' dir='ltr'><strong>Ad</strong></span> <span class='ocrx_word' id='word_1_76' title='bbox 446 1476 516 1520; x_wconf 91' lang='lat' dir='ltr'><strong>rem</strong></span> <span class='ocrx_word' id='word_1_77' title='bbox 551 1455 646 1521; x_wconf 87' lang='lat' dir='ltr'><strong>docet</strong></span> <span class='ocrx_word' id='word_1_78' title='bbox 681 1456 880 1539; x_wconf 84' lang='lat' dir='ltr'><strong>Pellegrini,</strong></span> <span class='ocrx_word' id='word_1_79' title='bbox 916 1475 970 1539; x_wconf 86' lang='lat' dir='ltr'><strong>op.</strong></span> <span class='ocrx_word' id='word_1_80' title='bbox 1006 1457 1058 1522; x_wconf 84' lang='lat' dir='ltr'><strong>cit.</strong></span> <span class='ocrx_word' id='word_1_81' title='bbox 1090 1455 1205 1522; x_wconf 83' lang='lat' dir='ltr'><strong>Pract.</strong></span> <span class='ocrx_word' id='word_1_82' title='bbox 1240 1457 1347 1523; x_wconf 63' lang='lat' dir='ltr'><strong>eam„</strong></span> 
     </span>
     <span class='ocr_line' id='line_1_11' title="bbox 170 1578 1349 1663; baseline 0.002 -19"><span class='ocrx_word' id='word_1_83' title='bbox 170 1578 254 1644; x_wconf 86' lang='lat' dir='ltr'><strong>Sect.</strong></span> <span class='ocrx_word' id='word_1_84' title='bbox 266 1580 311 1659; x_wconf 85' lang='lat' dir='ltr'><strong>X,</strong></span> <span class='ocrx_word' id='word_1_85' title='bbox 334 1580 438 1663; x_wconf 77' lang='lat' dir='ltr'><strong>§87r</strong></span> <span class='ocrx_word' id='word_1_86' title='bbox 464 1599 482 1643; x_wconf 85' lang='lat'>‹</span> <span class='ocrx_word' id='word_1_87' title='bbox 501 1583 558 1646; x_wconf 83' lang='lat' dir='ltr'><strong>Est</strong></span> <span class='ocrx_word' id='word_1_88' title='bbox 580 1586 687 1646; x_wconf 88' lang='lat' dir='ltr'><strong>antem</strong></span> <span class='ocrx_word' id='word_1_89' title='bbox 711 1582 887 1646; x_wconf 82' lang='lat' dir='ltr'><strong>notandum</strong></span> <span class='ocrx_word' id='word_1_90' title='bbox 911 1584 944 1645; x_wconf 92' lang='lat' dir='ltr'><strong>in</strong></span> <span class='ocrx_word' id='word_1_91' title='bbox 968 1583 1105 1646; x_wconf 88' lang='lat' dir='ltr'><strong>materia</strong></span> <span class='ocrx_word' id='word_1_92' title='bbox 1128 1580 1349 1647; x_wconf 82' lang='lat' dir='ltr'><strong>defensionum</strong></span> 
     </span>
     <span class='ocr_line' id='line_1_12' title="bbox 167 1705 1351 1792; baseline 0.003 -24"><span class='ocrx_word' id='word_1_93' title='bbox 167 1705 250 1788; x_wconf 90' lang='lat' dir='ltr'><strong>quod</strong></span> <span class='ocrx_word' id='word_1_94' title='bbox 268 1705 367 1769; x_wconf 88' lang='lat' dir='ltr'><strong>iudex</strong></span> <span class='ocrx_word' id='word_1_95' title='bbox 390 1707 598 1792; x_wconf 81' lang='lat' dir='ltr'><strong>interrogare</strong></span> <span class='ocrx_word' id='word_1_96' title='bbox 621 1706 717 1771; x_wconf 92' lang='lat' dir='ltr'><strong>debet</strong></span> <span class='ocrx_word' id='word_1_97' title='bbox 739 1727 842 1778; x_wconf 90' lang='lat' dir='ltr'><strong>reum,</strong></span> <span class='ocrx_word' id='word_1_98' title='bbox 867 1725 943 1770; x_wconf 90' lang='lat' dir='ltr'><strong>num</strong></span> <span class='ocrx_word' id='word_1_99' title='bbox 969 1706 1087 1772; x_wconf 90' lang='lat' dir='ltr'><strong>habeat</strong></span> <span class='ocrx_word' id='word_1_100' title='bbox 1102 1705 1294 1771; x_wconf 87' lang='lat' dir='ltr'><strong>advocatum</strong></span> <span class='ocrx_word' id='word_1_101' title='bbox 1317 1713 1351 1772; x_wconf 88' lang='lat' dir='ltr'><strong>et</strong></span> 
     </span>
     <span class='ocr_line' id='line_1_13' title="bbox 167 1831 1350 1917; baseline 0.005 -25"><span class='ocrx_word' id='word_1_102' title='bbox 167 1837 425 1913; x_wconf 89' lang='lat' dir='ltr'><strong>procuratorem,</strong></span> <span class='ocrx_word' id='word_1_103' title='bbox 443 1838 476 1894; x_wconf 87' lang='lat' dir='ltr'><strong>et</strong></span> <span class='ocrx_word' id='word_1_104' title='bbox 491 1832 519 1896; x_wconf 91' lang='lat' dir='ltr'><strong>si</strong></span> <span class='ocrx_word' id='word_1_105' title='bbox 535 1831 740 1917; x_wconf 90' lang='lat' dir='ltr'><strong>responderit</strong></span> <span class='ocrx_word' id='word_1_106' title='bbox 759 1833 920 1916; x_wconf 82' lang='lat' dir='ltr'><strong>negative,</strong></span> <span class='ocrx_word' id='word_1_107' title='bbox 937 1836 1067 1897; x_wconf 89' lang='lat' dir='ltr'><strong>tenetur</strong></span> <span class='ocrx_word' id='word_1_108' title='bbox 1083 1833 1151 1915; x_wconf 91' lang='lat' dir='ltr'><strong>ipse</strong></span> <span class='ocrx_word' id='word_1_109' title='bbox 1174 1850 1220 1897; x_wconf 77' lang='lat' dir='ltr'><strong>eor</strong></span> <span class='ocrx_word' id='word_1_110' title='bbox 1242 1831 1350 1915; x_wconf 81' lang='lat' dir='ltr'><strong>officio</strong></span> 
     </span>
     <span class='ocr_line' id='line_1_14' title="bbox 167 1951 1351 2042; baseline 0.004 -27"><span class='ocrx_word' id='word_1_111' title='bbox 167 1951 207 2018; x_wconf 90' lang='lat' dir='ltr'><strong>de</strong></span> <span class='ocrx_word' id='word_1_112' title='bbox 230 1953 296 2018; x_wconf 89' lang='lat' dir='ltr'><strong>illis</strong></span> <span class='ocrx_word' id='word_1_113' title='bbox 319 1973 392 2018; x_wconf 90' lang='lat' dir='ltr'><strong>eum</strong></span> <span class='ocrx_word' id='word_1_114' title='bbox 410 1955 584 2039; x_wconf 84' lang='lat' dir='ltr'><strong>providere</strong></span> <span class='ocrx_word' id='word_1_115' title='bbox 599 1957 626 2020; x_wconf 90' lang='lat' dir='ltr'><strong>si</strong></span> <span class='ocrx_word' id='word_1_116' title='bbox 642 1957 685 2022; x_wconf 90' lang='lat' dir='ltr'><strong>sit</strong></span> <span class='ocrx_word' id='word_1_117' title='bbox 703 1975 829 2041; x_wconf 91' lang='lat' dir='ltr'><strong>pauper</strong></span> <span class='ocrx_word' id='word_1_118' title='bbox 843 1961 877 2021; x_wconf 85' lang='lat' dir='ltr'><strong>et</strong></span> <span class='ocrx_word' id='word_1_119' title='bbox 896 1955 1087 2021; x_wconf 85' lang='lat' dir='ltr'><strong>miserabilis</strong></span> <span class='ocrx_word' id='word_1_120' title='bbox 1106 1975 1256 2042; x_wconf 88' lang='lat' dir='ltr'><strong>persona,</strong></span> <span class='ocrx_word' id='word_1_121' title='bbox 1269 1975 1351 2040; x_wconf 86' lang='lat' dir='ltr'><strong>quae</strong></span> 
     </span>
     <span class='ocr_line' id='line_1_15' title="bbox 166 2078 1349 2165; baseline 0.003 -23"><span class='ocrx_word' id='word_1_122' title='bbox 166 2078 249 2143; x_wconf 84' lang='lat' dir='ltr'><strong>alias</strong></span> <span class='ocrx_word' id='word_1_123' title='bbox 264 2098 302 2143; x_wconf 90' lang='lat' dir='ltr'><strong>se</strong></span> <span class='ocrx_word' id='word_1_124' title='bbox 318 2079 497 2144; x_wconf 87' lang='lat' dir='ltr'><strong>defendere</strong></span> <span class='ocrx_word' id='word_1_125' title='bbox 512 2099 577 2144; x_wconf 92' lang='lat' dir='ltr'><strong>non</strong></span> <span class='ocrx_word' id='word_1_126' title='bbox 592 2086 710 2165; x_wconf 88' lang='lat' dir='ltr'><strong>posset,</strong></span> <span class='ocrx_word' id='word_1_127' title='bbox 722 2099 764 2144; x_wconf 92' lang='lat' dir='ltr'><strong>ne</strong></span> <span class='ocrx_word' id='word_1_128' title='bbox 775 2079 1007 2164; x_wconf 86' lang='lat' dir='ltr'><strong>quodammodo</strong></span> <span class='ocrx_word' id='word_1_129' title='bbox 1022 2086 1136 2165; x_wconf 89' lang='lat' dir='ltr'><strong>pereat</strong></span> <span class='ocrx_word' id='word_1_130' title='bbox 1148 2080 1349 2157; x_wconf 87' lang='lat' dir='ltr'><strong>indefensus;</strong></span> 
     </span>
     <span class='ocr_line' id='line_1_16' title="bbox 167 2200 1350 2283; baseline 0.002 -19"><span class='ocrx_word' id='word_1_131' title='bbox 167 2200 251 2283; x_wconf 89' lang='lat' dir='ltr'><strong>quod</strong></span> <span class='ocrx_word' id='word_1_132' title='bbox 275 2202 385 2266; x_wconf 90' lang='lat' dir='ltr'><strong>omnia</strong></span> <span class='ocrx_word' id='word_1_133' title='bbox 410 2203 484 2266; x_wconf 89' lang='lat' dir='ltr'><strong>iura</strong></span> <span class='ocrx_word' id='word_1_134' title='bbox 510 2200 703 2274; x_wconf 90' lang='lat' dir='ltr'><strong>abhorrent,</strong></span> <span class='ocrx_word' id='word_1_135' title='bbox 728 2203 791 2266; x_wconf 89' lang='lat' dir='ltr'><strong>imo</strong></span> <span class='ocrx_word' id='word_1_136' title='bbox 815 2201 1038 2266; x_wconf 89' lang='lat' dir='ltr'><strong>defensionum</strong></span> <span class='ocrx_word' id='word_1_137' title='bbox 1067 2222 1195 2266; x_wconf 92' lang='lat' dir='ltr'><strong>reorum</strong></span> <span class='ocrx_word' id='word_1_138' title='bbox 1221 2223 1350 2268; x_wconf 89' lang='lat' dir='ltr'><strong>causam</strong></span> 
     </span>
     <span class='ocr_line' id='line_1_17' title="bbox 166 2327 1351 2412; baseline 0.003 -22"><span class='ocrx_word' id='word_1_139' title='bbox 166 2345 262 2408; x_wconf 90' lang='lat' dir='ltr'><strong>quam</strong></span> <span class='ocrx_word' id='word_1_140' title='bbox 285 2328 459 2412; x_wconf 88' lang='lat' dir='ltr'><strong>plurimum</strong></span> <span class='ocrx_word' id='word_1_141' title='bbox 477 2327 589 2394; x_wconf 82' lang='lat' dir='ltr'><strong>forent</strong></span> <span class='ocrx_word' id='word_1_142' title='bbox 604 2349 636 2390; x_wconf 73' lang='lat' dir='ltr'><strong>r.</strong></span> <span class='ocrx_word' id='word_1_143' title='bbox 653 2329 695 2392; x_wconf 86' lang='lat' dir='ltr'><strong>Et</strong></span> <span class='ocrx_word' id='word_1_144' title='bbox 710 2329 765 2393; x_wconf 83' lang='lat' dir='ltr'><strong>cit.</strong></span> <span class='ocrx_word' id='word_1_145' title='bbox 784 2329 882 2394; x_wconf 88' lang='lat' dir='ltr'><strong>instr.</strong></span> <span class='ocrx_word' id='word_1_146' title='bbox 898 2329 966 2394; x_wconf 77' lang='lat' dir='ltr'><strong>Eu.</strong></span> <span class='ocrx_word' id='word_1_147' title='bbox 983 2334 1016 2392; x_wconf 88' lang='lat' dir='ltr'><strong>et</strong></span> <span class='ocrx_word' id='word_1_148' title='bbox 1032 2329 1103 2393; x_wconf 83' lang='lat' dir='ltr'><strong>Rit.</strong></span> <span class='ocrx_word' id='word_1_149' title='bbox 1121 2329 1189 2394; x_wconf 85' lang='lat' dir='ltr'><strong>diei</strong></span> <span class='ocrx_word' id='word_1_150' title='bbox 1206 2329 1240 2392; x_wconf 86' lang='lat'><strong>11</strong></span> <span class='ocrx_word' id='word_1_151' title='bbox 1257 2329 1351 2394; x_wconf 77' lang='lat' dir='ltr'><strong>funii</strong></span> 
     </span>
     <span class='ocr_line' id='line_1_18' title="bbox 166 2450 1347 2535; baseline 0.003 -20"><span class='ocrx_word' id='word_1_152' title='bbox 166 2450 269 2531; x_wconf 83' lang='lat'><strong>1880,</strong></span> <span class='ocrx_word' id='word_1_153' title='bbox 282 2456 348 2516; x_wconf 87' lang='lat' dir='ltr'><strong>art.</strong></span> <span class='ocrx_word' id='word_1_154' title='bbox 365 2451 406 2517; x_wconf 85' lang='lat'><strong>31</strong></span> <span class='ocrx_word' id='word_1_155' title='bbox 431 2452 532 2518; x_wconf 85' lang='lat' dir='ltr'><strong>iubet:</strong></span> <span class='ocrx_word' id='word_1_156' title='bbox 555 2453 763 2523; x_wconf 74' lang='lat' dir='ltr'><strong>«Quatenus</strong></span> <span class='ocrx_word' id='word_1_157' title='bbox 777 2459 984 2535; x_wconf 74' lang='lat' dir='ltr'><strong>praeventus</strong></span> <span class='ocrx_word' id='word_1_158' title='bbox 1007 2453 1208 2518; x_wconf 78' lang='lat' dir='ltr'><strong>constituere</strong></span> <span class='ocrx_word' id='word_1_159' title='bbox 1230 2452 1347 2534; x_wconf 76' lang='lat' dir='ltr'><strong>defea-</strong></span> 
     </span>
    </p>

    <p class='ocr_par' dir='ltr' id='par_1_5' title="bbox 114 2560 1351 3780">
     <span class='ocr_line' id='line_1_19' title="bbox 114 2560 1350 2661; baseline 0.002 -22"><span class='ocrx_word' id='word_1_160' title='bbox 114 2560 120 2573; x_wconf 72' lang='grc'><em>’</em></span> <span class='ocrx_word' id='word_1_161' title='bbox 166 2594 281 2641; x_wconf 79' lang='lat' dir='ltr'><strong>sorem</strong></span> <span class='ocrx_word' id='word_1_162' title='bbox 306 2584 449 2652; x_wconf 80' lang='lat' dir='ltr'><strong>renuat,</strong></span> <span class='ocrx_word' id='word_1_163' title='bbox 476 2578 682 2644; x_wconf 62' lang='lat' dir='ltr'><strong>Ordine-ius</strong></span> <span class='ocrx_word' id='word_1_164' title='bbox 705 2577 849 2644; x_wconf 70' lang='lat' dir='ltr'><strong>comatit</strong></span> <span class='ocrx_word' id='word_1_165' title='bbox 873 2578 1104 2645; x_wconf 77' lang='lat' dir='ltr'><strong>constituendo</strong></span> <span class='ocrx_word' id='word_1_166' title='bbox 1128 2577 1278 2661; x_wconf 82' lang='lat' dir='ltr'><strong>aliquem</strong></span> <span class='ocrx_word' id='word_1_167' title='bbox 1305 2596 1350 2642; x_wconf 84' lang='lat' dir='ltr'><strong>eor</strong></span> 
     </span>
     <span class='ocr_line' id='line_1_20' title="bbox 167 2677 1349 2787; baseline -0.001 -21"><span class='ocrx_word' id='word_1_168' title='bbox 167 2700 278 2784; x_wconf 79' lang='lat' dir='ltr'><strong>officio</strong></span> <span class='ocrx_word' id='word_1_169' title='bbox 293 2722 325 2764; x_wconf 76' lang='lat' dir='ltr'><strong>r.</strong></span> <span class='ocrx_word' id='word_1_170' title='bbox 348 2701 408 2775; x_wconf 87' lang='lat' dir='ltr'><strong>Qui</strong></span> <span class='ocrx_word' id='word_1_171' title='bbox 433 2703 591 2767; x_wconf 82' lang='lat' dir='ltr'><strong>articulus</strong></span> <span class='ocrx_word' id='word_1_172' title='bbox 614 2677 843 2787; x_wconf 81' lang='lat' dir='ltr'><strong>intelligendus</strong></span> <span class='ocrx_word' id='word_1_173' title='bbox 866 2706 923 2773; x_wconf 85' lang='lat' dir='ltr'><strong>est,</strong></span> <span class='ocrx_word' id='word_1_174' title='bbox 941 2722 1005 2765; x_wconf 93' lang='lat' dir='ltr'><strong>non</strong></span> <span class='ocrx_word' id='word_1_175' title='bbox 1022 2700 1197 2786; x_wconf 88' lang='lat' dir='ltr'><strong>prohibere</strong></span> <span class='ocrx_word' id='word_1_176' title='bbox 1214 2720 1305 2765; x_wconf 90' lang='lat' dir='ltr'><strong>reum</strong></span> <span class='ocrx_word' id='word_1_177' title='bbox 1329 2721 1349 2765; x_wconf 86' lang='lat' dir='ltr'><strong>a</strong></span> 
     </span>
     <span class='ocr_line' id='line_1_21' title="bbox 166 2823 1348 2910; baseline 0.002 -22"><span class='ocrx_word' id='word_1_178' title='bbox 166 2823 368 2905; x_wconf 86' lang='lat' dir='ltr'><strong>defensione,</strong></span> <span class='ocrx_word' id='word_1_179' title='bbox 381 2845 476 2909; x_wconf 90' lang='lat' dir='ltr'><strong>quam</strong></span> <span class='ocrx_word' id='word_1_180' title='bbox 487 2827 556 2910; x_wconf 88' lang='lat' dir='ltr'><strong>ipse</strong></span> <span class='ocrx_word' id='word_1_181' title='bbox 567 2825 629 2891; x_wconf 92' lang='lat' dir='ltr'><strong>sibi</strong></span> <span class='ocrx_word' id='word_1_182' title='bbox 645 2825 754 2900; x_wconf 85' lang='lat' dir='ltr'><strong>faciat,</strong></span> <span class='ocrx_word' id='word_1_183' title='bbox 766 2828 794 2891; x_wconf 89' lang='lat' dir='ltr'><strong>si</strong></span> <span class='ocrx_word' id='word_1_184' title='bbox 806 2826 883 2891; x_wconf 92' lang='lat' dir='ltr'><strong>huic</strong></span> <span class='ocrx_word' id='word_1_185' title='bbox 898 2826 1026 2889; x_wconf 90' lang='lat' dir='ltr'><strong>muneri</strong></span> <span class='ocrx_word' id='word_1_186' title='bbox 1042 2824 1176 2889; x_wconf 91' lang='lat' dir='ltr'><strong>idonens</strong></span> <span class='ocrx_word' id='word_1_187' title='bbox 1191 2824 1348 2898; x_wconf 88' lang='lat' dir='ltr'><strong>videatur,</strong></span> 
     </span>
     <span class='ocr_line' id='line_1_22' title="bbox 167 2947 1349 3036; baseline 0.003 -25"><span class='ocrx_word' id='word_1_188' title='bbox 167 2948 224 3012; x_wconf 87' lang='lat' dir='ltr'><strong>sed</strong></span> <span class='ocrx_word' id='word_1_189' title='bbox 247 2947 418 3013; x_wconf 88' lang='lat' dir='ltr'><strong>dumtaxat</strong></span> <span class='ocrx_word' id='word_1_190' title='bbox 439 2948 554 3013; x_wconf 89' lang='lat' dir='ltr'><strong>iubere</strong></span> <span class='ocrx_word' id='word_1_191' title='bbox 578 2949 715 3015; x_wconf 91' lang='lat' dir='ltr'><strong>iudicem</strong></span> <span class='ocrx_word' id='word_1_192' title='bbox 736 2956 772 3014; x_wconf 88' lang='lat' dir='ltr'><strong>ut</strong></span> <span class='ocrx_word' id='word_1_193' title='bbox 794 2949 927 3036; x_wconf 87' lang='lat' dir='ltr'><strong>deputet</strong></span> <span class='ocrx_word' id='word_1_194' title='bbox 949 2948 1138 3014; x_wconf 86' lang='lat' dir='ltr'><strong>advocatum</strong></span> <span class='ocrx_word' id='word_1_195' title='bbox 1155 2954 1211 3013; x_wconf 86' lang='lat' dir='ltr'><strong>ant</strong></span> <span class='ocrx_word' id='word_1_196' title='bbox 1233 2970 1349 3034; x_wconf 89' lang='lat' dir='ltr'><strong>procu·</strong></span> 
     </span>
     <span class='ocr_line' id='line_1_23' title="bbox 168 3072 1349 3157; baseline 0.001 -20"><span class='ocrx_word' id='word_1_197' title='bbox 168 3079 314 3139; x_wconf 81' lang='lat' dir='ltr'><strong>retorem</strong></span> <span class='ocrx_word' id='word_1_198' title='bbox 338 3092 385 3138; x_wconf 73' lang='lat' dir='ltr'><strong>ee:</strong></span> <span class='ocrx_word' id='word_1_199' title='bbox 407 3073 526 3157; x_wconf 82' lang='lat' dir='ltr'><strong>officio,</strong></span> <span class='ocrx_word' id='word_1_200' title='bbox 552 3076 578 3137; x_wconf 90' lang='lat' dir='ltr'><strong>si</strong></span> <span class='ocrx_word' id='word_1_201' title='bbox 603 3094 679 3139; x_wconf 89' lang='lat' dir='ltr'><strong>reus</strong></span> <span class='ocrx_word' id='word_1_202' title='bbox 702 3094 809 3157; x_wconf 89' lang='lat' dir='ltr'><strong>neque</strong></span> <span class='ocrx_word' id='word_1_203' title='bbox 832 3074 965 3139; x_wconf 90' lang='lat' dir='ltr'><strong>idoneus</strong></span> <span class='ocrx_word' id='word_1_204' title='bbox 989 3079 1038 3138; x_wconf 85' lang='lat' dir='ltr'><strong>est</strong></span> <span class='ocrx_word' id='word_1_205' title='bbox 1061 3092 1138 3139; x_wconf 86' lang='lat' dir='ltr'><strong>suae</strong></span> <span class='ocrx_word' id='word_1_206' title='bbox 1161 3072 1349 3148; x_wconf 85' lang='lat' dir='ltr'><strong>defensioni,</strong></span> 
     </span>
     <span class='ocr_line' id='line_1_24' title="bbox 167 3198 1351 3284; baseline 0.003 -22"><span class='ocrx_word' id='word_1_207' title='bbox 167 3219 275 3283; x_wconf 84' lang='lat' dir='ltr'><strong>neque</strong></span> <span class='ocrx_word' id='word_1_208' title='bbox 301 3198 496 3264; x_wconf 84' lang='lat' dir='ltr'><strong>advocatum</strong></span> <span class='ocrx_word' id='word_1_209' title='bbox 519 3205 575 3264; x_wconf 90' lang='lat' dir='ltr'><strong>aut</strong></span> <span class='ocrx_word' id='word_1_210' title='bbox 597 3206 846 3284; x_wconf 89' lang='lat' dir='ltr'><strong>procuratorem</strong></span> <span class='ocrx_word' id='word_1_211' title='bbox 874 3200 933 3266; x_wconf 87' lang='lat' dir='ltr'><strong>sibi</strong></span> <span class='ocrx_word' id='word_1_212' title='bbox 958 3202 1140 3265; x_wconf 89' lang='lat' dir='ltr'><strong>constituat.</strong></span> <span class='ocrx_word' id='word_1_213' title='bbox 1167 3235 1184 3248; x_wconf 96' lang='lat'>·</span> <span class='ocrx_word' id='word_1_214' title='bbox 1210 3199 1351 3265; x_wconf 69' lang='lat' dir='ltr'><strong>(lavetur</strong></span> 
     </span>
     <span class='ocr_line' id='line_1_25' title="bbox 168 3324 1349 3409; baseline 0 -20"><span class='ocrx_word' id='word_1_215' title='bbox 168 3327 255 3391; x_wconf 89' lang='lat' dir='ltr'><strong>euim</strong></span> <span class='ocrx_word' id='word_1_216' title='bbox 279 3326 313 3389; x_wconf 91' lang='lat' dir='ltr'><strong>in</strong></span> <span class='ocrx_word' id='word_1_217' title='bbox 336 3331 400 3388; x_wconf 91' lang='lat' dir='ltr'><strong>art.</strong></span> <span class='ocrx_word' id='word_1_218' title='bbox 421 3324 629 3409; x_wconf 87' lang='lat' dir='ltr'><strong>praecedenti</strong></span> <span class='ocrx_word' id='word_1_219' title='bbox 646 3325 705 3390; x_wconf 89' lang='lat'><strong>30:</strong></span> <span class='ocrx_word' id='word_1_220' title='bbox 733 3326 814 3390; x_wconf 81' lang='lat' dir='ltr'><strong>‹Io</strong></span> <span class='ocrx_word' id='word_1_221' title='bbox 837 3324 893 3391; x_wconf 83' lang='lat' dir='ltr'><strong>die</strong></span> <span class='ocrx_word' id='word_1_222' title='bbox 915 3344 983 3409; x_wconf 82' lang='lat' dir='ltr'><strong>quo</strong></span> <span class='ocrx_word' id='word_1_223' title='bbox 1007 3344 1111 3391; x_wconf 82' lang='lat' dir='ltr'><strong>causo</strong></span> <span class='ocrx_word' id='word_1_224' title='bbox 1132 3326 1349 3408; x_wconf 69' lang='lat' dir='ltr'><strong>proponitur,</strong></span> 
     </span>
     <span class='ocr_line' id='line_1_26' title="bbox 168 3448 1349 3531; baseline 0 -18"><span class='ocrx_word' id='word_1_225' title='bbox 168 3468 229 3513; x_wconf 84' lang='lat' dir='ltr'><strong>nsr</strong></span> <span class='ocrx_word' id='word_1_226' title='bbox 246 3468 284 3513; x_wconf 81' lang='lat' dir='ltr'><strong>ru</strong></span> <span class='ocrx_word' id='word_1_227' title='bbox 300 3466 497 3514; x_wconf 74' lang='lat' dir='ltr'><strong>rncnnrnra</strong></span> <span class='ocrx_word' id='word_1_228' title='bbox 514 3449 664 3515; x_wconf 66' lang='lat' dir='ltr'><strong>commati</strong></span> <span class='ocrx_word' id='word_1_229' title='bbox 685 3448 838 3531; x_wconf 74' lang='lat' dir='ltr'><strong>faciendi</strong></span> <span class='ocrx_word' id='word_1_230' title='bbox 852 3468 888 3513; x_wconf 88' lang='lat' dir='ltr'><strong>se</strong></span> <span class='ocrx_word' id='word_1_231' title='bbox 902 3455 1160 3529; x_wconf 77' lang='lat' dir='ltr'><strong>repraesentare</strong></span> <span class='ocrx_word' id='word_1_232' title='bbox 1184 3454 1214 3513; x_wconf 84' lang='lat' dir='ltr'><strong>et</strong></span> <span class='ocrx_word' id='word_1_233' title='bbox 1233 3448 1349 3531; x_wconf 75' lang='lat' dir='ltr'><strong>defea-</strong></span> 
     </span>
     <span class='ocr_line' id='line_1_27' title="bbox 168 3572 1351 3657; baseline -0.002 -18"><span class='ocrx_word' id='word_1_234' title='bbox 168 3575 251 3639; x_wconf 76' lang='lat' dir='ltr'><strong>dere</strong></span> <span class='ocrx_word' id='word_1_235' title='bbox 278 3572 324 3638; x_wconf 84' lang='lat' dir='ltr'><strong>ab</strong></span> <span class='ocrx_word' id='word_1_236' title='bbox 350 3574 419 3639; x_wconf 85' lang='lat' dir='ltr'><strong>atio</strong></span> <span class='ocrx_word' id='word_1_237' title='bbox 453 3574 629 3641; x_wconf 85' lang='lat' dir='ltr'><strong>sacerdote</strong></span> <span class='ocrx_word' id='word_1_238' title='bbox 655 3579 717 3639; x_wconf 84' lang='lat' dir='ltr'><strong>out</strong></span> <span class='ocrx_word' id='word_1_239' title='bbox 743 3574 829 3640; x_wconf 85' lang='lat' dir='ltr'><strong>laico</strong></span> <span class='ocrx_word' id='word_1_240' title='bbox 861 3573 1132 3657; x_wconf 75' lang='lat' dir='ltr'><strong>patrocinatore,</strong></span> <span class='ocrx_word' id='word_1_241' title='bbox 1158 3579 1260 3638; x_wconf 78' lang='lat' dir='ltr'><strong>antea</strong></span> <span class='ocrx_word' id='word_1_242' title='bbox 1285 3591 1351 3656; x_wconf 85' lang='lat' dir='ltr'><strong>per</strong></span> 
     </span>
     <span class='ocr_line' id='line_1_28' title="bbox 170 3697 657 3780; baseline -0.006 -17"><span class='ocrx_word' id='word_1_243' title='bbox 170 3697 400 3763; x_wconf 62' lang='lat' dir='ltr'><strong>Ordinamum</strong></span> <span class='ocrx_word' id='word_1_244' title='bbox 423 3698 657 3780; x_wconf 78' lang='lat' dir='ltr'><strong>approbato».</strong></span> 
     </span>
    </p>

    <p class='ocr_par' dir='ltr' id='par_1_6' title="bbox 168 3821 1352 4530">
     <span class='ocr_line' id='line_1_29' title="bbox 259 3821 1350 3907; baseline -0.005 -20"><span class='ocrx_word' id='word_1_245' title='bbox 259 3822 396 3887; x_wconf 87' lang='lat' dir='ltr'><strong>Demum</strong></span> <span class='ocrx_word' id='word_1_246' title='bbox 410 3824 596 3907; x_wconf 77' lang='lat' dir='ltr'><strong>Episcopus,</strong></span> <span class='ocrx_word' id='word_1_247' title='bbox 609 3828 741 3907; x_wconf 87' lang='lat' dir='ltr'><strong>praeter</strong></span> <span class='ocrx_word' id='word_1_248' title='bbox 756 3841 847 3886; x_wconf 84' lang='lat' dir='ltr'><strong>suam</strong></span> <span class='ocrx_word' id='word_1_249' title='bbox 864 3822 1140 3905; x_wconf 80' lang='lat' dir='ltr'><strong>approbationem,</strong></span> <span class='ocrx_word' id='word_1_250' title='bbox 1155 3822 1250 3884; x_wconf 89' lang='lat' dir='ltr'><strong>etiam</strong></span> <span class='ocrx_word' id='word_1_251' title='bbox 1262 3821 1350 3883; x_wconf 92' lang='lat' dir='ltr'><strong>iura-</strong></span> 
     </span>
     <span class='ocr_line' id='line_1_30' title="bbox 168 3943 1352 4032; baseline -0.002 -22"><span class='ocrx_word' id='word_1_252' title='bbox 168 3952 315 4011; x_wconf 89' lang='lat' dir='ltr'><strong>mentum</strong></span> <span class='ocrx_word' id='word_1_253' title='bbox 339 3948 475 4032; x_wconf 85' lang='lat' dir='ltr'><strong>exigere</strong></span> <span class='ocrx_word' id='word_1_254' title='bbox 498 3947 587 4009; x_wconf 88' lang='lat' dir='ltr'><strong>valet</strong></span> <span class='ocrx_word' id='word_1_255' title='bbox 609 3946 649 4009; x_wconf 92' lang='lat' dir='ltr'><strong>ab</strong></span> <span class='ocrx_word' id='word_1_256' title='bbox 673 3946 841 4024; x_wconf 87' lang='lat' dir='ltr'><strong>advocato,</strong></span> <span class='ocrx_word' id='word_1_257' title='bbox 869 3944 895 4008; x_wconf 90' lang='lat' dir='ltr'><strong>si</strong></span> <span class='ocrx_word' id='word_1_258' title='bbox 921 3944 982 4008; x_wconf 92' lang='lat' dir='ltr'><strong>hoc</strong></span> <span class='ocrx_word' id='word_1_259' title='bbox 1003 3944 1185 4028; x_wconf 87' lang='lat' dir='ltr'><strong>expostulet</strong></span> <span class='ocrx_word' id='word_1_260' title='bbox 1208 3943 1352 4027; x_wconf 85' lang='lat' dir='ltr'><strong>gravitas</strong></span> 
     </span>
     <span class='ocr_line' id='line_1_31' title="bbox 169 4064 1352 4151; baseline -0.004 -16"><span class='ocrx_word' id='word_1_261' title='bbox 169 4090 299 4135; x_wconf 85' lang='lat' dir='ltr'><strong>causae.</strong></span> <span class='ocrx_word' id='word_1_262' title='bbox 326 4070 418 4134; x_wconf 91' lang='lat' dir='ltr'><strong>iubet</strong></span> <span class='ocrx_word' id='word_1_263' title='bbox 441 4072 527 4135; x_wconf 89' lang='lat' dir='ltr'><strong>emm</strong></span> <span class='ocrx_word' id='word_1_264' title='bbox 542 4076 606 4134; x_wconf 85' lang='lat' dir='ltr'><strong>art.</strong></span> <span class='ocrx_word' id='word_1_265' title='bbox 624 4068 675 4135; x_wconf 79' lang='lat'><strong>32</strong></span> <span class='ocrx_word' id='word_1_266' title='bbox 688 4066 829 4134; x_wconf 85' lang='lat' dir='ltr'><strong>eiusdem</strong></span> <span class='ocrx_word' id='word_1_267' title='bbox 857 4071 934 4133; x_wconf 85' lang='lat' dir='ltr'><strong>inst.</strong></span> <span class='ocrx_word' id='word_1_268' title='bbox 958 4070 1072 4151; x_wconf 82' lang='lat' dir='ltr'><strong>&lt;Ipse</strong></span> <span class='ocrx_word' id='word_1_269' title='bbox 1095 4086 1229 4151; x_wconf 81' lang='lat' dir='ltr'><strong>quoque</strong></span> <span class='ocrx_word' id='word_1_270' title='bbox 1246 4064 1352 4151; x_wconf 90' lang='lat' dir='ltr'><strong>(advo-</strong></span> 
     </span>
     <span class='ocr_line' id='line_1_32' title="bbox 168 4192 1352 4279; baseline -0.003 -20"><span class='ocrx_word' id='word_1_271' title='bbox 168 4195 274 4279; x_wconf 85' lang='lat' dir='ltr'><strong>catus)</strong></span> <span class='ocrx_word' id='word_1_272' title='bbox 287 4194 464 4260; x_wconf 73' lang='lat' dir='ltr'><strong>subiimtur</strong></span> <span class='ocrx_word' id='word_1_273' title='bbox 479 4196 576 4262; x_wconf 78' lang='lat' dir='ltr'><strong>onem&#39;</strong></span> <span class='ocrx_word' id='word_1_274' title='bbox 591 4196 711 4260; x_wconf 82' lang='lat' dir='ltr'><strong>secreti</strong></span> <span class='ocrx_word' id='word_1_275' title='bbox 725 4194 840 4266; x_wconf 82' lang='lat' dir='ltr'><strong>iurati,</strong></span> <span class='ocrx_word' id='word_1_276' title='bbox 857 4199 1026 4277; x_wconf 79' lang='lat' dir='ltr'><strong>quotenus</strong></span> <span class='ocrx_word' id='word_1_277' title='bbox 1041 4192 1225 4258; x_wconf 81' lang='lat' dir='ltr'><strong>Ordioorro</strong></span> <span class='ocrx_word' id='word_1_278' title='bbox 1240 4192 1352 4257; x_wconf 84' lang='lat' dir='ltr'><strong>videa·</strong></span> 
     </span>
     <span class='ocr_line' id='line_1_33' title="bbox 170 4315 1350 4401; baseline -0.003 -18"><span class='ocrx_word' id='word_1_279' title='bbox 170 4326 229 4383; x_wconf 80' lang='lat' dir='ltr'><strong>tur</strong></span> <span class='ocrx_word' id='word_1_280' title='bbox 251 4318 403 4385; x_wconf 76' lang='lat' dir='ltr'><strong>indolem</strong></span> <span class='ocrx_word' id='word_1_281' title='bbox 434 4338 558 4384; x_wconf 82' lang='lat' dir='ltr'><strong>causae</strong></span> <span class='ocrx_word' id='word_1_282' title='bbox 588 4320 625 4384; x_wconf 83' lang='lat' dir='ltr'><strong>id</strong></span> <span class='ocrx_word' id='word_1_283' title='bbox 654 4320 875 4401; x_wconf 70' lang='lat' dir='ltr'><strong>eapostulore</strong></span> <span class='ocrx_word' id='word_1_284' title='bbox 896 4338 925 4381; x_wconf 84' lang='lat'><strong>›.</strong></span> <span class='ocrx_word' id='word_1_285' title='bbox 959 4318 1124 4382; x_wconf 86' lang='lat' dir='ltr'><strong>Hactenus</strong></span> <span class='ocrx_word' id='word_1_286' title='bbox 1148 4315 1188 4381; x_wconf 92' lang='lat' dir='ltr'><strong>de</strong></span> <span class='ocrx_word' id='word_1_287' title='bbox 1211 4336 1350 4383; x_wconf 81' lang='lat' dir='ltr'><strong>reorum</strong></span> 
     </span>
     <span class='ocr_line' id='line_1_34' title="bbox 169 4444 636 4530; baseline 0 -22"><span class='ocrx_word' id='word_1_288' title='bbox 169 4444 330 4509; x_wconf 78' lang='lat' dir='ltr'><strong>advocato</strong></span> <span class='ocrx_word' id='word_1_289' title='bbox 354 4450 387 4509; x_wconf 91' lang='lat' dir='ltr'><strong>et</strong></span> <span class='ocrx_word' id='word_1_290' title='bbox 413 4452 636 4530; x_wconf 87' lang='lat' dir='ltr'><strong>procuratore.</strong></span> 
     </span>
    </p>
   </div>
   <div class='ocr_carea' id='block_1_3' title="bbox 0 0 1680 5100">
    <p class='ocr_par' dir='ltr' id='par_1_7' title="bbox 0 0 1680 5100">
     <span class='ocr_line' id='line_1_35' title="bbox 0 0 1680 5100; baseline 0 0"><span class='ocrx_word' id='word_1_291' title='bbox 0 0 1680 5100; x_wconf 95' lang='lat' dir='ltr'><strong> </strong></span> 
     </span>
    </p>
   </div>
  </div>
 </body>
</html>
