3350 5100
614 315 820 365 monuerunt
845 316 893 364 ιι.
1034 390 1040 396 -
1278 295 1346 364 605

163 444 230 495 sunt
248 456 337 511 neque
356 456 416 495 esse
434 444 550 509 possunt
569 437 639 493 baec
657 436 822 492 authentica
846 437 1022 503 documenta,
1040 437 1106 491 aliis
1124 437 1298 507 argumentis
1317 440 1347 493 et

164 546 229 603 aliis
250 547 462 617 probationibus
485 564 555 616 opus
573 550 626 612 eet,
643 562 716 617 qnae
732 562 751 598 a
769 545 861 600 iudice
884 544 981 600 sedulo
1005 550 1088 599 erunt
1111 542 1295 613 colligendae.
1315 544 1346 599 In

164 652 262 723 primis
279 655 476 722 argumentum
499 651 606 705 desumi
631 654 723 721 potest
741 668 777 707 ex
794 650 969 721 depositione
993 649 1109 706 testium
1131 650 1214 705 fldem
1238 667 1347 705 meren·

164 760 246 827 tium,
264 760 287 813 si
306 760 358 829 ipsi
378 759 412 814 de
430 759 492 813 visu
510 763 629 813 mortem
647 758 735 823 illius,
754 758 788 813 de
807 774 863 829 quo
879 758 984 827 agitur,
1002 774 1101 813 revera
1122 758 1255 813 accidisse
1274 758 1348 813 affir-

165 866 313 929 maverint,
331 869 381 919 aut
399 864 472 920 idem
497 864 668 921 asseruerint
687 882 721 919 ex
740 864 847 929 auditu,
867 864 1014 917 dummodo
1032 880 1088 919 non
1106 880 1141 918 ex
1160 879 1233 933 vaga
1251 864 1347 935 aliqua

167 970 313 1035 relatione,
331 970 379 1025 sed
392 988 409 1023 a
422 970 547 1039 personis
564 970 679 1025 minime
698 970 834 1039 suspectis
854 968 980 1039 proprias
998 968 1211 1023 informationes
1228 985 1258 1023 se
1276 967 1349 1023 hau-

166 1077 235 1133 sisse
258 1080 405 1132 testentur.
431 1076 479 1131 lsti
504 1080 591 1132 testes
615 1080 699 1131 erunt
722 1076 928 1146 interrogandi,
951 1080 1044 1129 utrum
1068 1078 1140 1131 bene
1164 1075 1349 1146 cognoverint

166 1199 248 1255 quem
267 1192 408 1237 mortuum
432 1187 576 1249 asserunt;
600 1199 655 1253 quo
679 1188 882 1253 tempore,quo
900 1182 964 1236 loco
981 1197 1056 1236 mors
1080 1182 1223 1249 acciderit,
1240 1199 1297 1253 qna
1314 1182 1348 1238 de

166 1303 259 1354 cansa,
279 1288 326 1340 ubi
344 1286 462 1358 cadaver
487 1286 637 1356 sepultum,
657 1290 749 1341 utrum
772 1287 866 1341 adsint
882 1292 912 1341 et
931 1288 978 1340 ubi
997 1292 1204 1341 commorentur
1222 1286 1282 1351 alii,
1300 1286 1349 1358 qui

167 1394 200 1449 de
219 1394 271 1449 hoc
289 1396 365 1449 lacto
383 1395 514 1449 instructi
533 1394 590 1449 sint
608 1398 658 1448 aut
677 1410 737 1449 esse
756 1394 872 1464 possint
885 1396 929 1449 Ab
948 1393 1007 1448 illis
1025 1410 1103 1461 vero,
1116 1396 1164 1465 qui
1177 1411 1213 1449 ex
1227 1395 1347 1449 aliorum

167 1501 304 1557 relatione
328 1502 478 1572 deponunt,
503 1502 558 1557 erit
582 1518 692 1573 quoque
717 1501 927 1573 inquirendum,
945 1502 1082 1573 aquibus
1106 1502 1180 1557 tales
1204 1501 1350 1557 hauserint

117 1658 120 1665 .
168 1610 291 1677 notitias,
310 1627 326 1663 a
345 1625 400 1681 quo
418 1615 543 1679 tempore
561 1611 638 1663 farne
650 1610 683 1664 de
696 1614 787 1664 morte
805 1608 917 1679 vulgari
936 1609 1070 1679 coeperit,
1084 1614 1115 1663 et
1132 1609 1198 1680 quid
1217 1610 1270 1679 ipsi
1288 1626 1350 1665 een·

167 1718 242 1772 tiant
266 1719 299 1771 de
324 1718 464 1787 probitate
482 1722 512 1773 et
529 1716 716 1773 credibilitate
735 1732 843 1783 eorum,
863 1716 910 1787 qui
936 1718 1066 1785 primitus
1090 1718 1124 1771 de
1149 1734 1180 1773 re
1204 1718 1260 1771 ista
1283 1725 1350 1775 sunt

168 1824 287 1897 loquuti,
311 1830 404 1879 utrum
426 1825 472 1879 isti
492 1823 662 1895 peculiarem
687 1824 809 1895 aliquam
835 1824 973 1878 rationem
996 1823 1147 1879 habuerint
1171 1830 1222 1879 aut
1245 1825 1350 1882 habere

170 1933 312 2002 potuerint
324 1938 356 1986 ut
374 1930 460 1986 talem
480 1932 608 1987 notitiam
628 1930 804 1999 evulgarent.
818 1930 869 1984 His
887 1930 1018 2000 cognitis,
1032 1932 1061 1983 in
1080 1931 1213 1985 iudicium
1232 1932 1350 1986 vcoendi

160 2028 254 2093 ¹eruut
270 2043 358 2092 testes
375 2037 492 2104 inducti,
510 2042 540 2092 et
558 2036 655 2092 eodem
673 2037 754 2091 modo
778 2036 900 2091 examini
924 2036 1100 2103 subiiciendi,
1118 2042 1151 2091 ut
1168 2038 1282 2093 tandem
1299 2036 1352 2091 ali·

169 2144 279 2215 quando
298 2143 343 2198 vel
362 2143 396 2197 ad
416 2148 500 2198 testes
519 2143 553 2203 de
571 2144 641 2211 visu,
660 2143 705 2197 vel
724 2144 757 2197 ad
784 2148 863 2198 certa
886 2143 1054 2198 documenta
1077 2144 1231 2199 obtinenda
1255 2160 1352 2213 perre-

170 2252 272 2306 niatur.
285 2251 497 2305 Animadvertat
510 2250 601 2317 iudex,
613 2268 649 2305 ne
665 2250 797 2304 admittat
815 2266 872 2316 eos,
884 2251 932 2321 qui
951 2255 1051 2320 sponte
1068 2251 1104 2305 ad
1122 2268 1240 2306 examen
1259 2268 1353 2305 acces·

171 2358 267 2421 serint,
285 2356 351 2426 quia
376 2354 523 2411 mendaces
547 2362 778 2425 praesumuntur,
797 2360 826 2410 et
844 2356 869 2409 si
894 2356 1021 2426 requisiti
1042 2356 1156 2422 fuerint,
1179 2362 1297 2426 quaerat
1315 2358 1351 2430 ab

171 2463 220 2529 eis,
233 2480 250 2517 a
265 2462 439 2533 quibusnam,
458 2462 516 2530 ubi,
534 2463 653 2535 quando,
671 2462 818 2534 quomodo,
837 2479 931 2517 coram
950 2464 1060 2534 quibus,
1072 2466 1102 2515 et
1119 2464 1230 2532 quoties
1247 2464 1353 2519 tuerint

171 2573 314 2644 requisiti;
335 2575 429 2625 utrum
448 2586 498 2640 pro
516 2570 569 2624 boc
587 2571 751 2626 testimonio
775 2571 890 2626 ferendo
913 2571 1000 2624 fuerit
1024 2572 1091 2640 ipsis
1115 2571 1222 2641 aliquid
1247 2572 1351 2636 datum,

171 2677 345 2748 promissum,
364 2677 518 2744 remissum,
531 2677 576 2732 vel
594 2677 720 2732 oblatum
733 2696 751 2730 a
763 2678 889 2746 personis
906 2677 1043 2733 interesse
1061 2677 1238 2744 habentibus,
1256 2678 1350 2735 veleb

171 2783 236 2838 aliis
254 2799 349 2837 eorum
369 2783 489 2837 nomine.
512 2781 649 2838 Similiter
673 2783 810 2850 advertat,
830 2799 886 2838 non
903 2799 964 2838 esse
982 2784 1168 2840 admittendos
1188 2790 1286 2851 testes,
1303 2787 1352 2857 qni

172 2905 313 2960 personas,
325 2890 358 2944 de
370 2889 472 2960 quibus
490 2889 592 2959 agitur,
607 2889 689 2959 plene
707 2905 763 2944 non
783 2894 969 2959 cognoscant3
988 2895 1017 2945 et
1035 2900 1240 2962 consequenter
1257 2898 1354 2948 extra·

172 3011 240 3050 neos
258 3011 314 3050 non
333 3011 393 3050 esse
411 2999 499 3049 testes
516 2993 637 3061 idoneos,
658 2995 742 3049 nisis
760 2995 846 3064 longo
864 3002 990 3068 tempore
1002 2997 1031 3050 in
1044 2997 1107 3052 loco
1123 2998 1238 3065 tuerint,
1256 3004 1354 3055 antea

172 3099 361 3171 peculiaribus
379 3100 596 3156 circumstantiis
617 3105 752 3172 appareat
770 3119 818 3156 eos
836 3102 1023 3172 cognitionem
1049 3102 1154 3158 habere
1178 3104 1301 3173 potuisse
1319 3105 1354 3160 ds

172 3208 216 3274 iis,
228 3223 300 3278 quae
319 3213 459 3262 enarrant.
478 3206 598 3268 Quodsi
618 3213 705 3264 testes
723 3208 782 3263 sire
794 3209 828 3263 de
848 3209 918 3276 visu,
935 3211 995 3264 sive
1012 3209 1047 3265 de
1065 3211 1161 3265 auditu
1181 3209 1278 3266 baberi
1297 3227 1354 3266 non

173 3316 312 3384 poterunt,
332 3313 547 3368 considerandae
560 3318 644 3370 erunt
660 3314 889 3370 circumstantiae
907 3331 1004 3371 omnes
1015 3316 1046 3371 in
1056 3317 1133 3370 facto
1142 3289 1353 3383 concurrentes,

174 3426 203 3476 et
220 3419 373 3490 diligenter
390 3419 592 3490 ponderandae,
610 3425 642 3476 nt
660 3421 795 3490 videatur,
815 3428 910 3476 utrum
921 3439 957 3478 ex
975 3422 1089 3478 illarum
1107 3423 1256 3494 complexu
1274 3441 1355 3478 exuo

173 3542 240 3595 gere
260 3527 347 3596 possit
365 3527 480 3581 moralis
499 3525 550 3581 illa
568 3527 716 3594 certitudo,
729 3543 801 3598 quae
825 3528 984 3582 necessaria
1001 3532 1095 3582 estut
1112 3528 1246 3582 iudicium
1264 3530 1355 3598 prole-

173 3636 260 3688 ratnr.
279 3633 367 3687 Porro
385 3634 613 3689 circumstantiae
631 3634 703 3690 istae
727 3635 896 3706 praecipuae
919 3640 997 3690 sunt:
1022 3641 1101 3691 aetas
1121 3651 1265 3705 personae,
1282 3650 1355 3705 quae

174 3743 284 3794 mortua
302 3739 413 3804 dicitur,
431 3744 526 3794 utrum
545 3741 645 3810 senior,
663 3759 698 3796 an
718 3742 811 3798 iunior
828 3742 930 3810 fuerit,
948 3747 1058 3812 tempus
1076 3742 1200 3798 eiusdem
1218 3742 1355 3796 discessus

174 3862 192 3900 a
210 3846 301 3915 patria
319 3850 348 3902 et
365 3846 482 3916 familia,
502 3853 595 3902 utrum
613 3847 727 3919 longius
744 3867 780 3904 an
798 3850 923 3916 brevius,
942 3851 1021 3904 locus
1039 3849 1084 3906 vel
1102 3850 1175 3915 loca,
1188 3849 1307 3921 adquae
1324 3865 1355 3904 se

174 3951 335 4017 contulerit,
354 3957 448 4008 uuum
466 3953 621 4010 valetudini
640 3955 779 4038 corporali
798 3957 890 4024 noxia,
908 3973 944 4010 sn
957 3960 987 4010 et
1004 3957 1106 4027 quibus
1117 3955 1356 4010 vicissitudinibus

173 4059 301 4115 subiecta
324 4060 424 4128 luerit,
450 4077 492 4115 ex.
515 4077 558 4130 gr.
578 4079 644 4116 num
668 4062 772 4116 ibidem
797 4062 887 4130 bella,
913 4062 959 4118 vel
983 4062 1162 4132 pestilentiae
1186 4062 1355 4128 saevierint3

175 4164 299 4219 eiusdem
317 4179 452 4234 personae
471 4163 590 4238 physica
613 4167 787 4242 constitutio,
805 4172 900 4222 utrum
923 4185 993 4222 sana
1010 4173 1041 4223 et
1057 4170 1182 4234 robusta,
1201 4183 1237 4222 sn
1255 4166 1357 4224 debilis

175 4274 206 4325 et
223 4271 341 4324 infirma.
361 4271 423 4324 Erit
440 4271 572 4328 similiter
593 4273 786 4344 perpendenda
803 4291 890 4329 eausa
906 4291 993 4346 quare
1017 4291 1034 4331 e
1058 4275 1173 4345 propris
1196 4275 1358 4330 discesserit

174 4376 265 4446 domo,
285 4380 378 4430 utrum
396 4392 498 4446 nempe
515 4377 551 4431 ad
570 4380 715 4448 negotium
733 4379 778 4436 rel
797 4380 832 4434 ad
851 4385 941 4436 artem
961 4379 1085 4453 aliquam
1108 4382 1302 4450 exercendam,
1319 4398 1357 4438 an
