<?xml version="1.0" encoding="UTF-8"?>
<!DOCTYPE html PUBLIC "-//W3C//DTD XHTML 1.0 Transitional//EN"
    "http://www.w3.org/TR/xhtml1/DTD/xhtml1-transitional.dtd">
<html xmlns="http://www.w3.org/1999/xhtml" xml:lang="en" lang="en">
 <head>
  <title>
</title>
<meta http-equiv="Content-Type" content="text/html;charset=utf-8" />
  <meta name='ocr-system' content='tesseract 3.04.00' />
  <meta name='ocr-capabilities' content='ocr_page ocr_carea ocr_par ocr_line ocrx_word'/>
</head>
<body>
  <div class='ocr_page' id='page_1' title='image "./praelectionesin00legagoog_0530.png"; bbox 0 0 3350 5100; ppageno 0'>
   <div class='ocr_carea' id='block_1_1' title="bbox 335 341 1006 410">
    <p class='ocr_par' dir='ltr' id='par_1_1' title="bbox 335 341 1006 410">
     <span class='ocr_line' id='line_1_1' title="bbox 335 341 1006 410; baseline -0.001 -2"><span class='ocrx_word' id='word_1_1' title='bbox 335 341 402 408; x_wconf 76' lang='lat'>528</span> <span class='ocrx_word' id='word_1_2' title='bbox 848 363 932 410; x_wconf 78' lang='lat' dir='ltr'>raas</span> <span class='ocrx_word' id='word_1_3' title='bbox 957 364 1006 410; x_wconf 89' lang='lat'>111.</span> 
     </span>
    </p>
   </div>
   <div class='ocr_carea' id='block_1_2' title="bbox 334 483 1508 571">
    <p class='ocr_par' dir='ltr' id='par_1_2' title="bbox 334 483 1641 571">
     <span class='ocr_line' id='line_1_2' title="bbox 334 483 1508 571; baseline -0.004 -21"><span class='ocrx_word' id='word_1_4' title='bbox 334 492 402 550; x_wconf 92' lang='lat' dir='ltr'>tum</span> <span class='ocrx_word' id='word_1_5' title='bbox 424 484 563 571; x_wconf 82' lang='lat' dir='ltr'>professi</span> <span class='ocrx_word' id='word_1_6' title='bbox 584 486 685 571; x_wconf 90' lang='lat' dir='ltr'>ipsius</span> <span class='ocrx_word' id='word_1_7' title='bbox 708 488 950 570; x_wconf 84' lang='lat' dir='ltr'>consanguinei,</span> <span class='ocrx_word' id='word_1_8' title='bbox 968 483 1090 554; x_wconf 83' lang='lat' dir='ltr'>affines,</span> <span class='ocrx_word' id='word_1_9' title='bbox 1108 485 1226 569; x_wconf 87' lang='lat' dir='ltr'>aliique</span> <span class='ocrx_word' id='word_1_10' title='bbox 1249 505 1359 550; x_wconf 88' lang='lat' dir='ltr'>omnes</span> <span class='ocrx_word' id='word_1_11' title='bbox 1375 503 1508 568; x_wconf 79' lang='lat' dir='ltr'>quonum</span> 
     </span>
    </p>
   </div>
   <div class='ocr_carea' id='block_1_3' title="bbox 335 606 1509 694">
    <p class='ocr_par' dir='ltr' id='par_1_3' title="bbox 335 606 1509 694">
     <span class='ocr_line' id='line_1_3' title="bbox 335 606 1509 694; baseline -0.002 -23"><span class='ocrx_word' id='word_1_12' title='bbox 335 610 472 675; x_wconf 88' lang='lat' dir='ltr'>interest</span> <span class='ocrx_word' id='word_1_13' title='bbox 486 607 572 673; x_wconf 90' lang='lat' dir='ltr'>illius</span> <span class='ocrx_word' id='word_1_14' title='bbox 594 608 828 694; x_wconf 77' lang='lat' dir='ltr'>professionem</span> <span class='ocrx_word' id='word_1_15' title='bbox 841 607 979 672; x_wconf 89' lang='lat' dir='ltr'>validam</span> <span class='ocrx_word' id='word_1_16' title='bbox 998 627 1079 672; x_wconf 88' lang='lat' dir='ltr'>osse.</span> <span class='ocrx_word' id='word_1_17' title='bbox 1099 607 1166 671; x_wconf 89' lang='lat' dir='ltr'>Non</span> <span class='ocrx_word' id='word_1_18' title='bbox 1183 626 1279 672; x_wconf 87' lang='lat' dir='ltr'>secus</span> <span class='ocrx_word' id='word_1_19' title='bbox 1302 625 1340 671; x_wconf 87' lang='lat' dir='ltr'>ac</span> <span class='ocrx_word' id='word_1_20' title='bbox 1357 607 1390 670; x_wconf 92' lang='lat' dir='ltr'>in</span> <span class='ocrx_word' id='word_1_21' title='bbox 1406 606 1509 670; x_wconf 84' lang='lat' dir='ltr'>causis</span> 
     </span>
    </p>
   </div>
   <div class='ocr_carea' id='block_1_4' title="bbox 334 729 1641 830">
    <p class='ocr_par' dir='ltr' id='par_1_4' title="bbox 334 729 1641 830">
     <span class='ocr_line' id='line_1_4' title="bbox 334 729 1641 830; baseline -0.002 -31"><span class='ocrx_word' id='word_1_22' title='bbox 334 732 633 806; x_wconf 79' lang='lat' dir='ltr'>matrimonialibus,</span> <span class='ocrx_word' id='word_1_23' title='bbox 647 729 825 818; x_wconf 84' lang='lat' dir='ltr'>requiritur</span> <span class='ocrx_word' id='word_1_24' title='bbox 841 733 921 799; x_wconf 82' lang='lat' dir='ltr'>bina</span> <span class='ocrx_word' id='word_1_25' title='bbox 937 735 1098 798; x_wconf 89' lang='lat' dir='ltr'>sententia</span> <span class='ocrx_word' id='word_1_26' title='bbox 1110 733 1289 797; x_wconf 85' lang='lat' dir='ltr'>nullitatem</span> <span class='ocrx_word' id='word_1_27' title='bbox 1304 731 1511 818; x_wconf 79' lang='lat' dir='ltr'>professionis</span> <span class='ocrx_word' id='word_1_28' title='bbox 1640 807 1641 830; x_wconf 14' lang='grc' dir='ltr'>χ</span> 
     </span>
    </p>
   </div>
   <div class='ocr_carea' id='block_1_5' title="bbox 333 858 1609 2440">
    <p class='ocr_par' dir='ltr' id='par_1_5' title="bbox 334 858 1341 945">
     <span class='ocr_line' id='line_1_5' title="bbox 334 858 1341 945; baseline -0.001 -21"><span class='ocrx_word' id='word_1_29' title='bbox 334 858 530 924; x_wconf 84' lang='lat' dir='ltr'>confirmans</span> <span class='ocrx_word' id='word_1_30' title='bbox 554 865 589 924; x_wconf 88' lang='lat' dir='ltr'>ut</span> <span class='ocrx_word' id='word_1_31' title='bbox 611 858 781 945; x_wconf 87' lang='lat' dir='ltr'>religiosus</span> <span class='ocrx_word' id='word_1_32' title='bbox 806 859 997 944; x_wconf 77' lang='lat' dir='ltr'>religionem</span> <span class='ocrx_word' id='word_1_33' title='bbox 1022 859 1207 942; x_wconf 85' lang='lat' dir='ltr'>relinquere</span> <span class='ocrx_word' id='word_1_34' title='bbox 1231 859 1341 943; x_wconf 88' lang='lat' dir='ltr'>possit.</span> 
     </span>
    </p>

    <p class='ocr_par' dir='ltr' id='par_1_6' title="bbox 334 981 1609 1938">
     <span class='ocr_line' id='line_1_6' title="bbox 424 981 1513 1050; baseline -0.004 0"><span class='ocrx_word' id='word_1_35' title='bbox 424 985 500 1050; x_wconf 89' lang='grc'><strong>518.</strong></span> <span class='ocrx_word' id='word_1_36' title='bbox 526 984 630 1050; x_wconf 80' lang='lat' dir='ltr'>Iudex</span> <span class='ocrx_word' id='word_1_37' title='bbox 644 984 806 1049; x_wconf 90' lang='lat' dir='ltr'>secundae</span> <span class='ocrx_word' id='word_1_38' title='bbox 828 990 884 1050; x_wconf 89' lang='lat' dir='ltr'>aut</span> <span class='ocrx_word' id='word_1_39' title='bbox 907 985 1026 1050; x_wconf 88' lang='lat' dir='ltr'>tertiae</span> <span class='ocrx_word' id='word_1_40' title='bbox 1050 985 1222 1048; x_wconf 81' lang='lat' dir='ltr'>instantiae</span> <span class='ocrx_word' id='word_1_41' title='bbox 1247 988 1296 1048; x_wconf 90' lang='lat' dir='ltr'>est</span> <span class='ocrx_word' id='word_1_42' title='bbox 1318 982 1416 1047; x_wconf 86' lang='lat' dir='ltr'>iudex</span> <span class='ocrx_word' id='word_1_43' title='bbox 1430 981 1513 1046; x_wconf 92' lang='lat' dir='ltr'>ordi·</span> 
     </span>
     <span class='ocr_line' id='line_1_7' title="bbox 335 1107 1510 1194; baseline -0.003 -21"><span class='ocrx_word' id='word_1_44' title='bbox 335 1112 446 1175; x_wconf 87' lang='lat' dir='ltr'>narius</span> <span class='ocrx_word' id='word_1_45' title='bbox 468 1130 528 1194; x_wconf 92' lang='lat' dir='ltr'>pro</span> <span class='ocrx_word' id='word_1_46' title='bbox 551 1109 732 1174; x_wconf 90' lang='lat' dir='ltr'>huiusmodi</span> <span class='ocrx_word' id='word_1_47' title='bbox 756 1109 884 1175; x_wconf 89' lang='lat' dir='ltr'>casibus</span> <span class='ocrx_word' id='word_1_48' title='bbox 907 1107 1149 1193; x_wconf 80' lang='lat' dir='ltr'>appellationis,</span> <span class='ocrx_word' id='word_1_49' title='bbox 1174 1115 1281 1173; x_wconf 90' lang='lat' dir='ltr'>tamen</span> <span class='ocrx_word' id='word_1_50' title='bbox 1309 1130 1328 1169; x_wconf 72' lang='lat' dir='ltr'>a</span> <span class='ocrx_word' id='word_1_51' title='bbox 1352 1127 1416 1172; x_wconf 87' lang='lat' dir='ltr'>una</span> <span class='ocrx_word' id='word_1_52' title='bbox 1438 1127 1510 1171; x_wconf 90' lang='lat' dir='ltr'>cum</span> 
     </span>
     <span class='ocr_line' id='line_1_8' title="bbox 334 1231 1512 1320; baseline -0.003 -21"><span class='ocrx_word' id='word_1_53' title='bbox 334 1237 494 1320; x_wconf 85' lang='lat' dir='ltr'>superiori</span> <span class='ocrx_word' id='word_1_54' title='bbox 519 1235 672 1320; x_wconf 79' lang='lat' dir='ltr'>Regulari</span> <span class='ocrx_word' id='word_1_55' title='bbox 698 1254 762 1300; x_wconf 90' lang='lat' dir='ltr'>non</span> <span class='ocrx_word' id='word_1_56' title='bbox 786 1234 912 1317; x_wconf 88' lang='lat' dir='ltr'>quidem</span> <span class='ocrx_word' id='word_1_57' title='bbox 938 1234 1025 1298; x_wconf 89' lang='lat' dir='ltr'>illius</span> <span class='ocrx_word' id='word_1_58' title='bbox 1051 1233 1240 1297; x_wconf 88' lang='lat' dir='ltr'>monasterii</span> <span class='ocrx_word' id='word_1_59' title='bbox 1266 1233 1297 1296; x_wconf 91' lang='lat' dir='ltr'>in</span> <span class='ocrx_word' id='word_1_60' title='bbox 1323 1251 1385 1316; x_wconf 90' lang='lat' dir='ltr'>quo</span> <span class='ocrx_word' id='word_1_61' title='bbox 1412 1231 1512 1296; x_wconf 90' lang='lat' dir='ltr'>recla-</span> 
     </span>
     <span class='ocr_line' id='line_1_9' title="bbox 335 1351 1511 1442; baseline -0.006 -20"><span class='ocrx_word' id='word_1_62' title='bbox 335 1377 426 1422; x_wconf 84' lang='lat' dir='ltr'>mans</span> <span class='ocrx_word' id='word_1_63' title='bbox 449 1356 614 1442; x_wconf 88' lang='lat' dir='ltr'>profassus</span> <span class='ocrx_word' id='word_1_64' title='bbox 637 1362 696 1436; x_wconf 89' lang='lat' dir='ltr'>est,</span> <span class='ocrx_word' id='word_1_65' title='bbox 712 1354 768 1420; x_wconf 91' lang='lat' dir='ltr'>sed</span> <span class='ocrx_word' id='word_1_66' title='bbox 792 1356 926 1420; x_wconf 88' lang='lat' dir='ltr'>alterius</span> <span class='ocrx_word' id='word_1_67' title='bbox 950 1355 1137 1420; x_wconf 86' lang='lat' dir='ltr'>monasterii</span> <span class='ocrx_word' id='word_1_68' title='bbox 1151 1353 1306 1436; x_wconf 87' lang='lat' dir='ltr'>(eiusdem</span> <span class='ocrx_word' id='word_1_69' title='bbox 1321 1351 1465 1437; x_wconf 75' lang='lat' dir='ltr'>Ordinis)</span> <span class='ocrx_word' id='word_1_70' title='bbox 1478 1355 1511 1416; x_wconf 94' lang='lat' dir='ltr'>in</span> 
     </span>
     <span class='ocr_line' id='line_1_10' title="bbox 335 1477 1513 1564; baseline -0.004 -20"><span class='ocrx_word' id='word_1_71' title='bbox 335 1481 465 1544; x_wconf 85' lang='lat' dir='ltr'>civitate</span> <span class='ocrx_word' id='word_1_72' title='bbox 486 1485 543 1544; x_wconf 88' lang='lat' dir='ltr'>aut</span> <span class='ocrx_word' id='word_1_73' title='bbox 565 1479 703 1545; x_wconf 84' lang='lat' dir='ltr'>dioecesi</span> <span class='ocrx_word' id='word_1_74' title='bbox 729 1479 884 1564; x_wconf 81' lang='lat' dir='ltr'>praedicti</span> <span class='ocrx_word' id='word_1_75' title='bbox 899 1477 1066 1544; x_wconf 91' lang='lat' dir='ltr'>Ordinarii</span> <span class='ocrx_word' id='word_1_76' title='bbox 1082 1477 1243 1544; x_wconf 88' lang='lat' dir='ltr'>secundae</span> <span class='ocrx_word' id='word_1_77' title='bbox 1258 1478 1430 1542; x_wconf 85' lang='lat' dir='ltr'>instantiae</span> <span class='ocrx_word' id='word_1_78' title='bbox 1445 1479 1513 1540; x_wconf 85' lang='lat' dir='ltr'>exi·</span> 
     </span>
     <span class='ocr_line' id='line_1_11' title="bbox 335 1581 1609 1688; baseline -0.002 -19"><span class='ocrx_word' id='word_1_79' title='bbox 335 1588 455 1678; x_wconf 83' lang='lat' dir='ltr'>stantis,</span> <span class='ocrx_word' id='word_1_80' title='bbox 469 1606 522 1670; x_wconf 87' lang='lat' dir='ltr'>vel</span> <span class='ocrx_word' id='word_1_81' title='bbox 544 1606 601 1670; x_wconf 84' lang='lat' dir='ltr'>tali</span> <span class='ocrx_word' id='word_1_82' title='bbox 625 1606 823 1674; x_wconf 86' lang='lat' dir='ltr'>monasterio</span> <span class='ocrx_word' id='word_1_83' title='bbox 839 1625 903 1669; x_wconf 91' lang='lat' dir='ltr'>non</span> <span class='ocrx_word' id='word_1_84' title='bbox 920 1609 1062 1676; x_wconf 83' lang='lat' dir='ltr'>extante,</span> <span class='ocrx_word' id='word_1_85' title='bbox 1077 1623 1141 1669; x_wconf 87' lang='lat' dir='ltr'>una</span> <span class='ocrx_word' id='word_1_86' title='bbox 1156 1624 1229 1686; x_wconf 89' lang='lat' dir='ltr'>cum</span> <span class='ocrx_word' id='word_1_87' title='bbox 1246 1604 1422 1688; x_wconf 87' lang='lat' dir='ltr'>Superiora</span> <span class='ocrx_word' id='word_1_88' title='bbox 1437 1603 1513 1668; x_wconf 87' lang='lat' dir='ltr'>vici·</span> <span class='ocrx_word' id='word_1_89' title='bbox 1604 1581 1609 1603; x_wconf 67' lang='lat'><strong>¹</strong></span> 
     </span>
     <span class='ocr_line' id='line_1_12' title="bbox 335 1727 1512 1816; baseline -0.001 -24"><span class='ocrx_word' id='word_1_90' title='bbox 335 1730 435 1794; x_wconf 90' lang='lat' dir='ltr'>nioris</span> <span class='ocrx_word' id='word_1_91' title='bbox 447 1732 632 1806; x_wconf 87' lang='lat' dir='ltr'>monasterii</span> <span class='ocrx_word' id='word_1_92' title='bbox 647 1751 664 1795; x_wconf 73' lang='lat' dir='ltr'>s</span> <span class='ocrx_word' id='word_1_93' title='bbox 679 1731 727 1796; x_wconf 86' lang='lat' dir='ltr'>Cf.</span> <span class='ocrx_word' id='word_1_94' title='bbox 743 1731 774 1797; x_wconf 88' lang='lat' dir='ltr'>S.</span> <span class='ocrx_word' id='word_1_95' title='bbox 786 1730 1012 1816; x_wconf 78' lang='lat' dir='ltr'>Cong1·.Conc.</span> <span class='ocrx_word' id='word_1_96' title='bbox 1025 1729 1256 1810; x_wconf 78' lang='lat' dir='ltr'>resolutiones,</span> <span class='ocrx_word' id='word_1_97' title='bbox 1269 1727 1351 1812; x_wconf 88' lang='lat' dir='ltr'>apud</span> <span class='ocrx_word' id='word_1_98' title='bbox 1365 1727 1512 1808; x_wconf 83' lang='lat' dir='ltr'>Richter,</span> 
     </span>
     <span class='ocr_line' id='line_1_13' title="bbox 334 1854 769 1938; baseline 0 -18"><span class='ocrx_word' id='word_1_99' title='bbox 334 1855 411 1920; x_wconf 86' lang='lat' dir='ltr'>edit.</span> <span class='ocrx_word' id='word_1_100' title='bbox 440 1856 475 1921; x_wconf 85' lang='lat' dir='ltr'>C.</span> <span class='ocrx_word' id='word_1_101' title='bbox 505 1855 599 1920; x_wconf 78' lang='lat' dir='ltr'>Trici.</span> <span class='ocrx_word' id='word_1_102' title='bbox 620 1875 658 1938; x_wconf 82' lang='lat' dir='ltr'>p.</span> <span class='ocrx_word' id='word_1_103' title='bbox 683 1854 769 1920; x_wconf 79' lang='lat'><strong><em>423.</em></strong></span> 
     </span>
    </p>

    <p class='ocr_par' dir='ltr' id='par_1_7' title="bbox 333 1976 1516 2440">
     <span class='ocr_line' id='line_1_14' title="bbox 423 1976 1511 2063; baseline -0.006 -19"><span class='ocrx_word' id='word_1_104' title='bbox 423 1981 515 2045; x_wconf 89' lang='lat' dir='ltr'>Haec</span> <span class='ocrx_word' id='word_1_105' title='bbox 527 1982 635 2046; x_wconf 87' lang='lat' dir='ltr'>omnia</span> <span class='ocrx_word' id='word_1_106' title='bbox 647 1980 809 2046; x_wconf 84' lang='lat' dir='ltr'>servanda</span> <span class='ocrx_word' id='word_1_107' title='bbox 819 1986 895 2044; x_wconf 89' lang='lat' dir='ltr'>sunt</span> <span class='ocrx_word' id='word_1_108' title='bbox 908 1981 1003 2044; x_wconf 88' lang='lat' dir='ltr'>etiarn</span> <span class='ocrx_word' id='word_1_109' title='bbox 1016 1978 1120 2063; x_wconf 90' lang='lat' dir='ltr'>quoad</span> <span class='ocrx_word' id='word_1_110' title='bbox 1131 1981 1254 2043; x_wconf 90' lang='lat' dir='ltr'>curiam</span> <span class='ocrx_word' id='word_1_111' title='bbox 1269 1976 1364 2042; x_wconf 84' lang='lat' dir='ltr'>Oard.</span> <span class='ocrx_word' id='word_1_112' title='bbox 1375 1977 1511 2042; x_wconf 89' lang='lat' dir='ltr'>Vicarii.</span> 
     </span>
     <span class='ocr_line' id='line_1_15' title="bbox 334 2103 1516 2191; baseline -0.003 -22"><span class='ocrx_word' id='word_1_113' title='bbox 334 2107 459 2170; x_wconf 90' lang='lat' dir='ltr'>Verum</span> <span class='ocrx_word' id='word_1_114' title='bbox 483 2105 608 2190; x_wconf 87' lang='lat' dir='ltr'>quando</span> <span class='ocrx_word' id='word_1_115' title='bbox 632 2105 813 2171; x_wconf 89' lang='lat' dir='ltr'>huiusmodi</span> <span class='ocrx_word' id='word_1_116' title='bbox 835 2124 953 2170; x_wconf 88' lang='lat' dir='ltr'>causae</span> <span class='ocrx_word' id='word_1_117' title='bbox 969 2107 1134 2189; x_wconf 86' lang='lat' dir='ltr'>agitantur</span> <span class='ocrx_word' id='word_1_118' title='bbox 1150 2103 1233 2188; x_wconf 91' lang='lat' dir='ltr'>apud</span> <span class='ocrx_word' id='word_1_119' title='bbox 1252 2103 1308 2170; x_wconf 91' lang='lat' dir='ltr'>SS.</span> <span class='ocrx_word' id='word_1_120' title='bbox 1326 2103 1516 2191; x_wconf 79' lang='lat' dir='ltr'>Congrege-</span> 
     </span>
     <span class='ocr_line' id='line_1_16' title="bbox 333 2228 1512 2312; baseline -0.005 -14"><span class='ocrx_word' id='word_1_121' title='bbox 333 2233 437 2298; x_wconf 87' lang='lat' dir='ltr'>tionos</span> <span class='ocrx_word' id='word_1_122' title='bbox 454 2231 615 2295; x_wconf 85' lang='lat' dir='ltr'>Romanas</span> <span class='ocrx_word' id='word_1_123' title='bbox 638 2236 693 2295; x_wconf 90' lang='lat' dir='ltr'>aut</span> <span class='ocrx_word' id='word_1_124' title='bbox 709 2232 742 2296; x_wconf 94' lang='lat' dir='ltr'>in</span> <span class='ocrx_word' id='word_1_125' title='bbox 759 2230 928 2295; x_wconf 83' lang='lat' dir='ltr'>Auditorio</span> <span class='ocrx_word' id='word_1_126' title='bbox 944 2230 976 2296; x_wconf 87' lang='lat' dir='ltr'>S.</span> <span class='ocrx_word' id='word_1_127' title='bbox 996 2231 1098 2294; x_wconf 81' lang='lat' dir='ltr'>Rotae</span> <span class='ocrx_word' id='word_1_128' title='bbox 1121 2249 1185 2294; x_wconf 89' lang='lat' dir='ltr'>non</span> <span class='ocrx_word' id='word_1_129' title='bbox 1209 2228 1386 2294; x_wconf 86' lang='lat' dir='ltr'>admittitur</span> <span class='ocrx_word' id='word_1_130' title='bbox 1404 2229 1512 2312; x_wconf 81' lang='lat' dir='ltr'>Regu·</span> 
     </span>
     <span class='ocr_line' id='line_1_17' title="bbox 333 2354 1327 2440; baseline 0 -23"><span class='ocrx_word' id='word_1_131' title='bbox 333 2354 413 2419; x_wconf 90' lang='lat' dir='ltr'>laris</span> <span class='ocrx_word' id='word_1_132' title='bbox 436 2355 590 2439; x_wconf 87' lang='lat' dir='ltr'>Superior</span> <span class='ocrx_word' id='word_1_133' title='bbox 613 2361 738 2440; x_wconf 88' lang='lat' dir='ltr'>partem</span> <span class='ocrx_word' id='word_1_134' title='bbox 761 2355 875 2418; x_wconf 89' lang='lat' dir='ltr'>iudicis</span> <span class='ocrx_word' id='word_1_135' title='bbox 898 2373 1010 2440; x_wconf 84' lang='lat' dir='ltr'>agens.</span> <span class='ocrx_word' id='word_1_136' title='bbox 1322 2354 1327 2363; x_wconf 84' lang='lat'><em>&#39;</em></span> 
     </span>
    </p>
   </div>
   <div class='ocr_carea' id='block_1_6' title="bbox 422 2476 1639 2573">
    <p class='ocr_par' dir='ltr' id='par_1_8' title="bbox 422 2476 1639 2573">
     <span class='ocr_line' id='line_1_18' title="bbox 422 2476 1639 2573; baseline -0.002 -31"><span class='ocrx_word' id='word_1_137' title='bbox 422 2479 498 2543; x_wconf 80' lang='lat'>519.</span> <span class='ocrx_word' id='word_1_138' title='bbox 516 2477 608 2553; x_wconf 81' lang='lat' dir='ltr'>Quod</span> <span class='ocrx_word' id='word_1_139' title='bbox 623 2480 649 2543; x_wconf 93' lang='lat' dir='ltr'>si</span> <span class='ocrx_word' id='word_1_140' title='bbox 666 2480 826 2544; x_wconf 88' lang='lat' dir='ltr'>sententia</span> <span class='ocrx_word' id='word_1_141' title='bbox 849 2486 975 2543; x_wconf 86' lang='lat' dir='ltr'>asserat</span> <span class='ocrx_word' id='word_1_142' title='bbox 992 2497 1056 2542; x_wconf 91' lang='lat' dir='ltr'>non</span> <span class='ocrx_word' id='word_1_143' title='bbox 1073 2483 1221 2542; x_wconf 87' lang='lat' dir='ltr'>constare</span> <span class='ocrx_word' id='word_1_144' title='bbox 1248 2476 1287 2559; x_wconf 86' lang='lat' dir='ltr'>de</span> <span class='ocrx_word' id='word_1_145' title='bbox 1303 2476 1513 2573; x_wconf 83' lang='lat' dir='ltr'>professionis</span> <span class='ocrx_word' id='word_1_146' title='bbox 1638 2487 1639 2494; x_wconf 77' lang='grc'>’</span> 
     </span>
    </p>
   </div>
   <div class='ocr_carea' id='block_1_7' title="bbox 335 2602 1639 2701">
    <p class='ocr_par' dir='ltr' id='par_1_9' title="bbox 335 2602 1639 2701">
     <span class='ocr_line' id='line_1_19' title="bbox 335 2602 1639 2701; baseline -0.001 -36"><span class='ocrx_word' id='word_1_147' title='bbox 335 2604 512 2701; x_wconf 27' lang='lat' dir='ltr'>religiosae,</span> <span class='ocrx_word' id='word_1_148' title='bbox 528 2604 674 2669; x_wconf 87' lang='lat' dir='ltr'>nullitate</span> <span class='ocrx_word' id='word_1_149' title='bbox 697 2606 815 2689; x_wconf 89' lang='lat' dir='ltr'>quippe</span> <span class='ocrx_word' id='word_1_150' title='bbox 837 2604 920 2669; x_wconf 88' lang='lat' dir='ltr'>haec</span> <span class='ocrx_word' id='word_1_151' title='bbox 943 2624 1007 2668; x_wconf 91' lang='lat' dir='ltr'>non</span> <span class='ocrx_word' id='word_1_152' title='bbox 1030 2604 1149 2667; x_wconf 85' lang='lat' dir='ltr'>invicte</span> <span class='ocrx_word' id='word_1_153' title='bbox 1165 2602 1302 2687; x_wconf 89' lang='lat' dir='ltr'>probata</span> <span class='ocrx_word' id='word_1_154' title='bbox 1324 2602 1432 2667; x_wconf 81' lang='lat' dir='ltr'>fuerit,</span> <span class='ocrx_word' id='word_1_155' title='bbox 1449 2604 1511 2665; x_wconf 88' lang='lat' dir='ltr'>etsi</span> <span class='ocrx_word' id='word_1_156' title='bbox 1638 2630 1639 2651; x_wconf 56' lang='lat'>1</span> 
     </span>
    </p>
   </div>
   <div class='ocr_carea' id='block_1_8' title="bbox 334 2710 1639 2814">
    <p class='ocr_par' dir='ltr' id='par_1_10' title="bbox 334 2710 1639 2814">
     <span class='ocr_line' id='line_1_20' title="bbox 334 2710 1639 2814; baseline -0.002 -23"><span class='ocrx_word' id='word_1_157' title='bbox 334 2748 397 2791; x_wconf 91' lang='lat' dir='ltr'>non</span> <span class='ocrx_word' id='word_1_158' title='bbox 421 2710 624 2813; x_wconf 88' lang='lat' dir='ltr'>spernendae</span> <span class='ocrx_word' id='word_1_159' title='bbox 644 2729 782 2794; x_wconf 89' lang='lat' dir='ltr'>militent</span> <span class='ocrx_word' id='word_1_160' title='bbox 800 2730 943 2794; x_wconf 83' lang='lat' dir='ltr'>rationes</span> <span class='ocrx_word' id='word_1_161' title='bbox 959 2750 1020 2813; x_wconf 90' lang='lat' dir='ltr'>pro</span> <span class='ocrx_word' id='word_1_162' title='bbox 1033 2728 1190 2800; x_wconf 84' lang='lat' dir='ltr'>nullitate,</span> <span class='ocrx_word' id='word_1_163' title='bbox 1209 2728 1262 2814; x_wconf 58' lang='lat' dir='ltr'>SS.</span> <span class='ocrx_word' id='word_1_164' title='bbox 1281 2726 1434 2791; x_wconf 81' lang='lat' dir='ltr'>Pontifex</span> <span class='ocrx_word' id='word_1_165' title='bbox 1449 2737 1511 2810; x_wconf 77' lang='lat' dir='ltr'>per</span> <span class='ocrx_word' id='word_1_166' title='bbox 1638 2724 1639 2735; x_wconf 51' lang='lat'>³</span> 
     </span>
    </p>
   </div>
   <div class='ocr_carea' id='block_1_9' title="bbox 234 2851 1513 2935">
    <p class='ocr_par' dir='ltr' id='par_1_11' title="bbox 234 2851 1513 2935">
     <span class='ocr_line' id='line_1_21' title="bbox 234 2851 1513 2935; baseline -0.006 -12"><span class='ocrx_word' id='word_1_167' title='bbox 234 2914 238 2923; x_wconf 93' lang='lat'><em>.</em></span> <span class='ocrx_word' id='word_1_168' title='bbox 334 2853 619 2935; x_wconf 77' lang='lat' dir='ltr'>dispensationem</span> <span class='ocrx_word' id='word_1_169' title='bbox 642 2855 781 2919; x_wconf 87' lang='lat' dir='ltr'>consulit</span> <span class='ocrx_word' id='word_1_170' title='bbox 796 2854 1014 2918; x_wconf 90' lang='lat' dir='ltr'>conscientiae</span> <span class='ocrx_word' id='word_1_171' title='bbox 1028 2851 1253 2917; x_wconf 84' lang='lat' dir='ltr'>anxietatibus.</span> <span class='ocrx_word' id='word_1_172' title='bbox 1272 2853 1354 2916; x_wconf 90' lang='lat' dir='ltr'>Item</span> <span class='ocrx_word' id='word_1_173' title='bbox 1378 2852 1410 2915; x_wconf 91' lang='lat' dir='ltr'>in</span> <span class='ocrx_word' id='word_1_174' title='bbox 1434 2868 1513 2915; x_wconf 88' lang='lat' dir='ltr'>casu</span> 
     </span>
    </p>
   </div>
   <div class='ocr_carea' id='block_1_10' title="bbox 332 2975 1512 3806">
    <p class='ocr_par' dir='ltr' id='par_1_12' title="bbox 332 2975 1512 3431">
     <span class='ocr_line' id='line_1_22' title="bbox 333 2975 1512 3063; baseline -0.007 -19"><span class='ocrx_word' id='word_1_175' title='bbox 333 2998 396 3063; x_wconf 92' lang='lat' dir='ltr'>quo</span> <span class='ocrx_word' id='word_1_176' title='bbox 419 2978 550 3043; x_wconf 88' lang='lat' dir='ltr'>nullitas</span> <span class='ocrx_word' id='word_1_177' title='bbox 577 2977 707 3063; x_wconf 87' lang='lat' dir='ltr'>probari</span> <span class='ocrx_word' id='word_1_178' title='bbox 741 2998 804 3042; x_wconf 91' lang='lat' dir='ltr'>non</span> <span class='ocrx_word' id='word_1_179' title='bbox 835 2979 943 3041; x_wconf 85' lang='lat' dir='ltr'>valeat</span> <span class='ocrx_word' id='word_1_180' title='bbox 975 2976 1007 3040; x_wconf 91' lang='lat' dir='ltr'>in</span> <span class='ocrx_word' id='word_1_181' title='bbox 1031 2976 1277 3055; x_wconf 74' lang='lat' dir='ltr'>fomentans,</span> <span class='ocrx_word' id='word_1_182' title='bbox 1302 2975 1450 3058; x_wconf 85' lang='lat' dir='ltr'>quamvis</span> <span class='ocrx_word' id='word_1_183' title='bbox 1481 2976 1512 3037; x_wconf 91' lang='lat' dir='ltr'>in</span> 
     </span>
     <span class='ocr_line' id='line_1_23' title="bbox 332 3096 1511 3185; baseline -0.007 -20"><span class='ocrx_word' id='word_1_184' title='bbox 332 3101 466 3165; x_wconf 79' lang='lat' dir='ltr'>interno</span> <span class='ocrx_word' id='word_1_185' title='bbox 491 3120 573 3185; x_wconf 90' lang='lat' dir='ltr'>pene</span> <span class='ocrx_word' id='word_1_186' title='bbox 597 3106 688 3165; x_wconf 87' lang='lat' dir='ltr'>certa</span> <span class='ocrx_word' id='word_1_187' title='bbox 713 3100 871 3165; x_wconf 87' lang='lat' dir='ltr'>videatur.</span> <span class='ocrx_word' id='word_1_188' title='bbox 888 3098 937 3165; x_wconf 84' lang='lat' dir='ltr'>of.</span> <span class='ocrx_word' id='word_1_189' title='bbox 963 3098 1187 3164; x_wconf 83' lang='lat' dir='ltr'>Resolutiones</span> <span class='ocrx_word' id='word_1_190' title='bbox 1204 3098 1234 3163; x_wconf 88' lang='lat' dir='ltr'>S.</span> <span class='ocrx_word' id='word_1_191' title='bbox 1250 3097 1283 3162; x_wconf 87' lang='lat' dir='ltr'>O.</span> <span class='ocrx_word' id='word_1_192' title='bbox 1298 3096 1365 3161; x_wconf 84' lang='lat' dir='ltr'>EE.</span> <span class='ocrx_word' id='word_1_193' title='bbox 1382 3102 1414 3159; x_wconf 91' lang='lat' dir='ltr'>et</span> <span class='ocrx_word' id='word_1_194' title='bbox 1439 3096 1511 3161; x_wconf 85' lang='lat' dir='ltr'>RR.</span> 
     </span>
     <span class='ocr_line' id='line_1_24' title="bbox 333 3217 1512 3307; baseline -0.003 -22"><span class='ocrx_word' id='word_1_195' title='bbox 333 3222 417 3307; x_wconf 88' lang='lat' dir='ltr'>apud</span> <span class='ocrx_word' id='word_1_196' title='bbox 449 3224 601 3294; x_wconf 85' lang='lat' dir='ltr'>Bizzarri‚</span> <span class='ocrx_word' id='word_1_197' title='bbox 630 3243 667 3307; x_wconf 85' lang='lat' dir='ltr'>p.</span> <span class='ocrx_word' id='word_1_198' title='bbox 691 3223 767 3287; x_wconf 80' lang='grc'>622</span> <span class='ocrx_word' id='word_1_199' title='bbox 792 3242 858 3306; x_wconf 64' lang='lat' dir='ltr'>sq,</span> <span class='ocrx_word' id='word_1_200' title='bbox 882 3222 966 3287; x_wconf 86' lang='lat' dir='ltr'>Acta</span> <span class='ocrx_word' id='word_1_201' title='bbox 993 3218 1027 3285; x_wconf 84' lang='lat' dir='ltr'>S.</span> <span class='ocrx_word' id='word_1_202' title='bbox 1051 3218 1157 3291; x_wconf 83' lang='lat' dir='ltr'>Sedis,</span> <span class='ocrx_word' id='word_1_203' title='bbox 1181 3222 1246 3287; x_wconf 86' lang='lat' dir='ltr'>ool.</span> <span class='ocrx_word' id='word_1_204' title='bbox 1272 3221 1299 3291; x_wconf 89' lang='lat' dir='ltr'>l,</span> <span class='ocrx_word' id='word_1_205' title='bbox 1325 3238 1362 3301; x_wconf 84' lang='lat' dir='ltr'>p.</span> <span class='ocrx_word' id='word_1_206' title='bbox 1386 3217 1451 3282; x_wconf 84' lang='grc'>471</span> <span class='ocrx_word' id='word_1_207' title='bbox 1480 3223 1512 3283; x_wconf 87' lang='lat' dir='ltr'>et</span> 
     </span>
     <span class='ocr_line' id='line_1_25' title="bbox 332 3330 838 3431; baseline -0.004 -18"><span class='ocrx_word' id='word_1_208' title='bbox 332 3348 396 3413; x_wconf 78' lang='lat' dir='ltr'>voi.</span> <span class='ocrx_word' id='word_1_209' title='bbox 424 3345 721 3431; x_wconf 81' lang='lat' dir='ltr'>V111‚p.39sq.</span> <span class='ocrx_word' id='word_1_210' title='bbox 827 3330 838 3350; x_wconf 81' lang='grc'><strong><em>’</em></strong></span> 
     </span>
    </p>

    <p class='ocr_par' dir='ltr' id='par_1_13' title="bbox 333 3468 1510 3806">
     <span class='ocr_line' id='line_1_26' title="bbox 422 3468 1510 3557; baseline -0.006 -20"><span class='ocrx_word' id='word_1_211' title='bbox 422 3472 498 3537; x_wconf 76' lang='grc'><strong>520.</strong></span> <span class='ocrx_word' id='word_1_212' title='bbox 523 3473 713 3537; x_wconf 82' lang='lat' dir='ltr'>constitutio</span> <span class='ocrx_word' id='word_1_213' title='bbox 731 3508 748 3518; x_wconf 96' lang='lat'><em>-</em></span> <span class='ocrx_word' id='word_1_214' title='bbox 768 3472 805 3537; x_wconf 89' lang='lat' dir='ltr'>Si</span> <span class='ocrx_word' id='word_1_215' title='bbox 827 3473 947 3537; x_wconf 83' lang='lat' dir='ltr'>datam</span> <span class='ocrx_word' id='word_1_216' title='bbox 965 3473 1141 3557; x_wconf 88' lang='lat' dir='ltr'>-pertinet</span> <span class='ocrx_word' id='word_1_217' title='bbox 1166 3470 1205 3535; x_wconf 92' lang='lat' dir='ltr'>ad</span> <span class='ocrx_word' id='word_1_218' title='bbox 1230 3468 1370 3535; x_wconf 89' lang='lat' dir='ltr'>Ordines</span> <span class='ocrx_word' id='word_1_219' title='bbox 1397 3486 1510 3552; x_wconf 89' lang='lat' dir='ltr'>appro-</span> 
     </span>
     <span class='ocr_line' id='line_1_27' title="bbox 333 3589 1508 3680; baseline -0.005 -19"><span class='ocrx_word' id='word_1_220' title='bbox 333 3597 424 3662; x_wconf 89' lang='lat' dir='ltr'>batos</span> <span class='ocrx_word' id='word_1_221' title='bbox 440 3616 512 3661; x_wconf 89' lang='lat' dir='ltr'>cum</span> <span class='ocrx_word' id='word_1_222' title='bbox 524 3602 608 3661; x_wconf 87' lang='lat' dir='ltr'>votis</span> <span class='ocrx_word' id='word_1_223' title='bbox 618 3596 840 3666; x_wconf 79' lang='lat' dir='ltr'>solemnibus:</span> <span class='ocrx_word' id='word_1_224' title='bbox 852 3615 953 3679; x_wconf 88' lang='lat' dir='ltr'>quare</span> <span class='ocrx_word' id='word_1_225' title='bbox 966 3589 1124 3680; x_wconf 78' lang='lat' dir='ltr'>professio</span> <span class='ocrx_word' id='word_1_226' title='bbox 1136 3600 1289 3661; x_wconf 84' lang='lat' dir='ltr'>uotorum</span> <span class='ocrx_word' id='word_1_227' title='bbox 1302 3591 1508 3675; x_wconf 82' lang='lat' dir='ltr'>simplicium</span> 
     </span>
     <span class='ocr_line' id='line_1_28' title="bbox 333 3716 1510 3806; baseline -0.005 -21"><span class='ocrx_word' id='word_1_228' title='bbox 333 3722 360 3786; x_wconf 88' lang='lat' dir='ltr'>si</span> <span class='ocrx_word' id='word_1_229' title='bbox 372 3721 513 3787; x_wconf 87' lang='lat' dir='ltr'>invalide</span> <span class='ocrx_word' id='word_1_230' title='bbox 528 3722 627 3786; x_wconf 90' lang='lat' dir='ltr'>fuerit</span> <span class='ocrx_word' id='word_1_231' title='bbox 643 3724 769 3803; x_wconf 86' lang='lat' dir='ltr'>emissa,</span> <span class='ocrx_word' id='word_1_232' title='bbox 785 3740 844 3806; x_wconf 89' lang='lat' dir='ltr'>per</span> <span class='ocrx_word' id='word_1_233' title='bbox 860 3722 1051 3785; x_wconf 87' lang='lat' dir='ltr'>sententiam</span> <span class='ocrx_word' id='word_1_234' title='bbox 1067 3720 1273 3794; x_wconf 82' lang='lat' dir='ltr'>iudicialem,</span> <span class='ocrx_word' id='word_1_235' title='bbox 1288 3720 1385 3783; x_wconf 83' lang='lat' dir='ltr'>natta</span> <span class='ocrx_word' id='word_1_236' title='bbox 1400 3716 1510 3781; x_wconf 91' lang='lat' dir='ltr'>decla-</span> 
     </span>
    </p>
   </div>
   <div class='ocr_carea' id='block_1_11' title="bbox 225 3841 1511 3931">
    <p class='ocr_par' dir='ltr' id='par_1_14' title="bbox 225 3841 1511 3931">
     <span class='ocr_line' id='line_1_29' title="bbox 225 3841 1511 3931; baseline -0.007 -19"><span class='ocrx_word' id='word_1_237' title='bbox 225 3924 229 3929; x_wconf 41' lang='grc'>,</span> <span class='ocrx_word' id='word_1_238' title='bbox 334 3847 401 3911; x_wconf 90' lang='lat' dir='ltr'>rari</span> <span class='ocrx_word' id='word_1_239' title='bbox 417 3851 530 3930; x_wconf 88' lang='lat' dir='ltr'>potest,</span> <span class='ocrx_word' id='word_1_240' title='bbox 554 3846 611 3911; x_wconf 90' lang='lat' dir='ltr'>sed</span> <span class='ocrx_word' id='word_1_241' title='bbox 635 3845 821 3931; x_wconf 88' lang='lat' dir='ltr'>proceditur</span> <span class='ocrx_word' id='word_1_242' title='bbox 845 3864 954 3909; x_wconf 90' lang='lat' dir='ltr'>rerum</span> <span class='ocrx_word' id='word_1_243' title='bbox 976 3845 1117 3909; x_wconf 88' lang='lat' dir='ltr'>veritate</span> <span class='ocrx_word' id='word_1_244' title='bbox 1140 3845 1294 3929; x_wconf 89' lang='lat' dir='ltr'>inspecta,</span> <span class='ocrx_word' id='word_1_245' title='bbox 1317 3862 1380 3906; x_wconf 88' lang='lat' dir='ltr'>non</span> <span class='ocrx_word' id='word_1_246' title='bbox 1404 3841 1511 3905; x_wconf 91' lang='lat' dir='ltr'>obser·</span> 
     </span>
    </p>
   </div>
   <div class='ocr_carea' id='block_1_12' title="bbox 333 3968 1510 4555">
    <p class='ocr_par' dir='ltr' id='par_1_15' title="bbox 333 3968 1510 4555">
     <span class='ocr_line' id='line_1_30' title="bbox 333 3968 1508 4054; baseline -0.003 -20"><span class='ocrx_word' id='word_1_247' title='bbox 333 3976 408 4038; x_wconf 88' lang='lat' dir='ltr'>vata</span> <span class='ocrx_word' id='word_1_248' title='bbox 431 3971 536 4036; x_wconf 91' lang='lat' dir='ltr'>forma</span> <span class='ocrx_word' id='word_1_249' title='bbox 559 3972 665 4037; x_wconf 82' lang='lat' dir='ltr'>Const.</span> <span class='ocrx_word' id='word_1_250' title='bbox 692 3972 729 4037; x_wconf 85' lang='lat' dir='ltr'>Si</span> <span class='ocrx_word' id='word_1_251' title='bbox 752 3972 876 4036; x_wconf 84' lang='lat' dir='ltr'>datam.</span> <span class='ocrx_word' id='word_1_252' title='bbox 902 3968 986 4034; x_wconf 92' lang='lat' dir='ltr'>-lta</span> <span class='ocrx_word' id='word_1_253' title='bbox 1012 3970 1102 4034; x_wconf 90' lang='lat' dir='ltr'>iussit</span> <span class='ocrx_word' id='word_1_254' title='bbox 1125 3970 1155 4035; x_wconf 88' lang='lat' dir='ltr'>S.</span> <span class='ocrx_word' id='word_1_255' title='bbox 1174 3970 1292 4054; x_wconf 85' lang='lat' dir='ltr'>Gongr.</span> <span class='ocrx_word' id='word_1_256' title='bbox 1312 3986 1417 4051; x_wconf 82' lang='lat' dir='ltr'>saper</span> <span class='ocrx_word' id='word_1_257' title='bbox 1431 3972 1508 4032; x_wconf 87' lang='lat' dir='ltr'>stat.</span> 
     </span>
     <span class='ocr_line' id='line_1_31' title="bbox 333 4091 1510 4181; baseline -0.006 -21"><span class='ocrx_word' id='word_1_258' title='bbox 333 4116 403 4181; x_wconf 79' lang='lat' dir='ltr'>rep.</span> <span class='ocrx_word' id='word_1_259' title='bbox 428 4096 472 4161; x_wconf 77' lang='lat'>12</span> <span class='ocrx_word' id='word_1_260' title='bbox 495 4098 571 4161; x_wconf 85' lang='lat' dir='ltr'>Inn.</span> <span class='ocrx_word' id='word_1_261' title='bbox 590 4096 681 4162; x_wconf 84' lang='grc'><em>1858</em></span> <span class='ocrx_word' id='word_1_262' title='bbox 703 4117 738 4161; x_wconf 93' lang='lat' dir='ltr'>n.</span> <span class='ocrx_word' id='word_1_263' title='bbox 763 4096 796 4177; x_wconf 78' lang='lat'>4,</span> <span class='ocrx_word' id='word_1_264' title='bbox 820 4096 853 4161; x_wconf 90' lang='grc'>5.</span> <span class='ocrx_word' id='word_1_265' title='bbox 875 4131 892 4143; x_wconf 89' lang='grc'>-</span> <span class='ocrx_word' id='word_1_266' title='bbox 914 4094 1048 4179; x_wconf 83' lang='lat' dir='ltr'>Saepius</span> <span class='ocrx_word' id='word_1_267' title='bbox 1071 4095 1133 4159; x_wconf 90' lang='lat' dir='ltr'>hae</span> <span class='ocrx_word' id='word_1_268' title='bbox 1157 4112 1273 4159; x_wconf 87' lang='lat' dir='ltr'>causae</span> <span class='ocrx_word' id='word_1_269' title='bbox 1297 4091 1510 4177; x_wconf 83' lang='lat' dir='ltr'>expediuntur</span> 
     </span>
     <span class='ocr_line' id='line_1_32' title="bbox 333 4216 1506 4305; baseline -0.007 -18"><span class='ocrx_word' id='word_1_270' title='bbox 333 4242 392 4305; x_wconf 87' lang='lat' dir='ltr'>per</span> <span class='ocrx_word' id='word_1_271' title='bbox 408 4224 493 4286; x_wconf 90' lang='lat' dir='ltr'>viam</span> <span class='ocrx_word' id='word_1_272' title='bbox 509 4222 715 4289; x_wconf 70' lang='lat' dir='ltr'>dissensionis</span> <span class='ocrx_word' id='word_1_273' title='bbox 727 4229 759 4286; x_wconf 88' lang='lat' dir='ltr'>et</span> <span class='ocrx_word' id='word_1_274' title='bbox 771 4220 1034 4303; x_wconf 83' lang='lat' dir='ltr'>dispensationis</span> <span class='ocrx_word' id='word_1_275' title='bbox 1046 4220 1170 4299; x_wconf 85' lang='lat' dir='ltr'>saltem,</span> <span class='ocrx_word' id='word_1_276' title='bbox 1182 4218 1221 4283; x_wconf 90' lang='lat' dir='ltr'>ad</span> <span class='ocrx_word' id='word_1_277' title='bbox 1235 4218 1391 4283; x_wconf 85' lang='lat' dir='ltr'>cautelam</span> <span class='ocrx_word' id='word_1_278' title='bbox 1405 4216 1506 4291; x_wconf 88' lang='lat' dir='ltr'>datae,</span> 
     </span>
     <span class='ocr_line' id='line_1_33' title="bbox 333 4340 1505 4430; baseline -0.007 -21"><span class='ocrx_word' id='word_1_279' title='bbox 333 4350 471 4412; x_wconf 85' lang='lat' dir='ltr'>servatis</span> <span class='ocrx_word' id='word_1_280' title='bbox 486 4345 618 4430; x_wconf 78' lang='lat' dir='ltr'>legibus,</span> <span class='ocrx_word' id='word_1_281' title='bbox 634 4347 754 4430; x_wconf 89' lang='lat' dir='ltr'>proprii</span> <span class='ocrx_word' id='word_1_282' title='bbox 772 4346 907 4411; x_wconf 87' lang='lat' dir='ltr'>instituti</span> <span class='ocrx_word' id='word_1_283' title='bbox 926 4350 957 4408; x_wconf 86' lang='lat' dir='ltr'>et</span> <span class='ocrx_word' id='word_1_284' title='bbox 975 4344 1116 4410; x_wconf 87' lang='lat' dir='ltr'>decretis</span> <span class='ocrx_word' id='word_1_285' title='bbox 1131 4341 1311 4429; x_wconf 86' lang='lat' dir='ltr'>pontificiis.</span> <span class='ocrx_word' id='word_1_286' title='bbox 1323 4378 1338 4389; x_wconf 91' lang='lat'><strong>·</strong></span> <span class='ocrx_word' id='word_1_287' title='bbox 1353 4340 1505 4405; x_wconf 88' lang='lat' dir='ltr'>Moniales</span> 
     </span>
     <span class='ocr_line' id='line_1_34' title="bbox 333 4466 1508 4555; baseline -0.004 -22"><span class='ocrx_word' id='word_1_288' title='bbox 333 4478 439 4535; x_wconf 87' lang='lat' dir='ltr'>autem</span> <span class='ocrx_word' id='word_1_289' title='bbox 456 4491 574 4536; x_wconf 88' lang='lat' dir='ltr'>cavere</span> <span class='ocrx_word' id='word_1_290' title='bbox 586 4470 703 4535; x_wconf 92' lang='lat' dir='ltr'>debent</span> <span class='ocrx_word' id='word_1_291' title='bbox 719 4489 760 4533; x_wconf 92' lang='lat' dir='ltr'>ne</span> <span class='ocrx_word' id='word_1_292' title='bbox 775 4470 833 4534; x_wconf 86' lang='lat' dir='ltr'>sub</span> <span class='ocrx_word' id='word_1_293' title='bbox 846 4474 1016 4555; x_wconf 85' lang='lat' dir='ltr'>praetextu</span> <span class='ocrx_word' id='word_1_294' title='bbox 1029 4468 1194 4533; x_wconf 82' lang='lat' dir='ltr'>nattitatis</span> <span class='ocrx_word' id='word_1_295' title='bbox 1208 4467 1416 4553; x_wconf 83' lang='lat' dir='ltr'>professionis</span> <span class='ocrx_word' id='word_1_296' title='bbox 1431 4466 1508 4531; x_wconf 88' lang='lat' dir='ltr'>sim·</span> 
     </span>
    </p>
   </div>
   <div class='ocr_carea' id='block_1_13' title="bbox 0 0 1680 5100">
    <p class='ocr_par' dir='ltr' id='par_1_16' title="bbox 0 0 1680 5100">
     <span class='ocr_line' id='line_1_35' title="bbox 0 0 1680 5100; baseline 0 0"><span class='ocrx_word' id='word_1_297' title='bbox 0 0 1680 5100; x_wconf 95' lang='lat' dir='ltr'> </span> 
     </span>
    </p>
   </div>
  </div>
 </body>
</html>
