3350 5100
189 269 194 278 “
301 265 366 330 484
806 285 890 332 reas
922 283 973 332 111.

388 408 464 474 454.
497 407 639 472 Proinde
671 407 768 474 Oonc.
796 408 1032 479 Tridentinum,
1065 409 1139 492 quia
1170 407 1272 472 voluit
1302 408 1477 473 solemnem

298 531 444 597 adhiberi
470 532 607 596 formam
621 531 662 596 ad
677 531 819 598 validum
843 533 1039 617 coniugium,
1064 533 1211 599 cdercuit
1233 534 1282 596 ius
1306 530 1477 598 accusandi

199 743 204 749 ὁ
294 657 465 739 privative
490 662 678 742 competens
708 656 907 743 coniugibus.
934 657 1023 724 Cum.
1037 657 1101 722 hac
1126 657 1317 724 limitatione
1340 655 1476 741 intelligi

298 782 393 847 debet-
414 782 522 865 §122
537 783 637 848 lnstr.
655 785 775 848 Austrz
795 781 989 850 «Omnibus
1013 781 1141 848 casibus
1165 787 1197 848 et
1213 789 1347 867 propter
1369 783 1477 847 omnia

298 908 534 994 impedimenta,
550 928 686 992 quorum
705 913 857 994 respectu
880 909 930 974 ius
953 907 1125 974 accusandi
1146 907 1335 993 coniugibus
1350 911 1406 972 aut
1421 907 1475 972 uni

297 1035 438 1119 ipsorum
470 1034 556 1102 haud
592 1035 752 1120 privative
782 1035 953 1119 competit,
986 1033 1128 1100 tribunal
1163 1033 1400 1100 matrimoniale
1434 1052 1476 1096 ex

297 1157 401 1225 officio
423 1158 604 1244 procedere
626 1159 730 1240 debet,
755 1160 992 1245 quamprimum
1016 1164 1071 1224 aut
1098 1157 1291 1226 notorietete
1314 1157 1402 1230 facti,
1419 1165 1476 1224 aut

295 1283 596 1354 denuntiationibus
611 1285 718 1350 aliove
732 1283 829 1350 modo
844 1281 1008 1350 sufficiens
1023 1285 1163 1370 suppetit
1182 1303 1280 1350 cansa
1295 1303 1328 1346 a.
1345 1283 1477 1350 Revera

295 1429 394 1494 supra
414 1408 490 1473 dum
513 1409 789 1494 perpenderemus
811 1407 957 1494 singulos
983 1427 1077 1474 casus
1100 1408 1336 1494 competentiae
1354 1407 1474 1490 priva-

296 1535 359 1599 tiae
389 1534 581 1619 pertinentis
603 1534 700 1598 elicui
726 1553 769 1598 ex
792 1533 991 1619 coniugibus,
1016 1532 1214 1598 advertimus
1240 1531 1281 1597 ob
1311 1531 1473 1596 deiectum

294 1651 431 1735 formae
452 1654 530 1720 trid.
555 1653 807 1720 damnationem
830 1651 900 1717 fleri
926 1671 1141 1720 commanem
1171 1672 1227 1717 seu
1253 1653 1471 1735 popularem.

340 1845 345 1858 ‚
386 1779 459 1844 455.
486 1777 609 1844 Nedum
633 1797 679 1844 em
700 1777 809 1862 officia
832 1777 987 1844 tribunali
1016 1779 1137 1850 curiae,
1158 1777 1214 1842 sed
1237 1775 1359 1861 cuique
1380 1773 1473 1862 fideti

296 1899 450 1985 competit
464 1919 631 1974 accusare,
647 1903 694 1966 uti
710 1900 806 1968 docet
820 1900 933 1966 eadem
952 1904 1049 1968 lnstr.
1065 1901 1185 1984 5115.-
1202 1901 1473 1967 «Matrimonium

296 2024 504 2112 impugnandi
528 2026 587 2108 ius,
604 2027 637 2090 in
658 2030 813 2110 quantum
836 2025 923 2090 haud
943 2043 1100 2111 expresse
1115 2023 1154 2090 ad
1171 2025 1324 2110 coniuges
1339 2029 1473 2091 restrin-

295 2157 401 2237 gatur,
423 2151 575 2236 competit
598 2151 759 2216 catholico
775 2151 888 2226 cuivis,
912 2152 1057 2236 exceptis
1073 2151 1113 2216 iis
1128 2151 1181 2233 qui
1204 2169 1271 2223 sua,
1292 2149 1403 2216 hucin
1426 2167 1473 2222 re,

295 2271 463 2344 commoda
484 2297 645 2361 quaerere
667 2279 810 2363 suspecti
823 2278 899 2352 sint,
915 2277 965 2344 vel
984 2278 1130 2361 quamvis
1145 2277 1384 2342 matrimonium
1402 2294 1476 2342 con·

294 2403 486 2469 trahendum
512 2421 584 2470 esse
605 2404 763 2469 sciverint
778 2421 817 2468 ac
832 2403 1113 2488 proclamationes,
1134 2399 1242 2468 debito
1265 2400 1368 2475 modo,
1386 2402 1473 2466 insti·

294 2536 382 2595 tutae
397 2534 515 2603 essent,
534 2527 805 2614 impedimentum,
815 2527 949 2615 'absque
964 2528 1115 2616 tepitima
1138 2529 1367 2602 emanatione,
1381 2527 1475 2595 silen-

293 2655 337 2716 tio
353 2653 580 2737 presserint».
604 2651 652 2719 ct.
676 2652 812 2717 (laneam
837 2686 856 2701 ··
877 2652 1028 2719 Ciuitatis
1050 2652 1186 2719 aestati
1203 2688 1220 2701 -
1237 2652 1322 2737 apud
1338 2652 1369 2718 S.
1388 2652 1422 2717 O.
1439 2650 1472 2717 (l.

293 2777 362 2843 diei
381 2777 422 2843 18
439 2777 636 2858 satiata,
659 2778 693 2841 in
716 2796 780 2861 qua
803 2778 931 2863 cognati
949 2781 982 2841 et
996 2773 1113 2841 affines
1132 2775 1351 2851 obtinuerunt,
1368 2775 1474 2841 decla·

297 2902 362 2964 rari
386 2901 581 2965 matrimonii
597 2900 777 2966 nullitatem
794 2900 952 2966 adversus
976 2902 1126 2967 maritum
1151 2905 1184 2968 et
1206 2918 1341 2966 uxorem
1366 2899 1476 2967 validi·

294 3030 391 3115 tatem
416 3044 476 3109 pro
498 3025 622 3090 viribus
645 3023 859 3091 defendentes
883 3024 939 3111 (l).

384 3146 460 3211 456.
486 3146 558 3211 Hae
582 3146 664 3212 duae
686 3148 897 3231 exceptiones
922 3146 1134 3229 suspicionis,
1167 3145 1281 3230 quibus
1307 3144 1347 3210 ab
1378 3166 1473 3211 accu-

294 3270 395 3335 sando
418 3270 589 3355 repellitur
611 3269 725 3341 fidelis,
754 3271 1004 3337 considerantur
1033 3272 1105 3337 iure
1129 3271 1345 3339 Decretalium
1369 3273 1402 3335 in
1424 3272 1473 3338 tit.

297 3394 360 3465 Qui
382 3413 546 3460 acaasare
567 3400 686 3477 Μαίης
709 3401 743 3459 et
764 3397 797 3459 in
821 3412 896 3478 cap.
923 3394 946 3459 6
969 3396 1000 3459 tv.
1018 3400 1039 3460 t.
1057 3395 1229 3481 repellitur
1251 3396 1306 3478 qui
1328 3370 1473 3479 tempore

294 3518 581 3601 proclamationum
606 3517 728 3583 sciebat
746 3515 1020 3603 impedimentum,
1037 3522 1165 3603 poterat
1187 3523 1219 3583 et
1241 3517 1346 3585 noluit
1368 3517 1473 3583 recla-

295 3662 398 3718 mare3
423 3648 456 3707 et
479 3644 511 3707 in
535 3661 611 3725 cap.
635 3642 659 3709 5
683 3642 714 3707 a.
740 3648 772 3723 t,
798 3643 969 3729 repellitur
991 3648 1106 3723 mater,
1124 3662 1207 3727 quae
1230 3640 1287 3707 dlii
1308 3643 1474 3711 matrimo-

381 3871 420 3940 (l)
439 3871 616 3933 Quaestionis
634 3876 678 3927 eet
690 3888 727 3926 an
745 3872 834 3942 potsit
853 3873 979 3927 accusari
992 3878 1084 3936 matr..
1099 3877 1160 3942 post
1179 3877 1297 3927 mortem
1313 3872 1473 3942 coniugum,

293 3979 327 4032 ad
345 3994 458 4049 scopam
483 3977 648 4034 hereditatis
671 3979 848 4036 obtinendae.
869 3980 895 4033 S.
915 3979 944 4033 0.
963 3980 993 4033 0.
1013 3980 1040 4033 in
1064 3980 1149 4035 variis
1173 3981 1298 4047 casibus,
1320 3996 1389 4051 quas
1413 3995 1474 4049 per·

290 4086 389 4156 pendit
407 4086 537 4156 Gasparri
558 4088 599 4142 De
616 4099 700 4142 matr.
718 4089 732 4154 t
750 4087 826 4142 1183
844 4098 900 4141 not.
921 4088 943 4155 1,
963 4088 1070 4158 respuit
1087 4088 1223 4142 eiusmodi
1247 4088 1425 4152 instantiam
1445 4091 1474 4141 et

294 4192 346 4246 hoc
364 4194 400 4246 ob
420 4191 561 4261 pecularia
585 4192 717 4248 adiuncta
735 4194 763 4247 in
789 4212 871 4261 casa3
889 4192 936 4247 sed
955 4194 983 4248 in
1002 4210 1107 4264 penore
1126 4193 1270 4262 probanda
1287 4204 1330 4248 est
1348 4193 1473 4247 doctrina

293 4296 428 4364 Schmalz,
441 4299 485 4351 tit
507 4300 561 4358 Qui
578 4310 660 4354 matr.
680 4318 770 4355 aecus.
789 4319 818 4353 a.
833 4300 888 4368 27,
906 4300 1016 4355 scilicet
1034 4300 1186 4369 vigoratus
1200 4301 1361 4365 accusandi,
1374 4314 1474 4370 quous·

293 4398 346 4475 que
365 4404 435 4461 haec
453 4408 529 4461 actio
547 4408 721 4476 praescripta
738 4424 794 4462 non
813 4409 851 4463 sit
870 4408 962 4477 spatio
981 4408 1016 4462 30
1035 4424 1179 4461 annorum.
