3350 5100
347 315 413 380 234
560 297 566 305 ⁴
860 327 943 374 elas
974 325 1010 372 11.

478 456 513 536 3)
537 456 629 531 Quia,
652 459 786 540 praeter
808 451 960 516 damnum
983 446 1182 527 mediatum,
1199 446 1286 511 unde
1310 445 1414 508 oritur
1439 444 1521 511 ratio

345 583 490 649 criminis
501 582 589 665 (Vol.
602 581 664 660 Ill,
677 599 709 643 n.
722 577 789 661 24),
801 576 895 641 adest
910 575 1062 638 damnum
1078 572 1326 644 immediatum,
1340 590 1397 636 seu
1412 568 1522 633 discri-

344 729 417 773 men
433 709 558 773 illatum
574 707 607 770 in
623 705 708 770 bona
722 705 923 788 privatorum
941 699 1079 773 civium;
1095 701 1256 780 quaerunt
1272 696 1336 760 ΙΙΙ).
1356 714 1398 759 an
1422 693 1521 758 iudex

344 834 409 901 loci
423 834 534 899 delicti
546 833 756 917 possitagere
767 830 800 893 in
813 828 900 892 bona
912 824 1128 908 delinquentis
1144 823 1228 888 forte
1243 822 1309 888 sila
1325 823 1358 886 in
1373 823 1444 886 eius
1458 826 1525 886 ter·

293 1027 298 1034 ,
344 960 467 1030 ritorio‚
488 958 634 1041 quamvis
656 955 845 1037 delinquens
868 951 1048 1016 excesserit
1070 949 1272 1014 territorium
1295 953 1370 1011 ante
1398 947 1523 1012 citatio-

345 1103 428 1149 nem.
452 1084 497 1149 Et
511 1083 671 1147 sententia
694 1079 871 1144 communis
894 1085 944 1144 est
965 1073 1168 1154 affirmative,
1185 1071 1241 1155 (cl.
1257 1071 1438 1156 Sohmalzg.
1454 1072 1476 1136 l.
1494 1091 1522 1136 c.

344 1229 375 1272 n.
392 1208 448 1295 61)
465 1209 616 1272 nimirum
638 1205 778 1272 iudicem
798 1225 892 1290 posse
908 1199 1063 1268 eiusmodi
1086 1200 1171 1264 bone
1194 1196 1442 1284 apprehendere
1465 1216 1522 1262 seu

343 1351 525 1419 supponere
539 1336 707 1415 sequestro
722 1335 779 1395 aut
794 1327 978 1393 distrahere
989 1325 1030 1389 ad
1046 1322 1251 1388 obtinendam
1267 1322 1521 1388 indemnitatem.

343 1462 468 1526 Verum
491 1459 588 1524 hodie
610 1457 781 1544 prudentia
799 1457 949 1542 suggerit
964 1473 1006 1518 ne
1022 1452 1119 1518 iudex
1142 1452 1205 1516 loci
1229 1451 1341 1517 delicti
1356 1451 1420 1516 hec
1436 1454 1522 1534 pote·

343 1590 425 1650 state
449 1589 567 1656 utatur,
591 1583 705 1646 saltem
736 1579 880 1646 inaudito
904 1577 1080 1644 Ordinario
1103 1576 1165 1640 loci
1192 1574 1365 1644 domicilii.
1390 1575 1450 1638 etsi
1480 1572 1520 1638 de

343 1709 464 1774 clerico
487 1706 695 1790 delinquente
716 1724 771 1769 res
794 1706 845 1769 sit,
873 1703 1008 1787 Semper
1031 1708 1138 1766 autem
1166 1701 1328 1798 integrum
1351 1704 1401 1764 est
1423 1697 1519 1762 iudici

343 1834 405 1898 loci
421 1832 542 1905 delicti,
555 1850 615 1915 per
629 1831 757 1895 litteras
771 1827 1022 1894 remissoriules
1040 1830 1095 1890 aut
1110 1823 1387 1909 requisitoriules‚
1407 1830 1520 1908 petere

342 1977 362 2021 a
384 1955 489 2022 iudice
512 1954 675 2021 domicilii
697 1959 732 2018 ut
754 1973 775 2016 a
796 1951 1006 2034 delinquente
1034 1952 1103 2034 ipse
1130 1947 1274 2013 obtineat
1303 1949 1518 2012 necessariam

343 2079 587 2145 indemnitatem
613 2079 672 2158 (Ι).

343 2326 415 2374 raus,
434 2314 544 2378 utputa,
561 2325 579 2360 e
597 2307 670 2360 laica
688 2311 829 2376 potestate
853 2305 1049 2376 deprehensus,
1074 2308 1196 2379 quinon
1218 2309 1327 2358 tentum
1352 2302 1449 2356 civilia
1472 2303 1519 2356 secl

343 2419 428 2472 etiam
446 2416 640 2472 ecclesiastica
656 2414 774 2467 crimine
793 2415 924 2483 patravit,
943 2416 1036 2484 puniri
1055 2415 1143 2484 possit
1161 2416 1196 2468 ab
1215 2411 1313 2468 eccles.
1333 2417 1472 2482 potestate
1491 2413 1519 2466 in

343 2525 404 2580 loco
422 2523 658 2595 deprehensionis,
678 2523 805 2593 quamvis
822 2523 862 2575 ibi
882 2537 972 2593 neque
991 2521 1161 2576 domicilium
1186 2520 1290 2576 hebeat
1312 2535 1403 2591 neque
1428 2523 1519 2589 patra-

343 2636 416 2688 verit
440 2634 564 2686 crimina.
585 2662 600 2671 -
620 2630 736 2695 Verum,
754 2645 789 2684 ex
814 2630 958 2699 principiis
980 2647 1064 2699 supra
1090 2629 1238 2699 explicatis
1261 2629 1398 2701 quaestio,
1415 2626 1518 2681 resolui

341 2742 382 2794 ita
400 2740 492 2804 debet,
502 2754 601 2808 nempe
620 2742 652 2791 nt
670 2737 694 2791 si
713 2737 742 2790 in
761 2736 823 2790 loco
842 2738 1072 2807 deprehensionis
1091 2753 1203 2791 necesse
1222 2735 1260 2788 sit
1277 2736 1388 2789 anferre
1406 2734 1521 2788 scanda-

341 2846 400 2900 lum
416 2862 465 2915 per
478 2844 599 2899 remedia
613 2843 741 2913 poenalia
754 2843 853 2898 eccles.
866 2843 950 2898 iudex
962 2844 1033 2897 haec
1051 2843 1184 2898 adhibere
1198 2842 1301 2907 valeat,
1314 2840 1361 2895 sed
1374 2845 1460 2895 antea
1472 2856 1522 2909 per

340 2953 451 3007 litteras
462 2954 655 3023 requisitorias
667 2951 834 3021 expostulet,
848 2968 866 3005 a
884 2951 975 3006 iudice
994 2949 1129 3005 domicilii
1149 2955 1199 3005 aut
1216 2950 1271 3005 loci
1290 2949 1397 3014 delicti,
1408 2947 1521 3003 litteras

340 3063 529 3125 remissorius,
541 3060 563 3112 si
584 3058 666 3113 facile
685 3058 738 3112 hoc
756 3059 894 3127 praestari
915 3059 1017 3127 possit;
1035 3088 1052 3099 -
1070 3075 1158 3123 secus,
1178 3074 1276 3127 nempe
1298 3058 1321 3110 ei
1343 3056 1371 3110 iu
1392 3055 1453 3109 loeo
1471 3057 1521 3109 de·

339 3166 542 3236 prehensionis,
554 3181 610 3219 non
627 3170 747 3233 urgeant
765 3163 836 3219 haec
856 3165 979 3221 remedia
999 3166 1137 3235 poenalia,
1149 3166 1252 3219 certior
1264 3166 1315 3219 fiat
1330 3164 1413 3218 iudex
1432 3166 1522 3233 dorni-

342 3274 402 3326 cilii
419 3276 468 3326 sut
488 3273 542 3325 loci
560 3273 656 3325 delicti
674 3276 706 3325 ut
723 3272 783 3340 ipse
798 3274 931 3327 consulat
949 3274 1109 3328 necessitati
1129 3289 1230 3328 rernm.

430 3379 470 3446 (l)
488 3378 524 3431 ln
542 3380 635 3432 codice
655 3380 698 3431 cit.
721 3378 896 3449 Grcyoriano
915 3380 1043 3451 iudiciali
1057 3380 1173 3449 poenali
1191 3378 1244 3433 hae
1262 3383 1425 3433 statuuntur
1437 3394 1521 3447 regu·

340 3486 393 3552 lae,
402 3502 475 3557 quae
487 3484 597 3539 utiliter
609 3484 792 3539 attenduntur
808 3486 895 3540 etiam
909 3486 936 3539 in
950 3487 1010 3539 fero
1023 3486 1120 3541 eccles.
1134 3514 1148 3527 ·
1161 3501 1178 3537 t
1190 3488 1243 3539 art.
1256 3486 1302 3539 62.
1318 3486 1420 3555 Siquis
1437 3504 1520 3540 acma-

339 3603 417 3647 satur
435 3594 566 3662 pluribus
584 3593 747 3645 criminibus
766 3593 796 3645 in
814 3594 952 3647 distinctis
974 3594 1100 3647 iudicum
1125 3595 1278 3663 prouinciis
1301 3594 1429 3662 putretis,
1445 3610 1520 3662 prae

340 3701 441 3753 ceteris
459 3698 588 3768 competit
606 3700 726 3767 cupatrio
745 3698 870 3751 onmium
884 3700 1034 3752 criminum
1053 3700 1101 3751 illi
1118 3700 1205 3753 iuctici
1223 3701 1254 3751 in
1272 3700 1351 3753 cuius
1369 3701 1519 3768 prouincia

339 3808 454 3871 crimen,
473 3808 581 3858 ratione
601 3806 674 3858 iuris
697 3806 815 3875 positivi,
834 3806 952 3875 pravius
976 3808 1130 3860 admissum
1147 3807 1212 3876 fuit.
1231 3834 1246 3847 ·
1265 3809 1317 3861 art
1336 3805 1380 3859 65.
1401 3804 1518 3863 Quando

337 3914 438 3982 plures
456 3928 493 3966 ec
510 3913 647 3981 inquisitis
665 3920 838 3965 concurrunt
857 3912 886 3964 in
904 3913 979 3965 idem
998 3914 1114 3977 crimen,
1131 3911 1185 3966 ille
1202 3912 1299 3976 iudex,
1318 3928 1389 3981 prae
1408 3913 1521 3983 celeus,

338 4018 479 4084 nequitum
499 4031 708 4087 preoccupasse
727 4017 866 4070 dicendus
885 4025 924 4071 est
943 4017 991 4086 qui
1005 4020 1090 4086 prior
1115 4034 1203 4071 unum
1225 4032 1262 4070 eu
1280 4016 1416 4086 inquisitis
1439 4033 1518 4071 com-

336 4122 495 4191 prehendit,
505 4124 631 4191 quemuis
649 4122 700 4175 iste
712 4137 769 4173 non
781 4123 817 4174 sit
829 4138 896 4174 reus
905 4121 1074 4191 principalis
1087 4122 1138 4175 sed
1150 4136 1269 4175 couneus
1282 4121 1317 4175 ob
1328 4129 1423 4173 actum
1436 4134 1518 4189 prce·

338 4228 416 4280 cium
436 4236 464 4280 et
484 4230 624 4281 directum
646 4214 951 4280 aut-'concomitantem
975 4227 1149 4283 deziuum».
1169 4225 1199 4279 ln
1223 4226 1284 4280 iero
1309 4225 1408 4281 eccles
1435 4222 1519 4279 hodie

338 4348 394 4386 non
403 4338 448 4387 est
456 4333 584 4402 quaestio
593 4333 627 4389 de
636 4332 754 4404 physice
763 4334 1019 4403 comprehensione,
1029 4332 1076 4387 sed
1088 4333 1123 4387 de
1135 4333 1256 4403 simplici
1269 4336 1398 4388 dictione
1407 4332 1479 4387 adeo
1487 4338 1520 4386 nt

338 4454 373 4493 ex
385 4436 461 4491 edita
473 4436 607 4493 citatione
620 4454 665 4493 res
677 4453 733 4491 non
746 4438 784 4491 sit
797 4438 919 4507 amplius
933 4440 1044 4508 inteqrc
1056 4442 1085 4493 et
1097 4437 1162 4493 inde
1174 4439 1208 4491 fit
1220 4438 1299 4493 locus
1314 4438 1519 4508 praeventioni.
