3350 5100
551 320 594 365 or
618 318 757 365 mmcns
781 318 1024 365 ORIMINALIBUS
1309 298 1370 363 331

195 444 292 506 tionis
314 450 347 506 et
362 445 574 508 correctionis
590 444 658 507 sive
674 442 849 507 habilitatis
865 440 910 529 (l)
935 448 968 508 et
992 442 1208 510 inhabilitatis,
1225 460 1287 506 nec
1311 461 1374 507 non

195 568 424 641 criminalibus,
442 568 482 633 ab
499 569 659 653 Episcopo
681 588 738 633 seu
755 568 840 633 illius
855 570 888 632 in
904 568 1122 653 spiritualibus
1138 568 1261 632 vicario
1277 588 1373 651 gene-

197 692 258 756 rali
281 700 357 756 ante
372 690 569 757 definitivam
586 692 842 757 sententiamab
866 694 1112 758 interlocutoria
1134 692 1186 757 vel
1209 692 1272 757 alio
1296 712 1374 775 quo-

197 835 333 898 cumque
353 816 543 899 gravamine
559 835 624 880 non
640 816 830 899 appelletur,
849 835 953 898 neque
970 816 1147 900 Episcopus
1162 836 1216 879 seu
1236 816 1376 881 vicarius

195 940 401 1024 appellationi
425 940 616 1013 huiusmodi,
633 947 795 1025 tamquam
810 941 959 1013 frivolae,
977 940 1108 1005 deterre
1131 946 1294 1015 teneatur;
1319 940 1375 1005 sed

196 1085 236 1129 ea
250 1085 289 1130 ac
304 1085 506 1150 quacumque
522 1066 711 1132 inhibitione
729 1065 773 1131 ab
787 1066 1010 1152 appellationis
1026 1066 1131 1131 iudice
1147 1075 1295 1131 emanata
1315 1086 1375 1131 nec

197 1211 260 1254 non
284 1193 369 1254 omni
394 1192 479 1277 stylo
503 1198 536 1256 et
558 1193 791 1257 consuetudine
818 1195 914 1257 etiam
938 1192 1183 1258 immemorabili
1211 1195 1377 1259 contraria

198 1335 262 1381 non
277 1316 435 1397 obstante,
448 1317 488 1380 ad
505 1318 663 1381 ulteriora
677 1318 784 1382 valeat
800 1318 988 1401 procedere,
1005 1318 1067 1382 nisi
1082 1336 1258 1403 gravamen
1270 1318 1375 1382 huius·

198 1440 280 1504 modi
305 1462 365 1525 per
387 1440 585 1507 definitivam
608 1445 799 1508 sententiam
824 1444 972 1528 reparari
997 1442 1048 1508 vel
1064 1442 1104 1507 ab
1122 1444 1190 1527 ipsa
1212 1438 1377 1507 definitiva

197 1566 352 1648 appellari
383 1586 448 1629 non
478 1568 580 1651 possit
605 1565 720 1651 quibus
750 1566 876 1631 casibus
911 1586 1078 1631 sacrorum
1110 1570 1144 1632 et
1171 1568 1375 1649 antiquorum

197 1707 356 1753 canonum
379 1694 500 1753 statuta
522 1688 646 1753 illibata
667 1690 889 1773 persistant».
914 1688 1066 1773 Singulos
1089 1708 1182 1754 casus
1207 1691 1238 1752 ia
1262 1688 1377 1773 quibus
1444 1736 1446 1739 -

197 1813 362 1896 appellare
385 1834 449 1877 non
473 1819 523 1878 est
544 1816 736 1898 permissum
759 1835 779 1877 a
802 1814 993 1899 definitiva,
1021 1814 1110 1878 infra
1139 1833 1375 1879 enumeramus.

197 1936 246 2003 Gt.
274 1938 398 2003 Concit.
429 1938 522 2003 Trv'd.
547 1958 627 2005 sess.
650 1939 709 2011 24,
734 1957 809 2021 cap.
832 1938 893 2011 20,
920 1938 969 2005 De
990 1937 1056 2020 res.

288 2069 347 2129 Ast
372 2063 454 2128 haec
478 2064 611 2128 decreta
634 2066 797 2148 pertinent
819 2070 945 2129 tantum
969 2064 1009 2128 ad
1033 2064 1264 2149 appellationes
1285 2063 1376 2129 iudi·

198 2187 330 2252 cialiter
340 2188 454 2274 tactas‚
470 2208 534 2251 non
547 2188 588 2251 ad
605 2188 838 2272 appellationes
853 2188 1141 2269 eatraiadiciates,
1155 2190 1261 2273 prouti
1274 2188 1377 2253 decla·

160 2288 165 2299 Ι
199 2315 284 2377 ravit
306 2313 338 2379 S.
362 2311 462 2398 (long.
487 2314 621 2378 Concilii
645 2320 679 2378 et
702 2315 806 2379 refert
829 2314 1001 2399 Fagnanus
1032 2315 1065 2377 in
1090 2333 1163 2397 cap.
1191 2313 1304 2397 Super
1327 2334 1375 2381 eo.

199 2437 249 2501 De
270 2440 429 2521 appellat.
450 2472 468 2487 ·
491 2460 526 2503 a.
544 2437 603 2503 37.
621 2439 781 2522 Siquidem
805 2459 983 2524 gravamen
1000 2439 1261 2505 ecetraiudteiate
1285 2459 1375 2525 repa·
1476 2482 1480 2491 ·

199 2562 291 2628 ratur
307 2583 366 2652 per
382 2566 644 2648 provocationem
660 2564 701 2629 ad
718 2564 854 2631 iudicem
870 2568 1089 2649 superiorem;
1106 2565 1180 2631 dum
1199 2587 1377 2652 gravamen

199 2687 351 2752 incidens
373 2688 406 2750 in
428 2687 580 2780 ¹iudicium
609 2689 672 2751 iam
696 2688 920 2767 instauratum,
944 2690 970 2752 si
994 2685 1064 2752 fieri
1089 2695 1209 2772 potest,
1234 2695 1378 2774 praestat

199 2811 367 2895 corrigere
391 2832 450 2895 per
472 2813 664 2876 sententiam
695 2801 914 2896 defibitiaam.
943 2848 959 2860 -
987 2816 1137 2876 Attamen
1162 2813 1233 2878 iure
1258 2813 1376 2877 Decre-

200 2934 323 3015 talium,
340 2936 424 3019 quod
446 2945 645 3002 correxerat
659 2937 764 3021 legem
781 2937 1021 3003 lastinianeam.
1041 2911 1136 3000 etiam
1156 2936 1197 3000 ab
1215 2937 1377 3004 incidenti

199 3078 328 3143 semper
349 3061 517 3146 appellare
540 3061 590 3126 fas
615 3070 696 3126 erat.
721 3062 770 3126 cf.
795 3063 868 3126 Vol.
896 3063 920 3130 l.
946 3083 977 3125 n.
1002 3061 1078 3126 542.

289 3185 322 3250 Si
345 3205 425 3249 vero
440 3188 600 3250 sententia
615 3187 861 3274 interlocutoria
876 3205 895 3277 a
913 3186 1016 3251 iudice
1032 3187 1255 3271 appellationis
1276 3187 1377 3252 resor-

199 3313 286 3369 mata
300 3307 492 3379 tuerit,t0ta
508 3328 606 3372 causa
621 3308 661 3372 ad
677 3309 765 3372 hunc
781 3309 917 3373 iudicem
934 3309 1133 3385 devolvitur;
1149 3329 1219 3395 arg.
1237 3329 1312 3392 cap.
1329 3309 1378 3376 59

201 3429 250 3494 De
272 3432 397 3512 appeti.
420 3432 462 3502 X,
487 3433 561 3514 quia
585 3435 637 3516 qui
662 3433 761 3497 semel
785 3435 944 3517 gravavit,
969 3453 1097 3518 semper
1120 3453 1260 3518 gravare
1284 3453 1376 3517 prae-

200 3557 346 3620 sumitur.

289 3682 318 3742 A
341 3681 502 3743 sententia
518 3680 691 3764 definitiva
706 3680 916 3746 absolutoria
939 3683 1006 3766 ipse
1027 3687 1191 3764 promotor
1206 3678 1332 3752 fiscalis,
1350 3681 1377 3744 si

200 3824 294 3869 casus
314 3806 460 3888 postulet,
478 3806 620 3889 appellat
635 3807 667 3869 in
685 3805 801 3870 bonurn
824 3807 906 3891 legis
922 3812 954 3870 et
970 3807 1118 3870 iustitiae.
1138 3841 1155 3854 ·
1173 3808 1201 3869 A
1218 3808 1378 3872 sententia

201 3930 480 4023 condemnatoria
496 3931 595 4015 ipsius
606 3899 810 3997 condemnati
827 3934 962 3995 interest
976 3930 1223 4016 appellationem
1241 3931 1379 4014 interpo-

201 4071 289 4116 nere.
315 4053 398 4126 Quia
420 4054 605 4138 aliqnando,
629 4061 754 4120 tantum
779 4075 820 4118 ex
850 4059 942 4138 parte
972 4053 1110 4119 babetur
1141 4053 1377 4120 condemnatio

291 4339 330 4403 (l)
352 4339 390 4393 Ut
409 4356 474 4392 ecce
492 4356 576 4408 quum
596 4341 740 4408 quaeritur
759 4357 794 4392 an
813 4337 915 4408 aliquis
931 4338 968 4390 sit
986 4339 1167 4406 irregularis,
1181 4343 1209 4391 et
1229 4343 1322 4391 utrum
1341 4339 1379 4391 sit

201 4447 315 4501 idonens
334 4448 437 4500 muniis
454 4447 554 4502 eccles.
573 4446 724 4516 explendis.
