3350 5100
553 322 594 367 on
619 323 757 369 runicus
787 322 1031 369 carnisxuinus
1311 305 1376 369 313

198 444 372 529 aliquando
388 446 606 509 necessariam
621 443 930 527 confrontationem
953 444 1123 508 admittunt
1139 447 1325 511 canonistae
1345 454 1376 509 et

201 568 378 655 Pellegrini
402 571 424 633 t.
440 570 495 636 cit.
514 570 598 636 Sect.
615 571 668 635 IX
681 592 714 635 n.
732 569 847 635 66-72
862 572 951 654 ponit
967 590 1038 633 esse
1054 571 1251 653 potissimum
1268 543 1377 634 neces·

199 699 318 761 sariam
334 672 639 777 controntationem,
655 696 782 779 quando
799 715 874 760 reus
890 702 987 779 negat
1003 698 1133 760 omnino
1148 694 1279 769 lactum,
1294 697 1376 778 quod

199 840 242 884 ex
257 820 394 885 adverso
408 826 510 885 testes
525 821 689 885 mordicus
705 821 782 885 lassi
797 828 889 894 sunt;
913 826 947 884 et
969 820 1094 903 quando
1111 821 1220 904 agitur
1235 821 1274 884 de
1290 822 1376 885 socio

199 947 354 1014 criminis.
371 947 426 1029 qui
446 966 519 1009 cum
542 947 631 1010 socio
654 944 870 1028 confrontari
893 944 997 1009 debet.

287 1069 363 1135 242.
395 1072 538 1135 Testium
569 1070 761 1153 repetitioni
784 1076 891 1135 autem
922 1070 974 1135 vel
1001 1048 1268 1151 confrontationi
1300 1077 1377 1135 tunc

198 1195 289 1259 locus
311 1191 383 1259 fieri
410 1194 514 1267 debet,
539 1215 635 1279 quum
658 1194 841 1279 publicatus
870 1196 971 1260 tuerit
997 1214 1176 1277 processio
1206 1196 1376 1277 informa·

200 1318 297 1383 tirus.
315 1354 333 1367 -
351 1319 513 1402 Siquidem
531 1338 574 1385 ex
590 1320 654 1386 hoc
667 1320 823 1406 processu
847 1329 879 1386 et
902 1322 1043 1385 maxime
1066 1340 1125 1406 per
1140 1326 1237 1385 testes
1253 1319 1377 1384 auditos

197 1462 262 1525 pro
279 1443 523 1524 informatione
538 1444 666 1517 canae,
683 1451 832 1508 movetur
848 1445 887 1509 ad
907 1440 1149 1508 instaurandam
1170 1443 1267 1509 iudex
1281 1462 1375 1508 accu-

199 1570 365 1649 sationem,
378 1588 473 1653 quam
489 1576 688 1635 contestatus
711 1577 761 1635 est
784 1588 841 1634 reo
865 1576 1033 1634 convento.
1053 1604 1071 1617 ·
1090 1572 1150 1633 Ast
1172 1568 1377 1654 probationes
1436 1582 1437 1585 ’

198 1691 356 1757 hactenus
387 1692 543 1758 collectae
571 1712 634 1757 non
662 1697 795 1778 possunt
824 1693 886 1756 dici
920 1690 1032 1757 firmae
1060 1692 1100 1755 ad
1123 1688 1273 1771 effectum
1297 1710 1376 1757 con·

199 1815 435 1888 dernnationis,
448 1835 614 1900 quousque
629 1816 687 1879 has
703 1815 892 1880 discusserit
914 1824 1085 1881 accusatus
1101 1816 1134 1879 in
1150 1816 1197 1879 sui
1218 1814 1376 1879 defensio·

199 1961 282 2004 nem.
302 1940 380 2005 lude
404 1944 475 2024 post
497 1941 643 2004 criminis
666 1940 943 2011 contestationem,
959 1958 1015 2003 seu
1033 1944 1102 2023 post
1119 1940 1167 2003 rei
1183 1956 1321 2002 examen
1346 1948 1377 2003 et

199 2072 274 2129 ante
296 2064 530 2147 repetitionem
559 2070 616 2128 aut
642 2062 949 2145 confrontationcrn
973 2065 1112 2131 testium,
1142 2060 1178 2126 lit
1204 2061 1377 2147 publicatio

195 2208 376 2271 processus
391 2188 613 2269 insorrnatioi.
631 2186 811 2251 Exorditur
827 2188 913 2251 enim
929 2206 971 2251 ex
988 2188 1050 2251 hoc
1067 2194 1225 2251 momento
1239 2204 1377 2268 prooes-

198 2333 257 2379 sas
279 2314 482 2396 defensivus
510 2314 594 2379 unde
619 2332 696 2379 reus
719 2333 918 2398 praeparare
950 2313 1045 2381 valet.
1072 2316 1156 2377 inter
1179 2315 1245 2377 alia
1274 2314 1377 2379 media

199 2438 404 2519 defensionis,
421 2414 517 2504 etiam
533 2440 810 2523 interroqatoria
827 2458 909 2523 quae
926 2446 1148 2525 proponantur
1163 2438 1297 2504 testibus
1318 2442 1376 2503 ite·

200 2583 271 2628 rum
296 2566 417 2628 vocatis
439 2563 480 2628 ad
497 2583 644 2628 examen.
664 2564 787 2628 Verum
804 2565 879 2646 quia
893 2563 1045 2646 repetitio
1065 2565 1193 2628 testium
1218 2569 1274 2628 aut
1297 2583 1376 2630 oon·

197 2689 363 2771 (rontatio
386 2709 450 2753 non
467 2709 581 2774 parurn
599 2689 741 2772 implicat
756 2707 942 2772 processum
967 2694 1000 2752 et
1022 2690 1054 2752 in
1071 2689 1201 2773 longum
1218 2688 1374 2772 producit.

198 2813 272 2878 inde
303 2814 437 2878 invaluit
460 2833 528 2878 mos
559 2817 602 2880 ut.
632 2812 792 2896 publicato
820 2831 984 2894 processa
1010 2813 1240 2894 informatioo.
1270 2833 1289 2876 a
1317 2832 1374 2877 reo

199 2939 428 3021 exquireretur
459 2956 500 3000 an
533 2936 648 3004 vellet.
672 2936 712 2999 ad
740 2937 924 3021 expeditum
956 2936 1250 3022 tepitirnationern.
1278 2943 1376 3000 testes

199 3062 321 3127 habere
352 3082 411 3146 pro
440 3062 506 3128 rite
536 3062 743 3128 eaaminatis
772 3069 806 3126 et
831 3061 991 3143 repetitis.
1017 3060 1108 3135 Quod
1132 3063 1158 3125 si
1181 3060 1376 3140 declararet,

199 3187 403 3272 thitirnatas
419 3188 482 3251 iam
499 3185 680 3252 habebatur
696 3205 876 3270 processus.
891 3188 933 3250 At
949 3192 1067 3250 cavent
1078 3186 1278 3270 pragmatici.
1293 3182 1375 3268 quod

198 3318 224 3376 si
248 3322 418 3376 accusatus
440 3331 506 3375 ηοη
529 3310 676 3375 declaret
691 3331 727 3375 se
743 3316 842 3375 testes
865 3309 988 3374 habere
1009 3329 1075 3393 pro
1090 3310 1156 3374 rite
1170 3310 1376 3376 conminatis

173 3420 177 3426 ’
198 3441 231 3500 ct
244 3436 395 3518 repetitis
409 3435 528 3518 (Bouix
543 3437 564 3498 t.
582 3437 634 3501 cit.
652 3437 691 3499 ll
701 3454 738 3517 p.
755 3435 834 3520 216)
852 3442 928 3499 tunc
944 3437 976 3498 in
990 3434 1199 3517 publicando
1211 3453 1376 3517 processa

198 3556 310 3622 deberi
324 3558 467 3624 nomina
482 3558 615 3622 testium
630 3576 701 3624 non
716 3557 919 3623 denunciari
935 3577 1069 3640 quorum
1091 3559 1225 3641 proinde
1248 3563 1377 3621 attesta-

197 3683 312 3753 tiones.
338 3684 370 3746 in
393 3684 486 3767 copia
514 3683 700 3747 authentica
730 3682 902 3748 traduntur
925 3689 1087 3762 accusato,
1113 3683 1247 3746 reticitis
1276 3685 1375 3746 nomi·

199 3807 301 3875 nibus.
328 3827 369 3871 ne
391 3808 517 3873 scilicet
539 3813 638 3872 testes
661 3814 864 3872 vexarentur
886 3813 942 3871 aut
965 3813 1263 3890 corrumperentur.
1386 3841 1387 3844 π

290 3932 423 3996 Interim
454 3934 480 3996 si
510 3932 594 3998 haec
623 3933 809 4000 declaratio
840 3952 905 3997 non
932 3933 1055 4002 edatur,
1080 3936 1250 3996 accusatus
1279 3932 1376 3994 instat

200 4060 236 4118 ut
257 4050 313 4120 fiat
336 4057 465 4121 testium
497 4059 654 4141 repetitio,
687 4054 818 4120 conficit
849 4055 1100 4144 interrogatoria
1129 4053 1264 4118 testibus
1288 4054 1378 4118 exhi-

199 4183 320 4259 benda;
346 4184 399 4250 die
423 4206 503 4250 vero
527 4186 685 4250 examinis
706 4191 879 4249 accusatus
895 4191 1033 4249 vocatur
1047 4183 1087 4247 ad
1103 4181 1259 4247 videndos
1278 4188 1376 4246 testes

198 4312 327 4391 iurare,
351 4318 384 4376 at
407 4319 541 4376 arcetur
562 4309 603 4375 ab
626 4308 785 4375 audiendo
808 4312 966 4374 examine.
987 4309 1057 4373 -Si
1079 4313 1165 4373 enim
1189 4308 1376 4373 admittatur

197 4435 239 4500 ad
254 4456 392 4501 examen
414 4445 493 4503 tunc
513 4436 632 4500 dicitnr
654 4433 725 4499 lieri
749 4433 987 4517 confrontatiO,
1011 4436 1128 4520 quippe
1148 4437 1309 4519 integrum
1327 4440 1375 4497 est
