3350 5100
523 350 567 398 nn
591 351 746 400 uunrorrs
770 353 813 400 nr
837 351 957 400 roants
1285 330 1324 395 21

147 475 258 541 Gonst.
274 475 341 559 Ap.
359 476 436 542 Sed.
462 495 618 561 expresso
637 474 702 560 (1);
726 478 881 560 quocirca
894 478 955 541 iste
969 474 1011 540 ad
1025 471 1229 560 effugandam
1251 491 1329 538 cen-

146 621 259 666 suram
282 603 328 665 ita
350 621 387 666 se
408 619 527 686 gerere
549 600 654 666 debet.

238 726 278 790 ln
302 727 423 810 primis,
450 725 578 791 litteras
603 725 833 790 testimoniales
857 725 1011 790 ordinans
1034 725 1210 808 exquirere
1236 721 1332 788 debet

147 849 190 914 ab
206 851 275 935 ipso
293 849 470 916 Ordinario
494 851 558 915 loci
574 852 608 915 in
627 871 690 936 qno
705 857 923 916 commoratus
940 855 990 915 est
1006 849 1253 935 promovendus,
1269 867 1331 914 nec

151 971 315 1041 sufficiunt
336 975 465 1040 litterae
488 976 722 1040 testimoniales
744 975 987 1041 Moderatorum
1011 974 1154 1060 collegii.
1175 975 1331 1039 aliorum·

149 1118 223 1182 que.
238 1099 323 1184 apud
339 1119 421 1184 quos
437 1100 520 1167 idem
537 1100 773 1186 promovendus
789 1107 933 1166 moratus
947 1103 1006 1175 sit;
1018 1102 1064 1166 uti
1080 1101 1203 1184 pluries
1213 1098 1332 1165 decidit

152 1219 183 1286 S.
202 1222 237 1287 G.
255 1223 291 1288 G.
309 1231 341 1288 et
365 1221 570 1290 confirmavit
593 1227 626 1289 in
651 1225 829 1288 Parentina
848 1221 881 1288 S.
898 1223 934 1292 C.
951 1225 984 1290 0.
1001 1223 1332 1307 cie141otit18945

151 1347 284 1412 edicens
306 1348 540 1414 testimoniales
562 1347 716 1434 petendas
739 1367 811 1414 esse
833 1347 875 1414 ab
898 1347 1074 1415 Ordinario
1097 1347 1170 1419 loci,
1184 1348 1218 1412 tn
1241 1349 1332 1414 cuius

152 1471 327 1535 seminario
351 1471 551 1536 ordinandus
575 1477 792 1537 commoratus
814 1475 856 1536 sit
878 1472 991 1557 perid
1013 1479 1148 1556 tempus.
1181 1519 1185 1532 .

240 1595 293 1661 Ad
317 1597 546 1663 dimetiendum
571 1598 730 1681 quodnam
754 1599 796 1662 sit
818 1603 946 1684 tempus
969 1599 1229 1662 commorationis
1252 1597 1333 1664 adeo

152 1721 346 1806 productae,
372 1729 407 1788 ut
435 1725 650 1807 exquirantur
676 1724 806 1789 litterae
835 1725 1084 1794 testimoniales,
1108 1724 1192 1789 haec
1218 1724 1335 1808 regula

150 1847 430 1913 indiscriminatim
448 1848 623 1914 traditura
642 1847 843 1920 Doctoribus,
861 1849 905 1913 uti
925 1846 1039 1912 videre
1062 1852 1112 1912 est
1131 1847 1214 1934 apud
1231 1847 1331 1920 Santi,

158 1971 220 2035 Tit.
238 1971 289 2035 De
311 1975 410 2054 temp.
428 1972 502 2038 ord.
520 1973 557 2036 tn
573 1973 785 2055 Appendice:
810 1973 960 2036 nimirum
983 1979 1109 2055 tempus
1132 1971 1333 2036 considerari

149 2098 413 2162 commorationis
425 2097 541 2162 saltem
554 2115 616 2162 serr
627 2097 815 2180 mensium
825 2100 867 2163 uti
883 2100 915 2160 in
928 2097 1140 2161 matrimoniis
1151 2094 1221 2160 fieri
1235 2096 1334 2181 publi·

149 2223 295 2286 cationes
311 2220 429 2286 debent
453 2222 487 2284 in
510 2219 582 2286 loco
607 2220 660 2286 ubi
677 2222 901 2306 nupturientes
918 2220 1003 2284 ultra
1018 2228 1175 2285 semestre
1191 2240 1332 2286 commo-

153 2348 214 2410 rati
230 2351 316 2427 sunt,
332 2366 449 2430 nempe
463 2366 530 2429 pro
547 2353 636 2411 statu
653 2345 757 2412 libero
769 2344 1035 2428 comprobando.
1050 2346 1092 2410 Et
1103 2346 1186 2410 haec
1201 2350 1250 2410 est
1264 2365 1334 2410 seu-

153 2472 254 2535 tentia
270 2471 371 2536 tutior
387 2479 420 2536 et
433 2473 553 2542 verior,
568 2472 612 2535 uti
629 2476 741 2535 censet
754 2468 965 2551 D'Annibale,
978 2468 1104 2536 domm.
1117 2491 1151 2533 o.
1165 2469 1245 2551 201,
1260 2471 1335 2552 qnia

151 2596 183 2658 in
200 2615 242 2661 re
264 2596 413 2661 ius-idios
438 2615 490 2660 res
515 2596 645 2681 pensari
670 2595 765 2661 debet
784 2596 910 2663 morati
932 2596 1045 2668 modo,
1063 2600 1096 2660 et
1112 2615 1154 2658 ex
1170 2593 1335 2658 ordinarie

152 2719 422 2806 contingentibus.
449 2756 465 2767 ·
492 2720 555 2785 Sed
577 2741 637 2805 pro
660 2740 737 2785 casu
761 2721 902 2805 speciali,
927 2722 1022 2785 etiam
1046 2726 1184 2801 quatuor
1207 2738 1334 2785 menses

153 2849 351 2912 constituere
367 2852 499 2931 possunt
510 2852 635 2931 tempus
652 2846 802 2926 notabile,
816 2846 900 2928 quod
917 2848 949 2908 in
965 2844 1072 2928 aliquo
1085 2864 1164 2910 casn
1179 2864 1333 2929 expresse

152 2990 173 3033 a
187 2972 259 3035 iure
276 2969 425 3038 edicitur.
438 2970 484 3034 uti
498 2970 681 3035 considerat
697 2970 866 3047 Avanzini‚
878 2967 917 3032 de
933 2970 1187 3032 commoratione
1201 2968 1334 3034 clerico·

156 3116 227 3161 rum
244 3104 433 3160 exterorum
446 3096 479 3160 in
492 3094 593 3161 Urbe:
606 3097 733 3162 Comm.
742 3113 776 3157 n.
786 3094 844 3159 55.
855 3095 936 3158 Item
951 3092 990 3157 ob
1004 3099 1142 3159 mutatas
1153 3099 1333 3178 temporum

154 3218 364 3291 conditiones,
381 3218 495 3301 quibus
515 3218 641 3283 facilius
664 3225 713 3282 est
732 3218 809 3282 hinc
833 3217 908 3283 inde
930 3222 1057 3281 mutare
1074 3219 1334 3283 commorationis

155 3342 281 3417 sedem;
313 3348 346 3408 et
380 3342 443 3407 hoc
475 3344 615 3406 maxime
645 3338 715 3405 fieri
747 3344 907 3427 contingit
935 3362 955 3406 a
983 3340 1152 3406 iuvenibus
1183 3341 1335 3406 militaria

157 3464 315 3550 stipendia
338 3464 554 3540 merentibus;
579 3468 640 3529 iam
664 3468 695 3531 S.
714 3466 746 3530 O.
765 3484 864 3549 super
887 3466 1002 3549 Discip.
1025 3466 1105 3549 lteg.
1123 3464 1178 3529 die
1197 3464 1247 3528 27
1263 3462 1334 3530 No-

159 3588 300 3655 vembris
330 3589 432 3663 1892,
465 3591 691 3663 constituerat,
724 3592 846 3671 requiri
878 3590 1004 3653 litteras
1033 3588 1265 3654 testimoniales
1294 3587 1334 3651 ab

158 3714 349 3785 Ordinariis‚
365 3716 399 3776 in
424 3734 559 3798 qnorum
584 3714 784 3779 dioecesibus
804 3714 1014 3799 promovendi
1035 3733 1100 3796 per
1116 3719 1185 3777 tres
1204 3730 1336 3776 menses

156 3840 344 3903 commorati
369 3846 493 3914 essent;
519 3846 552 3903 et
574 3840 636 3904 hoc
660 3839 699 3904 ad
723 3840 861 3904 clericos
885 3840 985 3904 laicos
1015 3837 1160 3903 extendit
1183 3836 1215 3901 S.
1240 3836 1274 3901 Ο.
1299 3835 1333 3902 G.

244 4050 285 4121 (1)
303 4050 375 4104 Nam
395 4060 460 4105 ante
479 4051 572 4105 Const.
592 4054 645 4121 Ap.
667 4052 739 4117 Sed,
752 4067 786 4105 ex
807 4052 1073 4120 praescriptionibus
1092 4050 1186 4102 Consi.
1203 4050 1336 4120 Specula-

161 4166 240 4222 tores,
259 4174 312 4211 non
332 4162 394 4211 erat
413 4158 481 4211 satis
499 4162 615 4222 certum,
634 4175 679 4223 an,
696 4164 807 4227 praeter
826 4176 908 4211 casus
927 4159 1052 4211 taxetire
1071 4174 1216 4225 expressos
1235 4157 1264 4210 in
1283 4156 1336 4211 hac

158 4258 249 4315 const
269 4264 491 4333 requirerentur,
510 4263 538 4317 in
557 4280 672 4332 genere,
692 4262 805 4317 litterae
827 4263 1030 4317 testimoniales
1048 4262 1187 4316 Ordinarii
1207 4263 1271 4328 loci,
1287 4264 1334 4317 ubi

159 4368 323 4423 ordinandus
343 4386 391 4438 per
403 4368 529 4423 notabile
542 4374 660 4439 tempus,
675 4387 849 4441 quacumque
868 4388 903 4423 ex
921 4386 1014 4434 cansa,
1029 4376 1216 4425 commoratus
1234 4372 1336 4425 fuerat

163 4469 227 4525 liam
246 4474 464 4543 inrisprudentia
482 4473 508 4525 S.
528 4472 594 4528 Con.
613 4474 642 4527 C.
663 4491 717 4527 non
736 4490 845 4543 semper
863 4480 995 4528 constans
1013 4476 1114 4529 fuerat.
