3350 5100
413 300 463 347 'DE
488 297 629 346 tumens
653 294 895 347 autumamus
920 295 955 343 IN
979 295 1096 343 spaciis
1282 277 1348 343 369

169 426 242 493 tons
267 426 407 492 notitiae
433 425 501 491 alio
528 425 630 493 modo
658 444 681 490 a
703 422 822 490 curiae
846 421 988 503 habitae,
1013 421 1152 489 ethaeo
1182 422 1346 489 obtinetur

169 572 227 637 per
248 552 412 637 simplices
434 550 612 630 delatores,
635 550 689 632 qui
714 567 777 614 non
804 549 977 634 porrigunt
999 547 1175 631 supplicem
1202 546 1345 614 libellum

169 678 266 742 veluti
280 676 550 755 denunciatores,
563 680 630 739 tum
642 672 767 738 crimen
778 670 1032 751 manifestantes,
1043 676 1109 737 tum
1122 670 1346 757 probationum

167 800 407 887 suppeditantes
430 804 633 885 argumenta,
660 798 716 865 sed
743 798 911 864 dumtaxat
933 796 1084 863 referunt
1110 799 1254 906 notitiam
1282 802 1344 865 cri-

167 929 273 1000 minis,
297 933 331 993 at
353 925 508 1012 probandi
532 946 614 992 onus
635 925 811 991 nullimode
833 925 978 1010 explent.

234 1052 310 1117 300.
335 1052 408 1117 Art.
434 1050 502 1117 XII
527 1050 632 1116 iubet:
656 1051 842 1119 Processtm
865 1050 1029 1133 confectio
1052 1051 1215 1119 committi
1237 1058 1348 1135 potest

168 1175 272 1242 alicui
291 1175 401 1259 probo
425 1180 526 1260 atque
549 1176 670 1242 Moneo
692 1176 768 1242 uiro
791 1174 1023 1257 ecclesiastico,
1047 1176 1203 1241 casuale
1229 1182 1344 1241 actua·

167 1300 221 1367 rio
238 1320 268 1363 u.
294 1300 376 1365 Heic
391 1318 455 1364 non
473 1319 629 1384 expresse
646 1297 774 1364 iubetur
790 1298 846 1363 sed
864 1298 1044 1364 consulitur
1060 1300 1245 1364 constitutio
1260 1299 1346 1365 iudi·

168 1426 216 1491 cis
236 1424 461 1492 instructoris.
486 1424 529 1489 At
552 1426 775 1509 praescriptio,
799 1442 882 1506 quae
903 1424 966 1489 hoc
990 1424 1127 1490 articulo
1151 1424 1344 1498 continetur,

167 1549 307 1633 aliquam
329 1549 408 1615 iacit
431 1547 660 1630 difficultatem,
684 1550 759 1633 quia
783 1551 951 1615 instructio
976 1548 1064 1615 iubet
1077 1551 1204 1615 servari
1225 1550 1346 1616 formas

168 1674 417 1756 oeconomicus,
445 1695 502 1741 seu
532 1675 782 1759 expeditiorem
811 1675 943 1743 videtur
973 1680 1080 1741 autem
1112 1678 1215 1761 magis
1241 1676 1345 1761 impii·

168 1803 275 1861 catum
292 1795 431 1862 reddere
447 1816 633 1882 processum
649 1796 772 1863 iudicis
786 1798 1001 1863 instructoris
1017 1798 1212 1869 constitutio,
1230 1798 1346 1883 quippe

168 1923 222 2004 qui
245 1922 355 2011 explet
374 1940 499 1994 munus,
516 1922 600 2005 quod
614 1920 656 1986 ab
671 1922 739 2006 ipso
755 1920 860 1987 iudice
876 1920 987 2006 perfici
1006 1928 1121 2007 posset.
1140 1922 1249 1997 Quare
1265 1942 1345 2009 ergo

168 2064 324 2130 personas
346 2044 563 2130 multiplicare
585 2064 667 2128 quae
696 2044 847 2110 iudiciale
877 2045 1061 2129 compleant
1090 2042 1250 2111 officiumt
1276 2047 1346 2111 -Ε

169 2174 282 2235 contra
297 2169 495 2242 advertatur,
509 2169 645 2235 iudicem
663 2172 892 2235 instructorem
909 2168 1132 2236 conficientem
1148 2190 1345 2257 processum,

169 2296 375 2381 probationes
398 2314 580 2381 congerere
603 2296 718 2380 quibus
740 2298 889 2363 innititur
912 2300 1084 2363 accusatio.
1101 2298 1164 2365 Sed
1178 2299 1273 2365 valde
1297 2300 1346 2363 in·

169 2442 348 2507 congruum
372 2426 430 2496 est,
447 2421 583 2489 iudicem
606 2428 683 2489 acta
706 2420 870 2488 conficere
894 2422 1055 2489 iudicialis
1077 2421 1117 2487 de
1142 2422 1255 2507 quibus
1279 2425 1346 2509 ipse

169 2553 252 2617 idem
275 2548 471 2618 definitivam
492 2551 606 2617 reddat
627 2553 830 2618 sententiam.
850 2587 867 2600 -
887 2553 1099 2618 Nihilominus
1116 2551 1156 2616 ob
1171 2553 1346 2636 angustius,

168 2676 1347 2766 quibushodiepremuuuturcuriaedioecesanae,Instructiotantumcon-

169 2805 245 2869 sulit
259 2805 518 2869 constitutionem
535 2803 659 2870 iudicis
681 2803 894 2871 instructoris
918 2823 975 2867 seu
994 2803 1239 2886 commissarii5
1263 2802 1347 2886 quod

169 2929 345 2999 consilium,
370 2934 492 2994 attenta
507 2929 616 2994 littera
638 2929 866 2996 Instructionis
885 2933 918 2993 et
933 2929 1121 3001 intentione,
1137 2930 1214 2994 satis
1238 2928 1348 3015 pandit

171 3055 216 3117 rei
241 3055 443 3138 gravitatem.
460 3054 536 3120 Sive
555 3074 636 3118 vero
659 3053 755 3118 iudex
779 3054 964 3119 instructor
983 3051 1133 3118 conficiat
1148 3073 1345 3138 processum,

169 3180 237 3242 sive
260 3180 328 3263 ipse
352 3178 449 3243 iudex
472 3179 665 3251 ordinarius,
692 3181 869 3264 requiritur
892 3199 993 3265 opera
1019 3181 1167 3246 actuarii
1190 3200 1247 3244 seu
1270 3197 1346 3245 can-

169 3305 299 3370 celtarii
322 3311 356 3370 ut
379 3325 549 3390 processus
571 3303 666 3372 fldem
702 3305 862 3392 publicam
886 3308 993 3371 iaciat.
1019 3306 1066 3372 ci.
1092 3326 1190 3391 supra
1213 3325 1243 3369 n.
1274 3305 1346 3371 154.

258 3431 332 3496 301.
354 3432 517 3498 Articulus
529 3433 610 3496 Xlll
626 3439 750 3516 spectat
764 3433 804 3498 ad
820 3433 918 3497 alium
935 3431 1113 3504 officialem,
1128 3438 1346 3518 promotorem

169 3577 226 3620 seu
251 3564 495 3640 procuratorem
519 3556 670 3628 fiscalem,
696 3560 740 3622 ita
763 3563 953 3644 conceptus:
978 3557 1205 3642 «Unicuique
1229 3557 1346 3623 curiae

169 3701 255 3764 opus
269 3688 317 3748 est
328 3688 557 3765 procuratore
579 3685 686 3768 mccii
707 3704 773 3766 pro
793 3683 939 3749 iustitiae
955 3687 985 3748 et
1000 3683 1083 3768 teqis
1100 3687 1202 3748 tutata
1220 3704 1248 3746 u.
1267 3681 1346 3747 Inde

169 3809 273 3883 oritur
291 3811 450 3893 quaestio:
475 3829 610 3874 curnam
634 3811 711 3875 huic
733 3807 886 3881 officiali·
899 3809 1042 3894 explenti
1065 3829 1180 3874 munus
1204 3827 1346 3874 accusa·

169 3931 261 4013 toris,
285 3919 395 4018 potius¹
412 3934 581 3999 commissa
604 3953 669 3998 non
693 3941 743 3999 est
762 3938 921 4000 actorum
944 3931 1168 4028 confectioil-
1196 3935 1344 3998 lamvero

169 4077 339 4142 processus
362 4059 522 4124 conlectio
546 4078 611 4122 non
636 4060 668 4123 in
693 4059 723 4123 id
746 4057 850 4124 tendit
874 4064 908 4123 ut
930 4063 1104 4124 accusetur
1125 4077 1210 4130 reus,
1232 4057 1287 4122 sed
1312 4064 1348 4123 ut

168 4184 340 4271 detegatur
362 4188 492 4259 veritas,
515 4187 584 4250 sive
611 4185 693 4250 haec
717 4186 858 4269 inquisiti
882 4185 1012 4270 detegat
1031 4185 1256 4256 innocentiam,
1279 4185 1347 4249 sive

169 4311 327 4378 reitatem.
352 4313 454 4398 lgitur
476 4331 647 4397 processus
671 4311 831 4376 confectio
854 4331 918 4374 non
939 4310 1144 4377 accommode
1169 4312 1346 4376 committe-

169 4439 261 4500 retur
283 4438 459 4520 promotori
483 4435 593 4510 fiscali,
617 4435 746 4522 publico
770 4435 972 4515 accusatori,
994 4435 1083 4500 cuius
1107 4437 1272 4520 proprium
1297 4441 1346 4500 est

243 4578 678 4649 mwmmm
1240 4579 1275 4631 a
