<?xml version="1.0" encoding="UTF-8"?>
<!DOCTYPE html PUBLIC "-//W3C//DTD XHTML 1.0 Transitional//EN"
    "http://www.w3.org/TR/xhtml1/DTD/xhtml1-transitional.dtd">
<html xmlns="http://www.w3.org/1999/xhtml" xml:lang="en" lang="en">
 <head>
  <title>
</title>
<meta http-equiv="Content-Type" content="text/html;charset=utf-8" />
  <meta name='ocr-system' content='tesseract 3.04.00' />
  <meta name='ocr-capabilities' content='ocr_page ocr_carea ocr_par ocr_line ocrx_word'/>
</head>
<body>
  <div class='ocr_page' id='page_1' title='image "./praelectionesin00legagoog_0280.png"; bbox 0 0 3350 5100; ppageno 0'>
   <div class='ocr_carea' id='block_1_1' title="bbox 319 269 976 339">
    <p class='ocr_par' dir='ltr' id='par_1_1' title="bbox 319 269 976 339">
     <span class='ocr_line' id='line_1_1' title="bbox 319 269 976 339; baseline -0.002 -5"><span class='ocrx_word' id='word_1_1' title='bbox 319 269 385 335; x_wconf 78' lang='lat'><strong>278</strong></span> <span class='ocrx_word' id='word_1_2' title='bbox 831 290 915 339; x_wconf 83' lang='lat' dir='ltr'><strong>raas</strong></span> <span class='ocrx_word' id='word_1_3' title='bbox 940 289 976 335; x_wconf 90' lang='lat'><strong>11.</strong></span> 
     </span>
    </p>
   </div>
   <div class='ocr_carea' id='block_1_2' title="bbox 250 388 1499 2492">
    <p class='ocr_par' dir='ltr' id='par_1_2' title="bbox 318 388 1494 601">
     <span class='ocr_line' id='line_1_2' title="bbox 318 388 1494 480; baseline 0.004 -5"><span class='ocrx_word' id='word_1_4' title='bbox 318 412 494 477; x_wconf 86' lang='lat' dir='ltr'><strong>muletatur</strong></span> <span class='ocrx_word' id='word_1_5' title='bbox 530 410 628 477; x_wconf 81' lang='lat' dir='ltr'><strong>iudex</strong></span> <span class='ocrx_word' id='word_1_6' title='bbox 662 414 857 479; x_wconf 78' lang='lat' dir='ltr'>sententiam</span> <span class='ocrx_word' id='word_1_7' title='bbox 896 412 995 479; x_wconf 87' lang='lat' dir='ltr'><strong>edens</strong></span> <span class='ocrx_word' id='word_1_8' title='bbox 1030 388 1146 479; x_wconf 83' lang='lat' dir='ltr'><strong>contra</strong></span> <span class='ocrx_word' id='word_1_9' title='bbox 1183 432 1282 479; x_wconf 83' lang='lat' dir='ltr'><strong>ruam</strong></span> <span class='ocrx_word' id='word_1_10' title='bbox 1322 416 1494 480; x_wconf 80' lang='lat' dir='ltr'><strong>conscien-</strong></span> 
     </span>
     <span class='ocr_line' id='line_1_3' title="bbox 318 536 412 601; baseline -0.021 0"><span class='ocrx_word' id='word_1_11' title='bbox 318 536 412 601; x_wconf 85' lang='lat' dir='ltr'><strong>tiam.</strong></span> 
     </span>
    </p>

    <p class='ocr_par' dir='ltr' id='par_1_3' title="bbox 313 660 1498 1727">
     <span class='ocr_line' id='line_1_4' title="bbox 407 660 1495 747; baseline 0 -20"><span class='ocrx_word' id='word_1_12' title='bbox 407 660 483 727; x_wconf 80' lang='lat'>209.</span> <span class='ocrx_word' id='word_1_13' title='bbox 507 663 660 727; x_wconf 79' lang='lat' dir='ltr'><strong>Attamen</strong></span> <span class='ocrx_word' id='word_1_14' title='bbox 682 663 716 727; x_wconf 91' lang='lat' dir='ltr'><strong>in</strong></span> <span class='ocrx_word' id='word_1_15' title='bbox 740 662 803 728; x_wconf 91' lang='lat' dir='ltr'><strong>hoc</strong></span> <span class='ocrx_word' id='word_1_16' title='bbox 830 666 1005 747; x_wconf 78' lang='lat' dir='ltr'><strong>systemate</strong></span> <span class='ocrx_word' id='word_1_17' title='bbox 1036 660 1183 746; x_wconf 90' lang='lat' dir='ltr'><strong>probatio</strong></span> <span class='ocrx_word' id='word_1_18' title='bbox 1209 664 1316 744; x_wconf 83' lang='lat' dir='ltr'><strong>plena</strong></span> <span class='ocrx_word' id='word_1_19' title='bbox 1340 668 1372 727; x_wconf 88' lang='lat' dir='ltr'><strong>et</strong></span> <span class='ocrx_word' id='word_1_20' title='bbox 1393 662 1495 729; x_wconf 80' lang='lat' dir='ltr'><strong>semi·</strong></span> 
     </span>
     <span class='ocr_line' id='line_1_5' title="bbox 313 786 1498 872; baseline 0.003 -22"><span class='ocrx_word' id='word_1_21' title='bbox 313 787 421 868; x_wconf 78' lang='lat' dir='ltr'><strong>pieria</strong></span> <span class='ocrx_word' id='word_1_22' title='bbox 444 786 669 853; x_wconf 79' lang='lat' dir='ltr'><strong>consideratur</strong></span> <span class='ocrx_word' id='word_1_23' title='bbox 691 806 817 872; x_wconf 86' lang='lat' dir='ltr'><strong>quoque</strong></span> <span class='ocrx_word' id='word_1_24' title='bbox 841 787 1008 861; x_wconf 76' lang='lat' dir='ltr'><strong>obiectiva</strong></span> <span class='ocrx_word' id='word_1_25' title='bbox 1033 788 1118 871; x_wconf 89' lang='lat' dir='ltr'><strong>quia,</strong></span> <span class='ocrx_word' id='word_1_26' title='bbox 1143 788 1288 872; x_wconf 86' lang='lat' dir='ltr'><strong>inspectu</strong></span> <span class='ocrx_word' id='word_1_27' title='bbox 1311 806 1427 858; x_wconf 68' lang='lat' dir='ltr'><strong>rerum,</strong></span> <span class='ocrx_word' id='word_1_28' title='bbox 1441 807 1498 853; x_wconf 91' lang='lat' dir='ltr'><strong>na-</strong></span> 
     </span>
     <span class='ocr_line' id='line_1_6' title="bbox 317 911 1494 995; baseline -0.001 -19"><span class='ocrx_word' id='word_1_29' title='bbox 317 918 402 983; x_wconf 89' lang='lat' dir='ltr'><strong>tura,</strong></span> <span class='ocrx_word' id='word_1_30' title='bbox 425 912 486 976; x_wconf 88' lang='lat' dir='ltr'><strong>ista</strong></span> <span class='ocrx_word' id='word_1_31' title='bbox 508 912 613 977; x_wconf 88' lang='lat' dir='ltr'><strong>media</strong></span> <span class='ocrx_word' id='word_1_32' title='bbox 631 911 836 995; x_wconf 82' lang='lat' dir='ltr'><strong>probatoria</strong></span> <span class='ocrx_word' id='word_1_33' title='bbox 858 916 935 976; x_wconf 89' lang='lat' dir='ltr'><strong>nata</strong></span> <span class='ocrx_word' id='word_1_34' title='bbox 955 917 1030 977; x_wconf 86' lang='lat' dir='ltr'><strong>sunt</strong></span> <span class='ocrx_word' id='word_1_35' title='bbox 1040 914 1184 994; x_wconf 80' lang='lat' dir='ltr'><strong><em>plenam</em></strong></span> <span class='ocrx_word' id='word_1_36' title='bbox 1200 912 1254 975; x_wconf 87' lang='lat' dir='ltr'><strong>vel</strong></span> <span class='ocrx_word' id='word_1_37' title='bbox 1268 912 1494 994; x_wconf 77' lang='lat' dir='ltr'><strong><em>semiplenam</em></strong></span> 
     </span>
     <span class='ocr_line' id='line_1_7' title="bbox 318 1036 1495 1123; baseline 0.001 -22"><span class='ocrx_word' id='word_1_38' title='bbox 318 1037 462 1101; x_wconf 88' lang='lat' dir='ltr'><strong>notitiam</strong></span> <span class='ocrx_word' id='word_1_39' title='bbox 486 1042 519 1102; x_wconf 88' lang='lat' dir='ltr'><strong>et</strong></span> <span class='ocrx_word' id='word_1_40' title='bbox 541 1038 759 1123; x_wconf 78' lang='lat' dir='ltr'><strong>cognitionem</strong></span> <span class='ocrx_word' id='word_1_41' title='bbox 782 1037 823 1102; x_wconf 90' lang='lat' dir='ltr'><strong>de</strong></span> <span class='ocrx_word' id='word_1_42' title='bbox 846 1038 953 1121; x_wconf 90' lang='lat' dir='ltr'><strong>aliqua</strong></span> <span class='ocrx_word' id='word_1_43' title='bbox 969 1056 1007 1103; x_wconf 87' lang='lat' dir='ltr'><strong>re</strong></span> <span class='ocrx_word' id='word_1_44' title='bbox 1022 1036 1192 1122; x_wconf 89' lang='lat' dir='ltr'><strong>praebere.</strong></span> <span class='ocrx_word' id='word_1_45' title='bbox 1211 1036 1322 1111; x_wconf 89' lang='lat' dir='ltr'><strong>Quoad</strong></span> <span class='ocrx_word' id='word_1_46' title='bbox 1339 1038 1495 1120; x_wconf 81' lang='lat' dir='ltr'><strong>effectum</strong></span> 
     </span>
     <span class='ocr_line' id='line_1_8' title="bbox 317 1158 1497 1245; baseline 0.001 -21"><span class='ocrx_word' id='word_1_47' title='bbox 317 1180 397 1225; x_wconf 85' lang='lat' dir='ltr'><strong>vero</strong></span> <span class='ocrx_word' id='word_1_48' title='bbox 419 1160 619 1245; x_wconf 89' lang='lat' dir='ltr'><strong>probationis</strong></span> <span class='ocrx_word' id='word_1_49' title='bbox 641 1160 842 1234; x_wconf 78' lang='lat' dir='ltr'><strong>advertatur,</strong></span> <span class='ocrx_word' id='word_1_50' title='bbox 866 1159 1090 1243; x_wconf 76' lang='lat' dir='ltr'><strong>semiplenam</strong></span> <span class='ocrx_word' id='word_1_51' title='bbox 1113 1180 1178 1223; x_wconf 94' lang='lat' dir='ltr'><strong>non</strong></span> <span class='ocrx_word' id='word_1_52' title='bbox 1202 1158 1352 1225; x_wconf 88' lang='lat' dir='ltr'><strong>sufficere</strong></span> <span class='ocrx_word' id='word_1_53' title='bbox 1367 1158 1408 1224; x_wconf 90' lang='lat' dir='ltr'><strong>ad</strong></span> <span class='ocrx_word' id='word_1_54' title='bbox 1424 1178 1497 1225; x_wconf 89' lang='lat' dir='ltr'><strong>sen·</strong></span> 
     </span>
     <span class='ocr_line' id='line_1_9' title="bbox 317 1282 1494 1369; baseline -0.002 -18"><span class='ocrx_word' id='word_1_55' title='bbox 317 1286 452 1351; x_wconf 90' lang='lat' dir='ltr'><strong>tentiam</strong></span> <span class='ocrx_word' id='word_1_56' title='bbox 475 1284 821 1367; x_wconf 75' lang='lat' dir='ltr'><strong>comdemnatmium5</strong></span> <span class='ocrx_word' id='word_1_57' title='bbox 841 1289 875 1349; x_wconf 90' lang='lat' dir='ltr'><strong>at</strong></span> <span class='ocrx_word' id='word_1_58' title='bbox 893 1285 989 1369; x_wconf 90' lang='lat' dir='ltr'><strong>plane</strong></span> <span class='ocrx_word' id='word_1_59' title='bbox 1012 1282 1162 1349; x_wconf 86' lang='lat' dir='ltr'><strong>sufficere</strong></span> <span class='ocrx_word' id='word_1_60' title='bbox 1185 1284 1226 1349; x_wconf 93' lang='lat' dir='ltr'><strong>ad</strong></span> <span class='ocrx_word' id='word_1_61' title='bbox 1249 1285 1494 1351; x_wconf 80' lang='lat' dir='ltr'><strong>instaurandam</strong></span> 
     </span>
     <span class='ocr_line' id='line_1_10' title="bbox 319 1410 1498 1496; baseline 0 -20"><span class='ocrx_word' id='word_1_62' title='bbox 319 1411 569 1477; x_wconf 74' lang='lat' dir='ltr'><strong>commotionem</strong></span> <span class='ocrx_word' id='word_1_63' title='bbox 593 1416 664 1496; x_wconf 88' lang='lat' dir='ltr'><strong>post</strong></span> <span class='ocrx_word' id='word_1_64' title='bbox 686 1410 940 1495; x_wconf 73' lang='lat' dir='ltr'><strong>inquisitionem</strong></span> <span class='ocrx_word' id='word_1_65' title='bbox 964 1410 997 1475; x_wconf 95' lang='lat' dir='ltr'><strong>in</strong></span> <span class='ocrx_word' id='word_1_66' title='bbox 1021 1430 1175 1494; x_wconf 87' lang='lat' dir='ltr'><strong>processu</strong></span> <span class='ocrx_word' id='word_1_67' title='bbox 1192 1411 1312 1485; x_wconf 78' lang='lat' dir='ltr'><strong>mimto,</strong></span> <span class='ocrx_word' id='word_1_68' title='bbox 1337 1416 1370 1477; x_wconf 90' lang='lat' dir='ltr'><strong>et</strong></span> <span class='ocrx_word' id='word_1_69' title='bbox 1392 1429 1498 1494; x_wconf 86' lang='lat' dir='ltr'><strong>aeque</strong></span> 
     </span>
     <span class='ocr_line' id='line_1_11' title="bbox 318 1533 1493 1603; baseline 0 -2"><span class='ocrx_word' id='word_1_70' title='bbox 318 1533 469 1601; x_wconf 86' lang='lat' dir='ltr'><strong>sufficere</strong></span> <span class='ocrx_word' id='word_1_71' title='bbox 491 1534 533 1600; x_wconf 89' lang='lat' dir='ltr'><strong>ad</strong></span> <span class='ocrx_word' id='word_1_72' title='bbox 556 1535 728 1601; x_wconf 90' lang='lat' dir='ltr'><strong>nonnullas</strong></span> <span class='ocrx_word' id='word_1_73' title='bbox 752 1536 928 1601; x_wconf 83' lang='lat' dir='ltr'><strong>sententias</strong></span> <span class='ocrx_word' id='word_1_74' title='bbox 950 1534 1226 1603; x_wconf 74' lang='lat' dir='ltr'><strong>interlocutorias</strong></span> <span class='ocrx_word' id='word_1_75' title='bbox 1257 1556 1313 1601; x_wconf 86' lang='lat' dir='ltr'><strong>seu</strong></span> <span class='ocrx_word' id='word_1_76' title='bbox 1344 1536 1493 1603; x_wconf 78' lang='lat' dir='ltr'><strong>incidan-</strong></span> 
     </span>
     <span class='ocr_line' id='line_1_12' title="bbox 319 1662 413 1727; baseline -0.043 0"><span class='ocrx_word' id='word_1_77' title='bbox 319 1662 413 1727; x_wconf 83' lang='lat' dir='ltr'><strong>talea.</strong></span> 
     </span>
    </p>

    <p class='ocr_par' dir='ltr' id='par_1_4' title="bbox 250 1783 1499 2492">
     <span class='ocr_line' id='line_1_13' title="bbox 407 1783 1493 1871; baseline 0 -22"><span class='ocrx_word' id='word_1_78' title='bbox 407 1783 484 1849; x_wconf 84' lang='lat'><strong>210.</strong></span> <span class='ocrx_word' id='word_1_79' title='bbox 508 1786 552 1849; x_wconf 87' lang='lat' dir='ltr'><strong>At</strong></span> <span class='ocrx_word' id='word_1_80' title='bbox 574 1784 638 1848; x_wconf 87' lang='lat' dir='ltr'><strong>boo</strong></span> <span class='ocrx_word' id='word_1_81' title='bbox 659 1789 812 1869; x_wconf 86' lang='lat' dir='ltr'><strong>systema,</strong></span> <span class='ocrx_word' id='word_1_82' title='bbox 836 1805 878 1849; x_wconf 86' lang='lat' dir='ltr'><strong>ne</strong></span> <span class='ocrx_word' id='word_1_83' title='bbox 902 1786 995 1849; x_wconf 89' lang='lat' dir='ltr'><strong>nimis</strong></span> <span class='ocrx_word' id='word_1_84' title='bbox 1017 1785 1114 1850; x_wconf 86' lang='lat' dir='ltr'><strong>latam</strong></span> <span class='ocrx_word' id='word_1_85' title='bbox 1142 1786 1269 1871; x_wconf 87' lang='lat' dir='ltr'><strong>aperiat</strong></span> <span class='ocrx_word' id='word_1_86' title='bbox 1295 1786 1379 1851; x_wconf 91' lang='lat' dir='ltr'><strong>viam</strong></span> <span class='ocrx_word' id='word_1_87' title='bbox 1408 1784 1493 1850; x_wconf 91' lang='lat' dir='ltr'><strong>iudi-</strong></span> 
     </span>
     <span class='ocr_line' id='line_1_14' title="bbox 250 1908 1497 1995; baseline -0.002 -20"><span class='ocrx_word' id='word_1_88' title='bbox 250 1920 255 1933; x_wconf 83' lang='lat'><strong>·</strong></span> <span class='ocrx_word' id='word_1_89' title='bbox 317 1911 365 1975; x_wconf 87' lang='lat' dir='ltr'><strong>cis</strong></span> <span class='ocrx_word' id='word_1_90' title='bbox 394 1908 540 1982; x_wconf 90' lang='lat' dir='ltr'><strong>arbitrio,</strong></span> <span class='ocrx_word' id='word_1_91' title='bbox 571 1910 717 1975; x_wconf 89' lang='lat' dir='ltr'><strong>continet</strong></span> <span class='ocrx_word' id='word_1_92' title='bbox 747 1910 940 1995; x_wconf 91' lang='lat' dir='ltr'><strong>principium</strong></span> <span class='ocrx_word' id='word_1_93' title='bbox 968 1908 1219 1983; x_wconf 89' lang='lat' dir='ltr'><strong>fundamentale,</strong></span> <span class='ocrx_word' id='word_1_94' title='bbox 1244 1929 1359 1994; x_wconf 89' lang='lat' dir='ltr'><strong>nempe</strong></span> <span class='ocrx_word' id='word_1_95' title='bbox 1390 1909 1497 1975; x_wconf 80' lang='lat' dir='ltr'><strong>iudici</strong></span> 
     </span>
     <span class='ocr_line' id='line_1_15' title="bbox 318 2034 1496 2119; baseline 0.002 -20"><span class='ocrx_word' id='word_1_96' title='bbox 318 2034 544 2100; x_wconf 81' lang='lat' dir='ltr'><strong>indicandam</strong></span> <span class='ocrx_word' id='word_1_97' title='bbox 558 2053 630 2101; x_wconf 83' lang='lat' dir='ltr'><strong>ease</strong></span> <span class='ocrx_word' id='word_1_98' title='bbox 651 2034 752 2101; x_wconf 79' lang='lat' dir='ltr'><strong>incrta</strong></span> <span class='ocrx_word' id='word_1_99' title='bbox 774 2039 851 2101; x_wconf 85' lang='lat' dir='ltr'><strong>octa</strong></span> <span class='ocrx_word' id='word_1_100' title='bbox 873 2040 905 2101; x_wconf 87' lang='lat' dir='ltr'><strong>et</strong></span> <span class='ocrx_word' id='word_1_101' title='bbox 926 2034 1081 2117; x_wconf 86' lang='lat' dir='ltr'><strong>probata,</strong></span> <span class='ocrx_word' id='word_1_102' title='bbox 1099 2034 1298 2119; x_wconf 89' lang='lat' dir='ltr'><strong>proindeque</strong></span> <span class='ocrx_word' id='word_1_103' title='bbox 1314 2036 1406 2119; x_wconf 82' lang='lat' dir='ltr'><strong>qnod</strong></span> <span class='ocrx_word' id='word_1_104' title='bbox 1425 2054 1496 2101; x_wconf 86' lang='lat' dir='ltr'><strong>non</strong></span> 
     </span>
     <span class='ocr_line' id='line_1_16' title="bbox 319 2129 1494 2244; baseline -0.001 -18"><span class='ocrx_word' id='word_1_105' title='bbox 319 2164 368 2226; x_wconf 78' lang='lat' dir='ltr'><strong>eet</strong></span> <span class='ocrx_word' id='word_1_106' title='bbox 388 2159 426 2224; x_wconf 86' lang='lat' dir='ltr'><strong>in</strong></span> <span class='ocrx_word' id='word_1_107' title='bbox 448 2129 534 2225; x_wconf 79' lang='lat' dir='ltr'><strong>actis</strong></span> <span class='ocrx_word' id='word_1_108' title='bbox 555 2177 626 2225; x_wconf 87' lang='lat' dir='ltr'><strong>non</strong></span> <span class='ocrx_word' id='word_1_109' title='bbox 651 2164 700 2225; x_wconf 80' lang='lat' dir='ltr'><strong>eat</strong></span> <span class='ocrx_word' id='word_1_110' title='bbox 730 2158 768 2223; x_wconf 88' lang='lat' dir='ltr'><strong>in</strong></span> <span class='ocrx_word' id='word_1_111' title='bbox 793 2158 936 2225; x_wconf 82' lang='lat' dir='ltr'><strong>mando.</strong></span> <span class='ocrx_word' id='word_1_112' title='bbox 970 2158 1074 2223; x_wconf 92' lang='lat' dir='ltr'><strong>Porro</strong></span> <span class='ocrx_word' id='word_1_113' title='bbox 1099 2157 1195 2225; x_wconf 83' lang='lat' dir='ltr'><strong>iudex</strong></span> <span class='ocrx_word' id='word_1_114' title='bbox 1227 2160 1294 2244; x_wconf 83' lang='lat' dir='ltr'><strong>agit</strong></span> <span class='ocrx_word' id='word_1_115' title='bbox 1318 2160 1494 2242; x_wconf 83' lang='lat' dir='ltr'><strong>publicam</strong></span> 
     </span>
     <span class='ocr_line' id='line_1_17' title="bbox 320 2282 1494 2370; baseline 0 -21"><span class='ocrx_word' id='word_1_116' title='bbox 320 2304 491 2370; x_wconf 85' lang='lat' dir='ltr'><strong>personam</strong></span> <span class='ocrx_word' id='word_1_117' title='bbox 514 2287 548 2350; x_wconf 91' lang='lat' dir='ltr'><strong>in</strong></span> <span class='ocrx_word' id='word_1_118' title='bbox 571 2282 688 2349; x_wconf 89' lang='lat' dir='ltr'><strong>iudicio</strong></span> <span class='ocrx_word' id='word_1_119' title='bbox 710 2303 816 2367; x_wconf 89' lang='lat' dir='ltr'><strong>neque</strong></span> <span class='ocrx_word' id='word_1_120' title='bbox 839 2283 992 2349; x_wconf 85' lang='lat' dir='ltr'><strong>conferre</strong></span> <span class='ocrx_word' id='word_1_121' title='bbox 1015 2282 1112 2349; x_wconf 87' lang='lat' dir='ltr'><strong>debet</strong></span> <span class='ocrx_word' id='word_1_122' title='bbox 1133 2284 1300 2349; x_wconf 87' lang='lat' dir='ltr'><strong>scientiam</strong></span> <span class='ocrx_word' id='word_1_123' title='bbox 1320 2284 1494 2366; x_wconf 80' lang='lat' dir='ltr'><strong>priuatam</strong></span> 
     </span>
     <span class='ocr_line' id='line_1_18' title="bbox 319 2404 1499 2492; baseline -0.001 -20"><span class='ocrx_word' id='word_1_124' title='bbox 319 2410 352 2474; x_wconf 92' lang='lat' dir='ltr'><strong>in</strong></span> <span class='ocrx_word' id='word_1_125' title='bbox 380 2407 512 2474; x_wconf 86' lang='lat' dir='ltr'><strong>decreta</strong></span> <span class='ocrx_word' id='word_1_126' title='bbox 542 2407 730 2482; x_wconf 73' lang='lat' dir='ltr'><strong>iudicialia3.</strong></span> <span class='ocrx_word' id='word_1_127' title='bbox 749 2427 844 2473; x_wconf 85' lang='lat' dir='ltr'><strong>secus</strong></span> <span class='ocrx_word' id='word_1_128' title='bbox 875 2404 1052 2472; x_wconf 90' lang='lat' dir='ltr'><strong>haberetur</strong></span> <span class='ocrx_word' id='word_1_129' title='bbox 1083 2406 1267 2487; x_wconf 88' lang='lat' dir='ltr'><strong>absurdum,</strong></span> <span class='ocrx_word' id='word_1_130' title='bbox 1292 2407 1395 2492; x_wconf 88' lang='lat' dir='ltr'><strong>ipsum</strong></span> <span class='ocrx_word' id='word_1_131' title='bbox 1424 2426 1499 2471; x_wconf 85' lang='lat' dir='ltr'><strong>esse</strong></span> 
     </span>
    </p>
   </div>
   <div class='ocr_carea' id='block_1_3' title="bbox 315 2530 1503 3364">
    <p class='ocr_par' dir='ltr' id='par_1_5' title="bbox 320 2530 1047 2619">
     <span class='ocr_line' id='line_1_19' title="bbox 320 2530 1047 2619; baseline -0.004 -21"><span class='ocrx_word' id='word_1_132' title='bbox 320 2537 434 2600; x_wconf 80' lang='lat' dir='ltr'><strong>testem</strong></span> <span class='ocrx_word' id='word_1_133' title='bbox 456 2537 490 2598; x_wconf 93' lang='lat' dir='ltr'><strong>et</strong></span> <span class='ocrx_word' id='word_1_134' title='bbox 511 2531 659 2598; x_wconf 84' lang='lat' dir='ltr'><strong>indicem</strong></span> <span class='ocrx_word' id='word_1_135' title='bbox 678 2532 711 2596; x_wconf 91' lang='lat' dir='ltr'><strong>in</strong></span> <span class='ocrx_word' id='word_1_136' title='bbox 736 2530 847 2596; x_wconf 87' lang='lat' dir='ltr'><strong>eadem</strong></span> <span class='ocrx_word' id='word_1_137' title='bbox 872 2551 969 2598; x_wconf 89' lang='lat' dir='ltr'><strong>cansa</strong></span> <span class='ocrx_word' id='word_1_138' title='bbox 992 2530 1047 2619; x_wconf 85' lang='lat' dir='ltr'><strong>(l).</strong></span> 
     </span>
    </p>

    <p class='ocr_par' dir='ltr' id='par_1_6' title="bbox 315 2654 1503 3364">
     <span class='ocr_line' id='line_1_20' title="bbox 406 2654 1495 2740; baseline -0.002 -18"><span class='ocrx_word' id='word_1_139' title='bbox 406 2659 450 2722; x_wconf 79' lang='lat' dir='ltr'><strong>At</strong></span> <span class='ocrx_word' id='word_1_140' title='bbox 472 2658 506 2722; x_wconf 91' lang='lat' dir='ltr'><strong>in</strong></span> <span class='ocrx_word' id='word_1_141' title='bbox 527 2675 566 2721; x_wconf 86' lang='lat' dir='ltr'><strong>re</strong></span> <span class='ocrx_word' id='word_1_142' title='bbox 589 2655 749 2721; x_wconf 88' lang='lat' dir='ltr'><strong>criminali</strong></span> <span class='ocrx_word' id='word_1_143' title='bbox 776 2673 841 2719; x_wconf 93' lang='lat' dir='ltr'><strong>non</strong></span> <span class='ocrx_word' id='word_1_144' title='bbox 868 2656 960 2740; x_wconf 88' lang='lat' dir='ltr'><strong>parvi</strong></span> <span class='ocrx_word' id='word_1_145' title='bbox 993 2654 1145 2740; x_wconf 90' lang='lat' dir='ltr'><strong>ponderis</strong></span> <span class='ocrx_word' id='word_1_146' title='bbox 1177 2661 1226 2721; x_wconf 88' lang='lat' dir='ltr'><strong>est</strong></span> <span class='ocrx_word' id='word_1_147' title='bbox 1256 2657 1419 2740; x_wconf 86' lang='lat' dir='ltr'><strong>quaestio,</strong></span> <span class='ocrx_word' id='word_1_148' title='bbox 1451 2675 1495 2720; x_wconf 90' lang='lat' dir='ltr'><strong>an</strong></span> 
     </span>
     <span class='ocr_line' id='line_1_21' title="bbox 316 2777 1494 2866; baseline -0.002 -19"><span class='ocrx_word' id='word_1_149' title='bbox 316 2783 415 2848; x_wconf 81' lang='lat' dir='ltr'><strong>iudex</strong></span> <span class='ocrx_word' id='word_1_150' title='bbox 437 2780 630 2866; x_wconf 86' lang='lat' dir='ltr'><strong>posthabere</strong></span> <span class='ocrx_word' id='word_1_151' title='bbox 653 2777 769 2845; x_wconf 86' lang='lat' dir='ltr'><strong>debeat</strong></span> <span class='ocrx_word' id='word_1_152' title='bbox 790 2779 957 2845; x_wconf 87' lang='lat' dir='ltr'><strong>scientiam</strong></span> <span class='ocrx_word' id='word_1_153' title='bbox 978 2780 1154 2862; x_wconf 82' lang='lat' dir='ltr'><strong>privatam</strong></span> <span class='ocrx_word' id='word_1_154' title='bbox 1178 2784 1213 2844; x_wconf 92' lang='lat' dir='ltr'><strong>ut</strong></span> <span class='ocrx_word' id='word_1_155' title='bbox 1236 2781 1402 2845; x_wconf 88' lang='lat' dir='ltr'><strong>seientiam</strong></span> <span class='ocrx_word' id='word_1_156' title='bbox 1421 2779 1494 2862; x_wconf 76' lang='lat' dir='ltr'><strong>for·</strong></span> 
     </span>
     <span class='ocr_line' id='line_1_22' title="bbox 316 2904 1499 2974; baseline -0.003 0"><span class='ocrx_word' id='word_1_157' title='bbox 316 2908 442 2974; x_wconf 84' lang='lat' dir='ltr'><strong>malem</strong></span> <span class='ocrx_word' id='word_1_158' title='bbox 464 2926 521 2971; x_wconf 85' lang='lat' dir='ltr'><strong>seu</strong></span> <span class='ocrx_word' id='word_1_159' title='bbox 545 2927 586 2970; x_wconf 83' lang='lat' dir='ltr'><strong>ex</strong></span> <span class='ocrx_word' id='word_1_160' title='bbox 612 2906 694 2971; x_wconf 88' lang='lat' dir='ltr'><strong>actis</strong></span> <span class='ocrx_word' id='word_1_161' title='bbox 720 2906 912 2971; x_wconf 48' lang='lat' dir='ltr'><strong>&amp;montom</strong></span> <span class='ocrx_word' id='word_1_162' title='bbox 936 2905 1081 2973; x_wconf 87' lang='lat' dir='ltr'><strong>attendat</strong></span> <span class='ocrx_word' id='word_1_163' title='bbox 1104 2906 1272 2971; x_wconf 86' lang='lat' dir='ltr'><strong>dumtaxat</strong></span> <span class='ocrx_word' id='word_1_164' title='bbox 1294 2908 1326 2970; x_wconf 92' lang='lat' dir='ltr'><strong>in</strong></span> <span class='ocrx_word' id='word_1_165' title='bbox 1347 2904 1499 2972; x_wconf 88' lang='lat' dir='ltr'><strong>condem·</strong></span> 
     </span>
     <span class='ocr_line' id='line_1_23' title="bbox 318 3027 1498 3114; baseline -0.001 -19"><span class='ocrx_word' id='word_1_166' title='bbox 318 3033 451 3096; x_wconf 86' lang='lat' dir='ltr'><strong>natione</strong></span> <span class='ocrx_word' id='word_1_167' title='bbox 466 3029 680 3096; x_wconf 83' lang='lat' dir='ltr'><strong>decernenda.</strong></span> <span class='ocrx_word' id='word_1_168' title='bbox 699 3028 869 3113; x_wconf 82' lang='lat' dir='ltr'><strong>-Triplex</strong></span> <span class='ocrx_word' id='word_1_169' title='bbox 892 3034 944 3095; x_wconf 86' lang='lat' dir='ltr'><strong>eat</strong></span> <span class='ocrx_word' id='word_1_170' title='bbox 966 3027 1038 3094; x_wconf 85' lang='lat' dir='ltr'><strong>Do.</strong></span> <span class='ocrx_word' id='word_1_171' title='bbox 1056 3030 1226 3095; x_wconf 89' lang='lat' dir='ltr'><strong>sententia.</strong></span> <span class='ocrx_word' id='word_1_172' title='bbox 1244 3064 1259 3077; x_wconf 94' lang='lat'>·</span> <span class='ocrx_word' id='word_1_173' title='bbox 1275 3033 1318 3096; x_wconf 86' lang='lat' dir='ltr'><strong>At</strong></span> <span class='ocrx_word' id='word_1_174' title='bbox 1333 3031 1368 3093; x_wconf 92' lang='lat' dir='ltr'><strong>in</strong></span> <span class='ocrx_word' id='word_1_175' title='bbox 1383 3030 1498 3114; x_wconf 86' lang='lat' dir='ltr'><strong>primis</strong></span> 
     </span>
     <span class='ocr_line' id='line_1_24' title="bbox 315 3153 1503 3240; baseline 0 -20"><span class='ocrx_word' id='word_1_176' title='bbox 315 3155 489 3220; x_wconf 87' lang='lat' dir='ltr'><strong>advertere</strong></span> <span class='ocrx_word' id='word_1_177' title='bbox 512 3157 665 3238; x_wconf 86' lang='lat' dir='ltr'><strong>praestat,</strong></span> <span class='ocrx_word' id='word_1_178' title='bbox 690 3173 801 3219; x_wconf 87' lang='lat' dir='ltr'><strong>omnes</strong></span> <span class='ocrx_word' id='word_1_179' title='bbox 825 3155 902 3236; x_wconf 90' lang='lat' dir='ltr'><strong>DD.‚</strong></span> <span class='ocrx_word' id='word_1_180' title='bbox 922 3155 949 3220; x_wconf 83' lang='lat' dir='ltr'><strong>si</strong></span> <span class='ocrx_word' id='word_1_181' title='bbox 972 3159 1090 3240; x_wconf 84' lang='lat' dir='ltr'><strong>agatur</strong></span> <span class='ocrx_word' id='word_1_182' title='bbox 1112 3153 1151 3218; x_wconf 90' lang='lat' dir='ltr'><strong>de</strong></span> <span class='ocrx_word' id='word_1_183' title='bbox 1175 3155 1336 3220; x_wconf 88' lang='lat' dir='ltr'><strong>sententia</strong></span> <span class='ocrx_word' id='word_1_184' title='bbox 1359 3153 1503 3222; x_wconf 70' lang='lat' dir='ltr'><strong>adraim·</strong></span> 
     </span>
     <span class='ocr_line' id='line_1_25' title="bbox 319 3276 1494 3364; baseline 0.001 -22"><span class='ocrx_word' id='word_1_185' title='bbox 319 3279 417 3359; x_wconf 80' lang='lat' dir='ltr'><strong>torio,</strong></span> <span class='ocrx_word' id='word_1_186' title='bbox 441 3277 654 3343; x_wconf 87' lang='lat' dir='ltr'><strong>communiter</strong></span> <span class='ocrx_word' id='word_1_187' title='bbox 677 3276 811 3358; x_wconf 87' lang='lat' dir='ltr'><strong>dooere,</strong></span> <span class='ocrx_word' id='word_1_188' title='bbox 835 3279 974 3343; x_wconf 88' lang='lat' dir='ltr'><strong>iudicem</strong></span> <span class='ocrx_word' id='word_1_189' title='bbox 1001 3277 1175 3345; x_wconf 84' lang='lat' dir='ltr'><strong>absolvere</strong></span> <span class='ocrx_word' id='word_1_190' title='bbox 1205 3298 1299 3364; x_wconf 88' lang='lat' dir='ltr'><strong>posse</strong></span> <span class='ocrx_word' id='word_1_191' title='bbox 1332 3299 1423 3344; x_wconf 88' lang='lat' dir='ltr'><strong>reum</strong></span> <span class='ocrx_word' id='word_1_192' title='bbox 1451 3299 1494 3343; x_wconf 85' lang='lat' dir='ltr'><strong>ex</strong></span> 
     </span>
    </p>
   </div>
   <div class='ocr_carea' id='block_1_4' title="bbox 314 3555 1509 4161">
    <p class='ocr_par' dir='ltr' id='par_1_7' title="bbox 314 3555 1509 4161">
     <span class='ocr_line' id='line_1_26' title="bbox 386 3555 1496 3628; baseline 0 -16"><span class='ocrx_word' id='word_1_193' title='bbox 386 3555 427 3628; x_wconf 86' lang='lat'><strong>(1)</strong></span> <span class='ocrx_word' id='word_1_194' title='bbox 445 3556 549 3612; x_wconf 85' lang='lat' dir='ltr'><strong>Narrat</strong></span> <span class='ocrx_word' id='word_1_195' title='bbox 562 3555 683 3610; x_wconf 85' lang='lat' dir='ltr'><strong>Durandi</strong></span> <span class='ocrx_word' id='word_1_196' title='bbox 698 3555 824 3627; x_wconf 77' lang='lat' dir='ltr'><strong>(Sperat.</strong></span> <span class='ocrx_word' id='word_1_197' title='bbox 839 3557 874 3611; x_wconf 87' lang='lat'><strong>11</strong></span> <span class='ocrx_word' id='word_1_198' title='bbox 885 3559 926 3612; x_wconf 84' lang='lat' dir='ltr'><strong>De</strong></span> <span class='ocrx_word' id='word_1_199' title='bbox 940 3569 1009 3612; x_wconf 79' lang='lat' dir='ltr'><strong>sent.</strong></span> <span class='ocrx_word' id='word_1_200' title='bbox 1024 3563 1042 3623; x_wconf 69' lang='grc' dir='ltr'><strong>ἓ</strong></span> <span class='ocrx_word' id='word_1_201' title='bbox 1056 3556 1083 3628; x_wconf 87' lang='grc'><strong>1)</strong></span> <span class='ocrx_word' id='word_1_202' title='bbox 1097 3559 1239 3614; x_wconf 84' lang='lat' dir='ltr'><strong>Bononiae</strong></span> <span class='ocrx_word' id='word_1_203' title='bbox 1253 3557 1393 3616; x_wconf 87' lang='lat' dir='ltr'><strong>bominem</strong></span> <span class='ocrx_word' id='word_1_204' title='bbox 1406 3560 1496 3616; x_wconf 87' lang='lat' dir='ltr'><strong>inter·</strong></span> 
     </span>
     <span class='ocr_line' id='line_1_27' title="bbox 314 3664 1495 3736; baseline 0.003 -17"><span class='ocrx_word' id='word_1_205' title='bbox 314 3667 419 3721; x_wconf 82' lang='lat' dir='ltr'><strong>fectum</strong></span> <span class='ocrx_word' id='word_1_206' title='bbox 431 3667 517 3719; x_wconf 80' lang='lat' dir='ltr'><strong>lutam</strong></span> <span class='ocrx_word' id='word_1_207' title='bbox 530 3674 560 3720; x_wconf 85' lang='lat' dir='ltr'><strong>et</strong></span> <span class='ocrx_word' id='word_1_208' title='bbox 572 3664 657 3720; x_wconf 83' lang='lat' dir='ltr'><strong>Urbis</strong></span> <span class='ocrx_word' id='word_1_209' title='bbox 670 3666 886 3734; x_wconf 74' lang='lat' dir='ltr'><strong>gubernatorem</strong></span> <span class='ocrx_word' id='word_1_210' title='bbox 900 3683 916 3722; x_wconf 88' lang='lat' dir='ltr'><strong>e</strong></span> <span class='ocrx_word' id='word_1_211' title='bbox 932 3668 1056 3721; x_wconf 84' lang='lat' dir='ltr'><strong>fenestra</strong></span> <span class='ocrx_word' id='word_1_212' title='bbox 1074 3671 1247 3736; x_wconf 82' lang='lat' dir='ltr'><strong>spectantem</strong></span> <span class='ocrx_word' id='word_1_213' title='bbox 1266 3667 1367 3724; x_wconf 81' lang='lat' dir='ltr'><strong>vidisse</strong></span> <span class='ocrx_word' id='word_1_214' title='bbox 1385 3668 1495 3723; x_wconf 81' lang='lat' dir='ltr'><strong>lacinus</strong></span> 
     </span>
     <span class='ocr_line' id='line_1_28' title="bbox 315 3772 1509 3842; baseline 0.001 -15"><span class='ocrx_word' id='word_1_215' title='bbox 315 3776 344 3827; x_wconf 85' lang='lat' dir='ltr'><strong>at</strong></span> <span class='ocrx_word' id='word_1_216' title='bbox 350 3772 484 3826; x_wconf 71' lang='lat' dir='ltr'><strong>facinoris</strong></span> <span class='ocrx_word' id='word_1_217' title='bbox 493 3775 644 3827; x_wconf 81' lang='lat' dir='ltr'><strong>auctorem.</strong></span> <span class='ocrx_word' id='word_1_218' title='bbox 651 3773 690 3826; x_wconf 76' lang='lat' dir='ltr'><strong>ht</strong></span> <span class='ocrx_word' id='word_1_219' title='bbox 699 3772 820 3841; x_wconf 77' lang='lat' dir='ltr'><strong>contigit</strong></span> <span class='ocrx_word' id='word_1_220' title='bbox 830 3773 859 3825; x_wconf 92' lang='lat' dir='ltr'><strong>in</strong></span> <span class='ocrx_word' id='word_1_221' title='bbox 869 3772 971 3827; x_wconf 91' lang='lat' dir='ltr'><strong>iudicio</strong></span> <span class='ocrx_word' id='word_1_222' title='bbox 982 3773 1160 3842; x_wconf 85' lang='lat' dir='ltr'><strong>probationes</strong></span> <span class='ocrx_word' id='word_1_223' title='bbox 1170 3791 1217 3828; x_wconf 86' lang='lat' dir='ltr'><strong>seu</strong></span> <span class='ocrx_word' id='word_1_224' title='bbox 1229 3774 1427 3829; x_wconf 85' lang='lat' dir='ltr'><strong>attestationes</strong></span> <span class='ocrx_word' id='word_1_225' title='bbox 1438 3776 1509 3829; x_wconf 66' lang='lat' dir='ltr'><strong>sut.</strong></span> 
     </span>
     <span class='ocr_line' id='line_1_29' title="bbox 314 3877 1495 3950; baseline 0 -16"><span class='ocrx_word' id='word_1_226' title='bbox 314 3880 441 3936; x_wconf 75' lang='lat' dir='ltr'><strong>ficientes</strong></span> <span class='ocrx_word' id='word_1_227' title='bbox 449 3878 546 3948; x_wconf 75' lang='lat' dir='ltr'><strong>colligi</strong></span> <span class='ocrx_word' id='word_1_228' title='bbox 558 3896 615 3933; x_wconf 90' lang='lat' dir='ltr'><strong>nou</strong></span> <span class='ocrx_word' id='word_1_229' title='bbox 627 3879 752 3949; x_wconf 83' lang='lat' dir='ltr'><strong>potuisse</strong></span> <span class='ocrx_word' id='word_1_230' title='bbox 760 3878 790 3933; x_wconf 91' lang='lat' dir='ltr'><strong>in</strong></span> <span class='ocrx_word' id='word_1_231' title='bbox 803 3877 980 3944; x_wconf 89' lang='lat' dir='ltr'><strong>homicidam,</strong></span> <span class='ocrx_word' id='word_1_232' title='bbox 993 3895 1080 3950; x_wconf 87' lang='lat' dir='ltr'><strong>quare</strong></span> <span class='ocrx_word' id='word_1_233' title='bbox 1093 3879 1269 3934; x_wconf 83' lang='lat' dir='ltr'><strong>Gubernator</strong></span> <span class='ocrx_word' id='word_1_234' title='bbox 1281 3884 1429 3947; x_wconf 83' lang='lat' dir='ltr'><strong>statuerat,</strong></span> <span class='ocrx_word' id='word_1_235' title='bbox 1442 3897 1495 3934; x_wconf 88' lang='lat' dir='ltr'><strong>sna</strong></span> 
     </span>
     <span class='ocr_line' id='line_1_30' title="bbox 314 3984 1495 4055; baseline 0.001 -16"><span class='ocrx_word' id='word_1_236' title='bbox 314 3986 433 4041; x_wconf 87' lang='lat' dir='ltr'><strong>scientia</strong></span> <span class='ocrx_word' id='word_1_237' title='bbox 450 3985 492 4039; x_wconf 92' lang='lat' dir='ltr'><strong>uti</strong></span> <span class='ocrx_word' id='word_1_238' title='bbox 511 3986 541 4039; x_wconf 89' lang='lat' dir='ltr'><strong>in</strong></span> <span class='ocrx_word' id='word_1_239' title='bbox 558 3984 741 4051; x_wconf 71' lang='lat' dir='ltr'><strong>homicidam</strong></span> <span class='ocrx_word' id='word_1_240' title='bbox 759 3990 790 4041; x_wconf 91' lang='lat' dir='ltr'><strong>at</strong></span> <span class='ocrx_word' id='word_1_241' title='bbox 809 3987 965 4055; x_wconf 87' lang='lat' dir='ltr'><strong>percontati</strong></span> <span class='ocrx_word' id='word_1_242' title='bbox 991 3987 1116 4041; x_wconf 90' lang='lat' dir='ltr'><strong>celebres</strong></span> <span class='ocrx_word' id='word_1_243' title='bbox 1138 3987 1272 4042; x_wconf 85' lang='lat' dir='ltr'><strong>Doctores</strong></span> <span class='ocrx_word' id='word_1_244' title='bbox 1292 3986 1495 4042; x_wconf 84' lang='lat' dir='ltr'><strong>Universitatis</strong></span> 
     </span>
     <span class='ocr_line' id='line_1_31' title="bbox 315 4091 1495 4161; baseline 0.003 -17"><span class='ocrx_word' id='word_1_245' title='bbox 315 4091 465 4146; x_wconf 85' lang='lat' dir='ltr'><strong>Bououieu.</strong></span> <span class='ocrx_word' id='word_1_246' title='bbox 486 4107 533 4146; x_wconf 85' lang='lat' dir='ltr'><strong>seu</strong></span> <span class='ocrx_word' id='word_1_247' title='bbox 553 4094 611 4145; x_wconf 82' lang='lat' dir='ltr'><strong>Aao</strong></span> <span class='ocrx_word' id='word_1_248' title='bbox 632 4096 661 4146; x_wconf 86' lang='lat' dir='ltr'><strong>at</strong></span> <span class='ocrx_word' id='word_1_249' title='bbox 682 4091 770 4148; x_wconf 86' lang='lat' dir='ltr'><strong>ceteri</strong></span> <span class='ocrx_word' id='word_1_250' title='bbox 791 4091 1002 4161; x_wconf 83' lang='lat' dir='ltr'><strong>responderunt,</strong></span> <span class='ocrx_word' id='word_1_251' title='bbox 1021 4091 1188 4147; x_wconf 85' lang='lat' dir='ltr'><strong>homicidam</strong></span> <span class='ocrx_word' id='word_1_252' title='bbox 1208 4091 1402 4148; x_wconf 87' lang='lat' dir='ltr'><strong>dimittendum</strong></span> <span class='ocrx_word' id='word_1_253' title='bbox 1424 4108 1495 4157; x_wconf 86' lang='lat' dir='ltr'><strong>assa,</strong></span> 
     </span>
    </p>
   </div>
   <div class='ocr_carea' id='block_1_5' title="bbox 314 4196 1496 4478">
    <p class='ocr_par' dir='ltr' id='par_1_8' title="bbox 314 4196 1496 4478">
     <span class='ocr_line' id='line_1_32' title="bbox 315 4196 1496 4269; baseline 0.002 -19"><span class='ocrx_word' id='word_1_254' title='bbox 315 4211 373 4265; x_wconf 76' lang='lat' dir='ltr'><strong>arg.</strong></span> <span class='ocrx_word' id='word_1_255' title='bbox 393 4196 464 4268; x_wconf 81' lang='lat' dir='ltr'><strong>lepis</strong></span> <span class='ocrx_word' id='word_1_256' title='bbox 481 4196 509 4263; x_wconf 91' lang='lat'><strong>6,</strong></span> <span class='ocrx_word' id='word_1_257' title='bbox 527 4199 557 4269; x_wconf 69' lang='lat' dir='ltr'><strong>[t.</strong></span> <span class='ocrx_word' id='word_1_258' title='bbox 570 4197 613 4253; x_wconf 84' lang='lat' dir='ltr'><strong>De</strong></span> <span class='ocrx_word' id='word_1_259' title='bbox 631 4199 677 4268; x_wconf 70' lang='lat' dir='ltr'><strong>affl</strong></span> <span class='ocrx_word' id='word_1_260' title='bbox 686 4199 813 4268; x_wconf 69' lang='lat' dir='ltr'><strong>praesia.</strong></span> <span class='ocrx_word' id='word_1_261' title='bbox 833 4214 904 4269; x_wconf 85' lang='lat' dir='ltr'><strong>quae</strong></span> <span class='ocrx_word' id='word_1_262' title='bbox 921 4204 1016 4253; x_wconf 87' lang='lat' dir='ltr'><strong>tamen</strong></span> <span class='ocrx_word' id='word_1_263' title='bbox 1034 4197 1131 4254; x_wconf 87' lang='lat' dir='ltr'><strong>eadem</strong></span> <span class='ocrx_word' id='word_1_264' title='bbox 1149 4198 1194 4255; x_wconf 87' lang='lat' dir='ltr'><strong>lex</strong></span> <span class='ocrx_word' id='word_1_265' title='bbox 1208 4199 1302 4269; x_wconf 86' lang='lat' dir='ltr'><strong>plures</strong></span> <span class='ocrx_word' id='word_1_266' title='bbox 1316 4198 1370 4252; x_wconf 86' lang='lat' dir='ltr'><strong>DD.</strong></span> <span class='ocrx_word' id='word_1_267' title='bbox 1383 4198 1496 4253; x_wconf 87' lang='lat' dir='ltr'><strong>induxit</strong></span> 
     </span>
     <span class='ocr_line' id='line_1_33' title="bbox 314 4297 1496 4372; baseline 0.002 -20"><span class='ocrx_word' id='word_1_268' title='bbox 314 4297 343 4353; x_wconf 92' lang='lat' dir='ltr'><strong>in</strong></span> <span class='ocrx_word' id='word_1_269' title='bbox 356 4299 524 4354; x_wconf 83' lang='lat' dir='ltr'><strong>contrariam</strong></span> <span class='ocrx_word' id='word_1_270' title='bbox 537 4300 716 4367; x_wconf 79' lang='lat' dir='ltr'><strong>sententiam,</strong></span> <span class='ocrx_word' id='word_1_271' title='bbox 726 4299 815 4355; x_wconf 81' lang='lat' dir='ltr'><strong>veluti</strong></span> <span class='ocrx_word' id='word_1_272' title='bbox 828 4299 972 4356; x_wconf 85' lang='lat' dir='ltr'><strong>Bartolum</strong></span> <span class='ocrx_word' id='word_1_273' title='bbox 981 4317 987 4354; x_wconf 93' lang='lat'>:</span> <span class='ocrx_word' id='word_1_274' title='bbox 997 4299 1246 4372; x_wconf 61' lang='lat' dir='ltr'><strong>otfieommenturia</strong></span> <span class='ocrx_word' id='word_1_275' title='bbox 1258 4301 1363 4368; x_wconf 85' lang='lat' dir='ltr'><strong>Cuiaei,</strong></span> <span class='ocrx_word' id='word_1_276' title='bbox 1374 4300 1496 4368; x_wconf 75' lang='lat' dir='ltr'><strong>bonelli,</strong></span> 
     </span>
     <span class='ocr_line' id='line_1_34' title="bbox 315 4403 750 4478; baseline 0.002 -19"><span class='ocrx_word' id='word_1_277' title='bbox 315 4403 470 4460; x_wconf 82' lang='lat' dir='ltr'><strong>Gotbotridi</strong></span> <span class='ocrx_word' id='word_1_278' title='bbox 490 4406 517 4460; x_wconf 93' lang='lat' dir='ltr'><strong>in</strong></span> <span class='ocrx_word' id='word_1_279' title='bbox 538 4409 628 4461; x_wconf 80' lang='lat' dir='ltr'><strong>eamd.</strong></span> <span class='ocrx_word' id='word_1_280' title='bbox 649 4409 750 4478; x_wconf 79' lang='lat' dir='ltr'><strong>tapam</strong></span> 
     </span>
    </p>
   </div>
   <div class='ocr_carea' id='block_1_6' title="bbox 0 0 1681 5100">
    <p class='ocr_par' dir='ltr' id='par_1_9' title="bbox 0 0 1681 5100">
     <span class='ocr_line' id='line_1_35' title="bbox 0 0 1681 5100; baseline 0 0"><span class='ocrx_word' id='word_1_281' title='bbox 0 0 1681 5100; x_wconf 95' lang='lat' dir='ltr'><strong> </strong></span> 
     </span>
    </p>
   </div>
  </div>
 </body>
</html>
