3350 5100
515 315 560 362 ns
583 315 737 365 nemoris
761 317 805 364 nr
827 317 947 365 Pousis
1259 298 1324 366 129

140 459 226 503 anno
242 440 432 525 illegitimae
446 441 613 507 absentiae
629 442 770 517 indultis,
786 443 975 528 privilegiis,
991 463 1051 506 nec
1075 462 1139 508 non
1164 442 1324 509 fructibus

139 562 372 630 beneficiorum
403 572 437 632 et
467 568 666 650 pensionum.
691 567 724 632 Si
753 567 836 634 baec
866 570 973 634 omnia
996 568 1155 633 incassum
1188 567 1321 650 cedant,

139 709 257 774 nempe
283 695 357 776 post
385 711 535 772 annum,
559 692 782 758 conceduntur
811 693 866 756 alii
896 699 965 760 tres
995 713 1122 758 menses
1152 693 1324 778 inquibus

138 817 333 880 monitiones
355 818 531 881 canonicae
546 813 617 881 fieri
634 816 761 891 debent,
778 837 860 902 qnae
876 819 903 882 si
919 838 982 882 non
999 816 1132 884 flectant
1154 825 1322 886 contuma-

138 941 222 1002 ciam
235 938 389 1010 absentis.
403 942 474 1011 iste,
490 962 547 1006 seu
563 947 635 1026 post
647 943 840 1027 qaindecim
857 961 988 1008 menses
1004 942 1191 1028 illegitimae
1206 943 1321 1009 absen-

137 1067 212 1136 tiae,
238 1068 309 1150 ipso
332 1065 539 1132 cardinalatu
562 1067 739 1153 privandus
761 1073 819 1132 est.

276 1191 309 1276 4)
334 1192 484 1276 Episcopi
507 1211 571 1256 non
595 1192 775 1261 residentes
790 1193 928 1259 diversis
952 1195 1063 1278 poenis
1086 1194 1319 1280 percelluntur.

140 1318 176 1394 a)
198 1315 244 1379 Vi
269 1315 397 1380 decreti·
417 1315 505 1380 Trid.
530 1335 608 1384 sess.
632 1315 693 1391 23,
718 1338 745 1384 c.
770 1319 796 1390 1,
822 1317 875 1384 De
897 1318 963 1401 res.
989 1317 1086 1402 (quod
1110 1323 1205 1402 caput
1228 1338 1320 1403 aspe-

139 1441 224 1502 ravit
242 1442 530 1524 praescriptionem
550 1460 626 1523 cap.
646 1442 674 1523 1,
694 1460 773 1508 sess.
798 1443 833 1523 6)
859 1442 1037 1528 Episcopus
1059 1442 1232 1529 ille9itime
1254 1462 1320 1507 non

139 1564 297 1638 residens,
310 1584 370 1650 pro
393 1571 472 1630 rata
487 1568 640 1650 temporis
655 1565 820 1631 absentiae
835 1585 916 1634 snos
931 1585 995 1631 non
1012 1567 1090 1632 iacit
1110 1568 1245 1648 tructus,
1258 1587 1321 1634 nec

137 1694 206 1753 tuta
229 1692 447 1771 conscientia,
471 1691 566 1756 etiam
590 1690 655 1756 alia
677 1691 897 1756 declaratione
924 1711 988 1756 non
1011 1697 1140 1773 secuta,
1165 1693 1236 1756 illos
1259 1692 1319 1758 sibi

138 1816 284 1880 retinere
313 1821 433 1899 potest;
455 1815 510 1880 sed
534 1817 595 1880 hos
623 1816 749 1882 fructus
773 1835 912 1902 erogare
942 1821 1073 1882 tenetur
1095 1817 1150 1882 vel
1174 1817 1320 1884 fabricae

138 1940 318 2010 Ecclesiae.
332 1941 385 2004 vel
408 1941 604 2027 pauperibus
625 1943 699 2006 loci.
724 1941 756 2025 b)
778 1942 832 2006 Ex
856 1941 963 2008 Consi.
982 1941 1100 2007 Bened.
1118 1943 1201 2008 XIV
1227 1943 1319 2010 <Aa

137 2066 354 2131 uniuersae»
381 2067 593 2151 privationem
616 2067 691 2151 ipso
713 2066 804 2149 sacta
830 2067 969 2132 incurrit
992 2069 1132 2132 omnium
1158 2073 1190 2132 et
1212 2069 1319 2154 singu-

136 2191 243 2256 lorum
267 2190 481 2256 indultorum
503 2209 585 2276 quae
608 2192 685 2276 ipsis
708 2198 938 2276 competerent,
956 2191 1056 2257 veluti
1079 2191 1319 2260 desistentibus

136 2315 218 2380 solio
242 2313 423 2379 Pontificio.
448 2315 479 2399 c)
503 2315 590 2380 Trid.
616 2316 737 2381 Concil.
768 2335 848 2382 sess.
871 2316 922 2387 14,
955 2335 1029 2400 cap.
1054 2318 1087 2390 4,
1112 2317 1162 2382 De
1191 2317 1255 2400 ref.
1284 2321 1317 2384 in

136 2459 274 2525 poenam
298 2458 363 2502 non
388 2438 607 2512 residentium,
624 2439 727 2505 edixit
748 2440 807 2506 soli
824 2441 983 2526 Episcopo
1006 2441 1160 2506 residenti
1184 2441 1317 2506 concedi

87 2638 91 2644 ¹
136 2566 323 2630 facultatem
350 2564 536 2649 corrigendi
560 2565 697 2630 clericos
720 2568 914 2631 saeculares
937 2572 1120 2649 exemptos.
1146 2566 1194 2631 Cf.
1218 2587 1318 2651 supra

136 2711 167 2753 n.
191 2690 246 2755 79.
270 2689 307 2775 d]
330 2689 403 2755 Non
434 2689 588 2754 fruuntur
618 2691 725 2775 gratia
750 2690 974 2755 alternatione
1005 2709 1101 2773 super
1131 2692 1317 2775 provisione
1341 2668 1347 2686 ’

136 2811 388 2893 beneficiorum,
418 2812 511 2877 iuxta
537 2832 606 2898 reg.
640 2814 689 2877 IX
721 2813 943 2879 cancellariae
974 2813 1192 2898 Apostolicae;
1219 2833 1315 2898 quam

135 2957 272 3022 poenam
296 2934 501 3002 confirmavit
524 2936 644 3001 Bened.
666 2938 749 3003 XIV
769 2939 823 3002 cit.
848 2938 954 3003 Consi.
979 2937 1010 3021 e)
1033 2937 1086 3001 Ex
1109 2937 1217 3003 Consi.
1237 2958 1255 3001 ‹
1272 2939 1317 3005 In

135 3060 308 3145 Suprema
326 3083 343 3125 a
361 3062 413 3125 Pii
429 3061 478 3127 IV
501 3060 587 3125 edita
609 3061 665 3127 die
686 3060 737 3126 23
752 3060 838 3129 Noa.
860 3060 950 3127 1564
973 3060 1069 3147 plecti
1093 3068 1226 3147 possunt
1247 3063 1315 3149 pri·
1395 3124 1402 3135 ,

135 3188 266 3253 ratione
281 3207 339 3253 sen
353 3186 419 3269 fer.
436 3193 528 3261 sent,
545 3186 672 3271 quando
695 3188 778 3251 aliae
800 3206 926 3273 poenae
936 3206 1002 3252 non
1019 3187 1180 3274 fregerint
1202 3162 1314 3253 eorum

137 3313 382 3379 contumaciam.
398 3311 433 3398 s)
450 3313 594 3396 Denique
605 3311 851 3409 inhabilitatem
868 3313 1048 3385 incurrunt,
1063 3332 1119 3377 seu
1131 3314 1200 3397 ipso
1216 3312 1313 3387 facto,
1396 3350 1398 3355 ·

137 3437 238 3504 relate
254 3438 295 3503 ad
312 3439 452 3503 maiores
467 3438 593 3503 Eccles.
607 3436 778 3523 dignitates
795 3436 993 3519 obtinendas,
1007 3456 1049 3502 ex
1065 3438 1173 3503 Gonst.
1188 3436 1316 3503 Sancta

138 3562 295 3648 Synadus
311 3562 435 3629 Urbani
450 3563 545 3628 VIII.
568 3566 608 3648 p)
630 3562 781 3646 Episcopi
797 3559 986 3626 Cardinales
1009 3561 1062 3644 qui
1084 3561 1206 3626 Romae
1228 3560 1314 3625 resi-

137 3688 214 3754 dere
235 3708 309 3754 non
332 3686 462 3768 debent,
486 3685 576 3751 hisce
592 3673 713 3771 'poenis
735 3684 864 3749 obnoxii
890 3690 974 3749 sunt.

267 3812 303 3897 5)
327 3812 468 3877 Parocbi
499 3830 555 3877 seu
584 3808 767 3875 beneficiati
797 3810 965 3896 Episcopis
996 3809 1169 3874 interiores
1200 3826 1314 3871 curam

138 3940 316 4004 animarum
338 3943 483 4023 agentes,
499 3938 533 4001 in
557 3938 609 4002 cit.
634 3954 713 4002 sess.
730 3934 790 4010 23,
812 3935 921 4017 capt
945 3933 1115 3999 edicuntur
1130 3952 1195 3997 non
1220 3950 1315 3997 secus

137 4080 174 4126 ac
188 4062 350 4148 Episcopi,
366 4062 441 4143 ipsa
455 4060 547 4143 facto
563 4057 681 4145 privati
697 4058 856 4123 fructibus
873 4076 932 4143 pro
948 4063 1020 4123 rata
1031 4058 1186 4141 temporis
1201 4055 1314 4120 absen-

136 4186 208 4251 tiae.
225 4187 306 4250 Dein
321 4186 405 4250 baec
420 4191 618 4251 statuuntur:
638 4208 656 4246 a
676 4183 771 4255 Quod
792 4183 832 4263 si,
846 4201 913 4265 per
928 4182 1074 4247 edictam
1090 4181 1192 4263 citam,
1210 4180 1313 4247 etiam

137 4328 203 4376 non
228 4311 467 4393 perseniae,
502 4314 717 4377 contumaces
745 4306 895 4389 fuerint,
927 4326 1079 4373 nrnnnau
1112 4325 1190 4373 ussa
1221 4322 1313 4372 vaur

140 4432 331 4501 Ordines-iis
351 4454 419 4518 per
441 4454 605 4502 camaras
619 4432 878 4519 ¹⁴ecclesiasticas
900 4438 931 4498 et
954 4432 1254 4517 sequestrationem
1280 4435 1313 4497 et

243 4559 302 4612 Soc.
322 4558 401 4628 Lapa
1222 4552 1240 4606 9
