3350 5100
304 289 350 356 92
468 247 473 254 Ι
740 317 743 321 ·
833 305 918 352 raras
943 304 965 350 1.

303 429 454 514 equidem
476 446 672 514 magnopere
691 423 859 493 offendunt
873 425 981 512 legem¹
998 423 1165 491 charitatis
1180 427 1215 492 et
1228 423 1369 492 iustitiae
1383 425 1480 506 atque

303 554 484 619 animarum
500 556 618 638 parant
632 555 799 618 aeternam
814 549 1052 620 damnationem
1068 550 1143 635 qnia
1158 547 1324 616 vinculum
1334 547 1483 613 inliciunt

304 677 448 745 libertati
470 677 609 742 hominis
624 675 768 762 quidum
784 696 818 741 se
834 674 874 740 ab
891 675 1008 740 iniusto
1027 696 1115 741 nexu
1137 673 1292 762 expedire
1307 671 1482 755 contendit,

305 803 446 870 faciliter
467 801 708 889 transgreditur
729 802 835 888 legem
858 819 984 885 quoque
1007 799 1158 875 divinam,
1185 800 1337 866 videlicet
1363 801 1482 866 consti-

303 929 406 994 tuitur
428 927 462 992 in
485 929 655 993 occasione
678 925 834 1013 peccandi
856 946 913 992 seu
938 925 1154 1010 delinquendi.

394 1051 508 1117 Laedit
537 1057 709 1137 praeterea
740 1053 908 1118 charitatis
939 1051 1045 1136 legem
1070 1057 1102 1116 et
1123 1052 1263 1118 iustitiae
1292 1049 1398 1118 fidelis
1428 1053 1482 1136 qui

303 1175 445 1241 decimas
457 1177 524 1262 ipse
541 1195 604 1240 non
616 1175 713 1241 solvit
723 1179 780 1241 ant
790 1175 914 1241 alienas
930 1175 964 1239 in
980 1195 1049 1240 rem
1062 1193 1151 1241 suam
1165 1179 1360 1241 convertere
1374 1174 1482 1256 audet,

304 1306 338 1365 et
353 1299 427 1365 inde
438 1299 633 1367 subtrahens
645 1299 800 1365 Ecclesiis
816 1300 870 1364 vel
885 1302 953 1366 eius
968 1298 1165 1366 administris
1181 1301 1382 1366 necessarias
1394 1319 1481 1386 opes,

302 1430 458 1509 quantum
480 1427 513 1491 iu
537 1445 573 1491 se
595 1430 653 1498 est,
670 1425 802 1511 impedit
817 1425 918 1491 divini
934 1426 1040 1491 cultus
1056 1426 1108 1490 vel
1123 1425 1293 1510 pastoralis
1308 1423 1481 1495 ministerii

303 1551 506 1616 exercitium.
521 1550 642 1615 Concil.
656 1549 744 1616 Trid.
756 1569 834 1617 acco.
850 1551 908 1616 25.
922 1569 996 1634 cap.
1006 1551 1059 1632 12,
1072 1551 1122 1618 Dc
1134 1551 1198 1634 ref.
1212 1550 1373 1618 decrerit:
1389 1550 1483 1622 «Qui

302 1693 383 1742 cero
399 1694 458 1741 car
478 1673 642 1761 (decimas)
657 1680 717 1739 aut
732 1674 936 1741 subtrahant
955 1680 1015 1742 aut
1036 1675 1227 1758 impediunt
1250 1676 1482 1743 eoecommuni-

303 1805 423 1866 centur
437 1819 500 1867 nec
514 1798 558 1865 ab
575 1799 638 1865 hoc
652 1799 795 1866 cimino
809 1798 877 1864 aiei
888 1799 996 1882 piena
1011 1799 1219 1866 restitutione
1233 1805 1358 1876 secuta,
1376 1799 1483 1866 absol-

303 1929 430 1990 vantur
442 1945 471 1987 ›.
490 1924 541 1990 Uti
558 1927 647 2008 patet
662 1943 705 1988 ex
722 1927 877 1989 contextu
893 1923 949 1988 sed
965 1925 1105 1988 maxime
1121 1925 1166 1989 uti
1183 1924 1370 1990 authentice
1384 1925 1474 1988 inter
1527 1973 1533 1998 ,

303 2050 431 2132 pretate
462 2052 511 2112 cst
541 2046 573 2111 S.
607 2047 707 2133 Gong.
739 2046 860 2112 Goncil.
892 2047 925 2111 in
956 2047 1137 2112 Ariminen.
1170 2047 1193 2113 8
1222 2049 1300 2126 Iun.
1324 2047 1424 2127 1679,
1449 2053 1484 2111 et

304 2173 437 2236 lanuen.
463 2172 486 2236 9
509 2171 587 2238 Feb.
605 2171 706 2244 1737,
731 2173 1020 2238 excommunicatio
1037 2176 1086 2238 est
1107 2171 1171 2255 ser.
1195 2135 1279 2240 cent:
1302 2173 1392 2259 Ergo
1416 2192 1481 2236 non

303 2294 385 2360 bene
409 2295 558 2380 opinatur
585 2295 791 2372 Pharaonis,
815 2299 837 2362 t.
862 2317 888 2362 c.
914 2317 943 2360 v.
962 2296 1127 2378 Decimae,
1146 2316 1220 2380 cap.
1238 2297 1286 2363 ll.

394 2423 528 2487 Patroni
549 2421 602 2505 qui
625 2422 659 2485 in
677 2421 786 2487 fundis
800 2419 1041 2487 beneficialibus
1057 2422 1122 2486 tale
1138 2424 1260 2488 crimen
1277 2423 1485 2508 patraverint

302 2545 521 2613 convertendo
544 2550 578 2611 in
601 2566 671 2613 rem
697 2566 788 2611 suam
819 2545 958 2620 fructus,
983 2547 1076 2613 titulo
1099 2531 1297 2613 decimarum
1328 2553 1383 2613 aut
1416 2546 1481 2613 alio

303 2691 504 2756 quocumque
526 2672 628 2746 titulo,
644 2671 832 2737 tribuendos
849 2672 1025 2745 Ecclesiae,
1042 2680 1174 2757 praeter
1197 2672 1282 2738 hanc
1298 2692 1480 2738 excommn-

303 2798 498 2863 uicationem
528 2796 594 2879 fer.
625 2803 719 2869 sent,
742 2797 817 2881 ipso
849 2796 924 2863 iure
947 2798 1119 2863 incurrunt
1149 2798 1362 2882 privationem
1392 2797 1484 2863 iuria

299 2926 515 3002 patronatus.
532 2920 778 2985 -Nihilominus
793 2922 980 2986 necessaria
995 2926 1044 2985 est
1058 2922 1221 2986 sententia
1240 2921 1480 2988 declaratoria.

340 3067 346 3077 ·
392 3045 445 3109 66.
468 3042 630 3109 Patronus
651 3047 705 3129 qui
728 3046 871 3111 scienter
887 3051 1073 3131 praesentat
1089 3046 1254 3133 indignum
1270 3046 1373 3112 laedit
1395 3048 1482 3113 iusti·

302 3171 379 3234 tiam
403 3168 656 3243 distributivam,
680 3175 714 3236 et
736 3176 890 3254 quantum
914 3172 946 3235 in
971 3190 1006 3235 se
1029 3176 1079 3236 est
1105 3168 1246 3237 efficiens
1269 3178 1305 3237 ut
1328 3172 1479 3259 indignus

301 3294 491 3359 administer
522 3296 691 3381 ingeratur
721 3296 755 3359 in
786 3304 896 3360 rerum
928 3314 1098 3360 sacrarum
1129 3295 1416 3383 dispensationem,
1444 3294 1481 3361 fit

301 3420 484 3484 animarum
514 3415 655 3483 fidelium
682 3418 829 3505 proditor
860 3424 892 3484 et
916 3420 1139 3505 interemptor,
1172 3422 1218 3486 uti
1250 3426 1360 3485 monet
1390 3420 1477 3487 Trid.

302 3562 381 3610 reos.
406 3543 465 3615 24,
491 3562 566 3625 cap.
590 3544 617 3616 1,
642 3543 693 3608 De
713 3542 777 3625 ref.
796 3580 815 3590 -
835 3543 888 3607 Ex
912 3562 980 3629 cap.
1009 3543 1093 3609 Cum
1116 3544 1153 3609 in
1176 3544 1304 3611 eunctis
1326 3546 1349 3627 §J
1372 3542 1406 3619 3,
1430 3544 1481 3611 De

301 3668 393 3732 elect.
408 3666 444 3731 X
456 3665 500 3750 (l,
518 3665 551 3749 6)
567 3671 723 3749 patronus
737 3670 949 3749 praesentans
972 3667 1114 3731 scienter
1129 3665 1294 3753 indignum
1318 3668 1478 3754 privatur,

301 3809 343 3855 ea
356 3791 438 3862 vice,
455 3790 527 3854 iure
542 3788 781 3874 praesentandi.
800 3824 818 3838 -
836 3790 897 3855 Ast
912 3790 957 3855 uti
974 3790 1079 3857 refert
1094 3791 1213 3857 Bened.
1232 3792 1315 3859 XIV
1334 3793 1367 3857 iu
1390 3812 1479 3877 oper.

304 3914 353 3978 De
376 3912 458 4000 Spa.
482 3914 588 3981 dioec.
613 3913 666 3995 12,
690 3914 724 3986 7,
748 3913 772 3979 6
794 3914 972 3999 quaesitum
996 3914 1057 3980 luit
1078 3916 1112 3980 in
1136 3915 1306 3982 Auditorio
1328 3916 1360 3983 S.
1378 3916 1482 3983 Rotae

302 4056 345 4101 an
367 4056 480 4102 omnes
503 4038 631 4121 patroni
653 4038 723 4102 sive
744 4037 819 4102 laici
844 4038 923 4107 siue¹
936 4038 1146 4105 ecclesiastici
1169 4040 1233 4106 hac
1263 4060 1368 4125 poena
1390 4044 1480 4105 teue-

304 4166 435 4237 rentnr;
451 4166 484 4226 et
498 4161 640 4228 decisum
655 4162 725 4235 fuit,
742 4162 913 4227 dumtaxat
927 4168 1081 4247 patronos
1097 4164 1214 4231 eccles.
1232 4166 1303 4230 inre
1326 4184 1481 4251 praesen-

302 4286 402 4362 tandi,
426 4306 466 4351 ea
487 4289 568 4361 vice.
597 4288 757 4355 decidere.
782 4288 844 4363 Qui
875 4294 1029 4373 patronus
1061 4296 1242 4375 praeterea,
1270 4294 1303 4356 ri
1327 4294 1380 4359 cit.
1404 4312 1480 4377 cap.

225 4477 229 4482 ,
303 4410 490 4477 incurrebat
505 4412 747 4496 suspensionem
761 4433 782 4478 a
796 4410 963 4488 beneflcio,
978 4432 1060 4498 qnae
1075 4414 1171 4481 hodie
1187 4420 1295 4482 tamen
1311 4416 1480 4485 obsolevit.
