3350 5100
335 250 399 315 192
845 268 928 317 rans
959 269 995 316 11.

320 394 430 460 babet
451 394 608 460 eumdem
630 394 733 477 finem
763 398 796 459 et
819 394 1050 477 principalem
1082 396 1236 477 effectum
1267 414 1346 461 cum
1375 413 1513 461 acama-

331 520 420 586 tione
441 518 594 602 pubtica,
618 500 744 601 nempe
764 519 950 585 uindictam
974 519 1015 586 ob
1046 518 1174 585 bonum
1198 520 1453 586 communitatis
1475 520 1513 585 in

289 666 293 672 ·
331 646 527 729 eaemptum
540 645 687 711 aliorum
700 645 837 730 aqitque
847 663 945 711 vinus
957 662 1188 711 accusareris.
1204 644 1295 711 Hinc
1305 647 1396 712 votet
1407 664 1512 731 arqu-

331 774 484 835 mentum
508 769 550 836 ab
574 769 789 858 accusatione
810 770 858 834 od
881 769 1179 835 denunciationem
1205 774 1237 835 et
1267 770 1339 835 vice
1363 789 1465 835 uerso
1482 790 1512 833 ›.

333 894 464 959 Revera
487 894 563 959 huia
586 894 720 979 regulae
742 893 969 975 adhaeremus,
989 899 1146 977 quatenus
1170 914 1283 959 verum
1307 901 1356 959 est
1379 895 1513 960 denun-

333 1021 492 1087 actorem
510 1038 614 1106 aqere
629 1020 717 1085 uices
740 1020 958 1092 accusatoris,
976 1019 1102 1103 quando
1126 1039 1242 1105 nempe
1259 1019 1515 1085 iudex²assumit

332 1150 524 1231 argumenta
563 1145 870 1211 eatraindicialiter
895 1114 928 1208 xa
965 1143 1198 1209 denunciatore
1236 1144 1374 1209 deducta
1411 1162 1514 1227 eaque

333 1269 432 1335 habet
454 1268 535 1333 adeo
560 1268 696 1355 probata
718 1273 751 1332 et
774 1270 888 1353 gravia
912 1274 955 1341 ut,
980 1275 1093 1352 suapte
1115 1271 1158 1350 vi,
1179 1269 1334 1334 inducant
1357 1269 1514 1333 moralem

334 1396 575 1480 persuasionem
598 1395 639 1459 de
663 1395 807 1459 criminis
830 1394 949 1479 patrati
973 1393 1127 1479 qualitate
1155 1400 1187 1460 et
1212 1393 1253 1459 de
1276 1396 1344 1461 eius
1367 1400 1513 1459 auctore.

335 1520 426 1583 Tunc
457 1518 554 1582 iudex
585 1519 631 1581 ita
662 1517 839 1582 instructus
865 1538 885 1581 a
908 1517 1158 1589 denunciatore,
1187 1519 1275 1585 vices
1306 1517 1516 1585 comisatoris

334 1648 462 1728 agente,
480 1641 626 1728 procedit
644 1662 686 1707 ex
702 1643 810 1726 officio
832 1642 938 1708 nobiti
961 1643 1000 1707 ad
1026 1643 1282 1709 conveniendum
1306 1646 1339 1707 in
1363 1642 1514 1709 iudicium

336 1787 427 1831 reum
451 1772 484 1831 et
506 1767 595 1832 hunc
617 1765 657 1831 de
680 1768 816 1831 crimine
832 1768 1005 1849 convincit,
1023 1767 1063 1831 ob
1079 1767 1284 1853 probationes
1304 1768 1459 1833 collectas
1474 1786 1515 1831 ex

337 1912 396 1957 ore
411 1892 662 1957 denunciatoris.
680 1892 751 1957 Hac
767 1895 893 1957 ratione
909 1892 1007 1958 iudex
1023 1892 1140 1959 dicitur
1153 1892 1331 1978 procedere
1347 1912 1390 1957 ex
1401 1893 1515 1978 inqui-

335 2016 455 2082 sitione
462 2037 476 2099 ,·
499 2007 598 2099 quum
622 2018 707 2081 enim
736 2023 924 2101 permaneat
954 2018 1166 2082 denunciatur
1199 2025 1297 2083 extra
1327 2036 1515 2103 processum

336 2140 528 2210 iudicialem,
553 2140 650 2205 iudex
673 2142 742 2224 ipse
765 2160 809 2206 ex
831 2160 893 2207 seno
918 2142 1027 2225 officio
1049 2141 1139 2206 audit
1166 2141 1451 2213 damnatorem,
1477 2141 1516 2205 ab

338 2281 376 2327 eo
392 2262 543 2345 conquirit
558 2263 705 2327 criminis
721 2262 926 2347 probationes
945 2262 1139 2328 sufficientes
1164 2270 1196 2328 et
1220 2284 1262 2329 ex
1281 2264 1372 2329 hisce
1387 2264 1518 2329 instruit

321 2394 444 2483 lactum
461 2388 699 2469 accusationim
715 2406 810 2471 quam
826 2389 853 2452 si
871 2387 1016 2454 refutare
1031 2408 1096 2477 non
1112 2388 1220 2453 valeat
1236 2410 1321 2461 reus,
1338 2409 1381 2453 ex
1397 2388 1517 2453 eisdem

338 2512 595 2579 denunciationis
618 2514 833 2598 argumentis,
859 2480 957 2578 iudex
979 2512 1039 2579 sibi
1070 2519 1236 2600 comparat
1258 2516 1415 2580 moralem
1442 2533 1517 2600 per-

339 2640 530 2709 suasionem,
553 2643 649 2720 atque
672 2637 863 2703 sententiam
887 2637 952 2702 edit
976 2639 1252 2704 condemnationis
1275 2641 1309 2703 in
1333 2659 1435 2704 reum.
1462 2639 1518 2704 Gui

338 2769 458 2845 tamen,
475 2761 520 2846 (et
544 2763 607 2827 hoc
630 2762 741 2828 sedulo
764 2763 891 2830 adverti
915 2763 1034 2848 debet),
1053 2785 1093 2829 ne
1116 2767 1218 2828 omnis
1241 2765 1411 2829 auferatur
1428 2767 1520 2850 copia

340 2887 549 2967 defensionis,
570 2892 646 2952 ante
669 2889 860 2952 senteutiam
885 2888 1160 2953 condemnationis
1187 2889 1294 2953 solent
1316 2889 1519 2955 manifestari

341 3012 495 3096 graviora
510 3010 734 3096 probationum
758 3015 928 3079 momenta.
946 3012 1083 3076 collecta
1099 3033 1141 3077 ex
1157 3013 1371 3096 inquisitione,
1392 3015 1520 3078 reticita

341 3139 463 3207 tamen,
489 3135 732 3219 utplurimum,
758 3137 888 3200 nomine
917 3135 1167 3200 denunciaturis.
1200 3133 1284 3200 Nam
1308 3139 1341 3199 in
1366 3156 1520 3221 processu

342 3279 423 3344 pure
446 3259 640 3342 inquisitiva
663 3260 747 3325 solet
769 3266 896 3326 secreto
927 3261 1027 3325 celari
1059 3260 1145 3350 fons,
1170 3261 1282 3326 saltem
1307 3264 1519 3347 praecipuus,

343 3403 385 3446 ex
408 3402 470 3466 quo
494 3383 628 3448 haustae
651 3388 727 3449 suut
749 3367 963 3469 probationes.

432 3508 576 3573 Proinde
589 3510 711 3593 regula,
725 3528 820 3592 quam
836 3509 936 3574 tradit
952 3507 1173 3590 Reiffenstuel,
1185 3529 1344 3595 quamque
1360 3513 1520 3576 communi

342 3634 504 3698 sententia
526 3632 664 3717 probant
687 3635 889 3714 Canonistae,
913 3642 962 3700 est
985 3653 1074 3714 vera,
1098 3637 1125 3699 si
1148 3641 1332 3702 assumatur
1360 3655 1399 3700 eo
1424 3655 1521 3700 sensu

344 3775 407 3841 quo
431 3756 644 3822 denunciator
667 3758 734 3842 agit
748 3759 909 3840 (quamvis
932 3757 1255 3838 entraiudicioiiter)
1268 3759 1356 3824 uices
1380 3778 1521 3824 accusa·

346 3880 437 3953 toris,
454 3880 660 3965 suppeditans
684 3881 779 3946 iudici
804 3881 992 3966 procedenti
1015 3901 1061 3948 en
1082 3883 1309 3967 inquisitione,
1329 3889 1522 3969 argumenta

345 4005 579 4091 probationum.

438 4132 560 4197 Verum
579 4136 654 4217 quia
673 4133 887 4199 denunciatur
903 4139 951 4199 est
967 4153 1105 4219 persona
1121 4134 1402 4216 entraiudiciatis,
1421 4137 1522 4199 inser·

347 4259 439 4354 viens
461 4257 672 4342 inquisitioni
694 4259 818 4339 iudicis,
839 4279 933 4324 casus
956 4265 1005 4324 est
1027 4279 1183 4344 perrarus
1208 4279 1270 4343 quc
1290 4261 1360 4342 quis
1383 4259 1521 4325 iudicem

347 4381 442 4446 adeat
464 4381 662 4447 denuncians
685 4381 835 4448 delictum
860 4390 893 4450 et
915 4383 1155 4467 delinquentem
1179 4383 1260 4449 adeo
1281 4384 1523 4470 probationibus
