3350 5100
496 308 539 356 oe
562 309 702 358 merens
726 309 968 358 caruissemus
1252 291 1315 359 251

153 432 299 517 competit
319 431 536 499 abolitionem
560 432 705 499 edicendi
724 433 910 516 specialem
932 453 989 498 seu
1013 435 1046 500 in
1071 433 1197 500 casibus
1214 435 1321 518 parti·

152 556 327 625 sularibus.

231 681 374 747 Abolitio
389 683 510 769 tepolis
523 688 629 750 morte
651 686 852 750 accusatoris
868 683 1025 768 quomodo
1042 681 1098 748 flat
1121 685 1191 749 iure
1216 683 1319 749 accle-

150 807 271 872 siastico
293 808 382 872 infra
404 808 557 874 dicemus.

231 930 366 996 Demum
381 933 469 996 inter
483 931 699 998 abolitionem
714 938 748 998 et
762 931 965 997 ordinariam
981 933 1119 998 actionis
1143 931 1321 996 criminalis

146 1055 410 1135 persecutionem
425 1055 564 1162 medium
579 1061 670 1120 tenet
682 1056 789 1121 locum
805 1057 855 1120 ius
870 1055 1058 1121 admittendi
1072 1075 1164 1120 reum
1175 1055 1216 1120 ad
1230 1074 1321 1124 com-

148 1177 352 1260 positionem.
371 1179 452 1244 Nam
476 1199 540 1243 non
563 1179 744 1245 admittitur
760 1181 946 1246 transactio
963 1179 1104 1246 ineunda
1119 1181 1207 1246 inter
1221 1199 1320 1245 accu-

150 1310 283 1369 satorem
306 1309 342 1395 et
362 1310 568 1380 accusatum;
592 1305 648 1370 sed
671 1303 744 1369 fieri
767 1310 874 1389 potest
900 1305 1097 1389 compositio
1128 1305 1321 1369 auctoritate

149 1429 269 1505 iudicis;
283 1431 424 1514 quicum
434 1431 543 1495 valeat
558 1432 686 1516 integre
702 1450 838 1515 poenam
856 1431 1034 1513 remittere,
1049 1449 1164 1515 nempe
1177 1430 1209 1494 in
1222 1431 1320 1496 certis

151 1554 277 1626 casibus,
301 1555 404 1621 multo
426 1558 529 1640 magis
552 1561 656 1642 potest
679 1561 828 1621 statutam
853 1575 991 1642 poenam
1016 1558 1048 1620 in
1071 1556 1169 1620 alium
1193 1555 1320 1621 modum

151 1679 371 1746 satisfactionis
394 1686 604 1746 commutare.
630 1681 693 1746 Hic
719 1680 834 1745 modus
865 1679 1095 1746 satisfactionis
1127 1686 1176 1747 est
1204 1681 1320 1746 solutio

150 1805 297 1886 pecuniae
320 1803 354 1866 in
379 1807 471 1867 certa
492 1822 617 1867 summa
639 1823 659 1866 a
681 1802 787 1868 iudice
816 1803 953 1888 singulis
984 1802 1109 1868 vicibus
1140 1801 1319 1874 statuenda,

150 1945 223 2008 quae
240 1927 433 2014 deponenda
447 1932 534 1993 esset
548 1947 648 2012 penes
664 1928 910 2010 depositarium
926 1929 1134 1994 muletarum
1151 1927 1238 2012 (Vol.
1256 1927 1318 2002 ΙΙΙ,

151 2070 177 2113 n.
199 2053 272 2135 182)
299 2054 349 2118 vel
374 2051 483 2136 (quum
507 2052 603 2118 hodie
626 2053 776 2118 constitui
800 2072 867 2117 non
891 2053 993 2116 soleat
1009 2054 1063 2118 hic
1079 2051 1319 2137 depositarius)

150 2195 239 2259 penes
254 2179 358 2263 ipsam
382 2180 506 2242 curiam
530 2177 647 2263 deponi
670 2179 822 2242 statuitur
847 2182 882 2241 ut
903 2177 1015 2242 eadem
1031 2178 1168 2262 pecunia
1188 2179 1225 2242 in
1245 2177 1321 2260 pios
1402 2223 1404 2230 .

149 2320 222 2366 rasus
243 2307 410 2388 erogetur.
429 2337 447 2351 -
474 2304 544 2367 Non
567 2302 749 2368 admittitur
773 2321 849 2367 reus
876 2301 917 2366 ad
945 2301 1232 2384 compositionem,
1259 2301 1319 2366 nisi

150 2424 185 2488 ad
205 2427 272 2491 eius
289 2427 493 2500 instantiam
510 2426 635 2510 quodsi
659 2428 785 2492 crimen
801 2427 979 2490 nullimode
996 2429 1037 2490 sit
1063 2431 1320 2504 controversum,

150 2554 219 2615 tunc
243 2553 430 2637 Episcopus·
450 2552 621 2619 admittere
647 2553 735 2616 velet
764 2552 806 2616 ad
833 2551 1127 2635 compositionem,
1152 2551 1320 2616 dummodo

140 2676 266 2742 erisnen
287 2696 389 2741 unum
413 2696 456 2741 ex
479 2676 542 2741 illis
564 2678 607 2741 sit
629 2677 663 2739 in
686 2676 801 2761 quibus
828 2678 896 2762 ipse
927 2678 1018 2741 uolet
1044 2674 1253 2757 dispensare.
1278 2675 1322 2742 Et

149 2802 216 2881 quia
237 2802 416 2885 Episcopus
439 2806 628 2887 potestatem
652 2800 750 2866 habet
762 2799 968 2885 dispensandi
984 2801 1081 2863 etiam
1099 2817 1219 2882 poenas
1231 2800 1320 2865 ordi-

149 2926 259 2993 mnas
270 2923 363 3011 (Vol.
381 2926 442 2999 111,
457 2944 490 2989 n.
508 2926 569 2991 112
581 2931 646 3010 sq.)
661 2925 842 2998 aeneidem
860 2943 961 3008 quare
973 2923 1147 2989 Monacelli
1161 2922 1256 2989 Part.
1269 2924 1317 3005 II,

151 3049 190 3113 lit.
209 3052 262 3126 15,
286 3051 392 3133 form.
409 3049 442 3123 3,
469 3071 502 3115 n.
528 3050 559 3122 8,
584 3050 701 3115 limitat
716 3050 801 3114 hanc
817 3054 1007 3134 potestatem
1025 3049 1175 3133 Episcopi
1191 3046 1233 3113 ad
1248 3068 1320 3134 poe·

150 3190 200 3236 nas
220 3174 532 3239 meamdtmrtas.
557 3207 572 3219 -
596 3172 629 3237 Si
654 3172 781 3236 crimen
803 3191 885 3236 vero
909 3178 958 3237 est
981 3171 1180 3236 iudicialiter
1195 3178 1321 3237 contro

151 3314 281 3370 versum,
299 3298 479 3382 Episcopus
502 3316 567 3361 non
591 3294 686 3361 debet
709 3295 881 3362 admittere
904 3296 951 3361 rei
976 3296 1162 3375 instantiam
1178 3295 1220 3360 ad
1235 3315 1321 3363 oom-

146 3422 351 3500 posilionem‚
386 3421 448 3486 nisi
483 3426 650 3505 postquam
683 3439 726 3486 ex
756 3440 875 3485 causae
905 3421 1091 3505 agitatione,
1129 3440 1246 3507 nempe
1278 3440 1320 3485 ex

149 3548 340 3630 argumerais
362 3548 576 3612 accusationis
591 3564 612 3609 a
627 3542 707 3611 fisco
724 3546 896 3632 explicatis
913 3550 946 3611 et
961 3546 1158 3611 defensionis
1173 3545 1213 3610 ab
1229 3564 1321 3610 accu-

149 3675 210 3735 sato
228 3671 372 3743 obiectis,
389 3672 468 3736 satis
486 3672 670 3736 constiterit
693 3669 733 3733 de
756 3671 901 3735 criminis
918 3670 1074 3753 qualitate
1099 3674 1131 3734 et
1147 3671 1319 3754 gravitate,

150 3799 178 3858 et
196 3797 326 3881 planum
343 3800 400 3860 est.
419 3832 431 3843 -
449 3796 531 3861 Usus
547 3814 627 3859 uero
651 3794 906 3877 compositionis
929 3814 986 3859 seu
1010 3772 1220 3860 mulsionem
1243 3799 1321 3858 tunc

150 3923 192 3983 est
211 3921 375 4006 legitimus
396 3940 494 4004 quum
517 3922 649 3985 minime
677 3919 824 3984 redoleat
846 3920 1005 3986 avaritiae
1032 3919 1149 3999 labem,
1174 3917 1321 4002 idemque

149 4043 186 4105 eil
203 4045 304 4130 magis
328 4041 446 4110 efficax
469 4064 564 4127 quam
595 4045 664 4130 ipsa
687 4062 789 4128 poena
821 4043 862 4107 ad
894 4044 1167 4109 restaurationem
1198 4041 1321 4107 ordinis

149 4167 275 4249 mcialis,
287 4169 322 4232 in
337 4170 460 4253 primis,
477 4167 519 4232 ad
540 4166 754 4233 auferendum
771 4186 867 4233 omne
883 4167 1098 4234 scandalum.
1119 4202 1136 4215 ·
1156 4166 1227 4233 Hae
1244 4186 1320 4231 cou-

149 4287 275 4359 ditioues
297 4299 407 4359 aulem
430 4289 605 4359 hodienon
621 4293 666 4358 ita
681 4290 813 4358 difficile
835 4293 976 4359 obtineri
999 4312 1095 4379 posse
1118 4291 1271 4359 videntur
1285 4293 1320 4357 in

150 4417 449 4501 compositionibus,
473 4418 519 4484 uti
542 4418 694 4504 opinatur
717 4418 827 4484 Bouix
850 4418 901 4485 De
923 4419 992 4484 incl.
1019 4418 1059 4483 11
1078 4438 1112 4501 p.
1138 4416 1219 4485 646.
