3350 5100
315 264 380 330 474
828 284 912 333 4444
936 284 987 331 111.

311 408 396 475 tibus
419 410 553 475 44441414
575 408 709 491 idoneis,
733 410 830 475 etiam
854 410 963 475 laicus
985 408 1134 494 deputari
1164 407 1261 471 valet.
1295 405 1342 471 ef.
1367 405 1441 471 Vol.
1465 407 1491 473 I.

313 536 430 599 4141
458 541 492 598 44
514 552 613 619 supra
636 553 668 599 n.
695 534 760 600 142
782 554 829 617 sq.

402 660 477 724 440.
501 658 585 733 Quia
608 659 754 745 pluribus
774 661 807 724 in
831 661 1028 726 4441144444
1048 660 1377 724 4444441444444444
1397 661 1491 719 matr.

312 782 505 849 iudicialiter
520 782 781 866 pertractandae,
799 784 845 847 ita
861 802 926 847 non
948 782 1032 848 solet
1054 780 1141 847 inter
1159 780 1320 865 officiales
1343 779 1492 845 constitui

312 907 464 972 defensor
479 912 572 973 matr.
589 908 642 989 qui
659 905 832 990 deputatur
847 926 907 992 pro
924 924 961 971 re
976 912 1063 971 nata.
1082 941 1100 954 -
1119 906 1161 971 Et
1175 902 1229 969 hic
1245 924 1314 969 mos
1328 921 1491 987 nunquam

313 1031 504 1117 reprobatus
526 1030 631 1097 14144
653 1031 707 1099 SS.
729 1013 1052 1117 congregationibus.
1070 1031 1254 1097 Praeterea
1266 1031 1292 1095 si
1309 1027 1492 1114 praevideri

312 1159 421 1243 possit,
437 1160 602 1243 processui
626 1158 830 1222 instructioni
853 1156 1041 1242 deputatum
1063 1155 1271 1221 defensorem
1294 1162 1388 1221 matr.
1413 1172 1492 1217 sem·

311 1298 373 1363 per
386 1278 499 1344 adesse
518 1298 585 1344 non
601 1298 703 1364 posse,
720 1277 855 1364 expedit
869 1279 900 1341 ei
916 1278 1116 1343 constituere
1131 1276 1349 1359 defensorem
1372 1274 1492 1341 adiun-

312 1405 411 1474 ctum,
436 1403 490 1486 qui
513 1401 618 1469 414444
641 1401 793 1486 impedito
817 1369 873 1466 aut
894 1406 1059 1467 annuente
1082 1420 1214 1486 operam
1238 1396 1416 1486 praebebit.

401 1528 477 1591 441.
494 1527 533 1593 14
548 1527 710 1607 secunda,
723 1545 788 1591 non
804 1545 899 1593 secus
914 1526 953 1591 44
969 1529 1000 1591 14
1019 1526 1118 1591 tertia
1133 1523 1360 1591 444414πί441
1375 1524 1491 1591 instan-

312 1652 366 1726 tia,
392 1652 577 1716 4444444414
598 1658 649 1717 est
671 1670 771 1736 opera
797 1651 979 1717 defensoris
1005 1656 1101 1717 matr.
1126 1650 1233 1736 prouti
1255 1650 1293 1713 in
1320 1648 1493 1732 primast

313 1775 353 1840 ad
384 1794 453 1841 rem
485 1776 606 1841 Bened.
631 1775 724 1848 xlv,
757 1777 810 1842 cit.
837 1778 948 1843 Consi.
972 1776 994 1858 ἓ
1017 1777 1068 1849 10,
1098 1775 1202 1843 iubet:
1232 1796 1250 1839 e
1274 1775 1306 1842 Si
1331 1774 1427 1840 iudex
1458 1774 1490 1838 in

307 1902 454 1967 secunda
476 1905 630 1969 instantia
652 1903 752 1969 fuerit
778 1904 1049 1988 Metropolitanus
1079 1908 1135 1968 aut
1165 1901 1256 1969 Sedis
1286 1900 1491 1986 Apostolicae

312 2026 450 2090 Nuntius
472 2032 529 2091 444
551 2026 730 2112 Episcopus
751 2028 900 2108 vicinior,
924 2028 1121 2092 matrimonii
1143 2026 1296 2093 defensor
1319 2026 1360 2091 414
1382 2024 1435 2109 qui
1451 2022 1491 2087 ab

312 2150 388 2233 ipsis
415 2149 515 2215 fuerit
544 2150 757 2236 deputatus...
782 2153 810 2217 si
841 2158 947 2217 autern
979 2150 1079 2217 iudex
1106 2153 1139 2215 14
1168 2149 1310 2215 secunda
1340 2150 1492 2214 instantia

312 2277 376 2341 erit
406 2275 504 2341 iudex
530 2276 796 2351 commissarius,
821 2280 872 2341 cui
897 2297 917 2342 a
940 2276 970 2343 S.
997 2278 1185 2362 Apostolica
1211 2294 1329 2341 causae
1352 2274 1492 2359 cognitio

312 2400 504 2467 demandata
526 2403 568 2467 sit
586 2406 619 2465 et
641 2402 695 2484 qui
718 2401 861 2469 tribunal
876 2406 910 2467 et
925 2400 1180 2467 iurisdictionem
1203 2400 1402 2465 ordinariam
1427 2416 1491 2463 non

312 2522 431 2589 habeat
453 2530 487 2590 et
516 2530 690 2610 propterea
721 2529 834 2591 careat
864 2525 1037 2591 defensore
1068 2529 1160 2590 matr.
1196 2525 1341 2592 volumus
1372 2528 1406 2590 ut
1436 2521 1491 2586 ilio

312 2647 484 2714 defensore
507 2654 601 2714 matr.
627 2656 738 2716 utatur
760 2652 815 2735 qui
837 2652 1031 2718 constitutus
1058 2651 1159 2718 fuerit
1183 2650 1224 2715 ab
1248 2649 1433 2718 Ordinatio,
1459 2646 1490 2710 in

312 2773 403 2836 cuius
426 2771 565 2838 dioecesi
594 2793 726 2839 causam
757 2781 933 2860 cognoscet
962 2775 1087 2840 etiamsi
1118 2774 1203 2839 idem
1234 2773 1428 2840 Ordinarius
1451 2772 1492 2836 sit

312 2898 363 2980 qui
389 2899 524 2983 primam
548 2901 741 2966 sententiam
763 2901 796 2964 in
821 2899 933 2966 eadem
959 2919 1056 2966 causa
1079 2899 1338 2987 pronunciavit...
1355 2919 1386 2961 a.

403 3021 476 3086 442.
502 3021 662 3087 Defensor
683 3029 778 3089 matr.
804 3021 951 3089 citandus
974 3028 1024 3088 est
1042 3027 1079 3090 44
1094 3023 1222 3088 intersit
1243 3020 1388 3108 riopulis
1408 3018 1492 3085 actis

311 3149 408 3214 itaut
428 3167 599 3232 processus
620 3167 686 3212 non
710 3147 892 3230 incohatur,
910 3149 1064 3234 coniuges
1089 3169 1153 3213 non
1176 3147 1389 3214 subiicientur
1412 3163 1491 3209 exe-

312 3272 400 3352 mini,
415 3272 507 3336 testis
530 3291 595 3336 non
617 3271 768 3337 audiatur
789 3276 847 3337 aut
867 3279 1049 3358 respuatur,
1069 3272 1294 3338 documentum
1319 3289 1384 3335 non
1407 3269 1490 3333 reci-

312 3399 420 3482 piatur
442 3403 498 3462 444
521 3397 690 3464 4411414444
709 3399 769 3462 4141
789 3417 829 3463 44
846 3400 952 3464 citato.
973 3434 990 3447 -
1008 3398 1124 3465 Citatio
1146 3403 1254 3464 autem
1277 3395 1397 3462 sufficit
1418 3413 1491 3461 una

258 3535 263 3542 ·
311 3521 473 3615 simplem
501 3519 672 3586 dummodo
702 3526 794 3586 certe
824 3526 960 3594 4444444,
991 3524 1084 3588 istam
1116 3525 1304 3608 pervenisse
1332 3520 1374 3587 ad
1405 3523 1491 3586 illius

312 3663 435 3710 manus.
460 3643 552 3719 Quod
571 3647 597 3710 si
622 3647 685 3710 rite
708 3647 825 3711 citatus
847 3646 999 3712 defensor
1014 3651 1108 3712 matr.
1133 3667 1196 3712 non
1220 3648 1403 3714 iterveniat.
1427 3646 1489 3718 die,

312 3769 403 3837 hora,
419 3768 490 3833 loco
506 3771 643 3850 statutis,
655 3789 836 3855 processus,
849 3771 951 3836 nihilo
968 3771 1083 3852 minus,
1095 3771 1268 3837 incohatur
1282 3777 1339 3836 aut
1353 3771 1491 3835 ulterius

312 3893 508 3976 producitur.
534 3892 598 3958 Sed
621 3891 814 3959 observetur
836 3893 920 3979 quod
935 3893 1034 3959 tradit
1047 3896 1145 3960 Instr.
1163 3894 1194 3960 S.
1213 3893 1321 3961 Officii
1344 3895 1419 3961 data
1442 3893 1491 3960 ao

314 4015 395 4082 oro.
409 4017 465 4082 rit.
490 4017 620 4093 ortem„
644 4019 736 4100 511:
761 4018 889 4094 «Quod
913 4021 939 4084 si
963 4020 1004 4085 ob
1027 4021 1210 4105 peculiares
1229 4021 1490 4086 circumstantias

312 4148 404 4203 matr.
427 4139 580 4207 (14144444
602 4142 736 4226 singulis
752 4144 834 4207 actis
850 4145 1009 4208 interesse
1032 4146 1224 4227 nequiverit,
1248 4144 1393 4211 absoluto
1418 4165 1490 4230 pro-

311 4283 413 4337 cessu,
436 4265 549 4330 eadem
573 4267 632 4350 ipsi
655 4266 831 4333 traduntur
854 4275 889 4333 ut
911 4289 967 4334 eas
994 4288 1136 4336 exarare
1163 4277 1260 4354 queat
1282 4269 1488 4335 animadver-

311 4388 427 4456 siones,
451 4406 531 4470 quas
554 4386 694 4452 tuendae
723 4391 918 4454 matrimonii
950 4390 1107 4456 validitati
1140 4393 1342 4457 necessarias
1371 4391 1488 4458 iudica·
