3350 5100
475 308 519 353 uu
542 308 683 355 matous
706 307 960 355 cniuiunuiuus.
1240 290 1302 355 201

133 436 256 513 paratus
278 430 376 495 luere
391 431 680 497 calumniatorum
703 447 839 516 poenam
856 433 882 495 si
907 432 939 495 in
957 430 1122 514 probando
1142 428 1306 496 deficeret.

133 556 363 622 Verumtamen
386 557 468 622 nihil
492 562 581 621 vetat
603 558 774 640 quominus
800 558 871 643 ipse
897 562 1065 642 promotor
1091 554 1220 639 fiscalis,
1248 576 1306 621 an·

131 690 243 746 nuente
271 682 390 753 iudice,
414 687 540 767 partem
563 682 624 746 sibi
646 687 782 767 arroget
803 684 836 747 in
861 684 1078 755 accusatione,
1103 702 1165 767 quo
1193 683 1307 747 melius

130 808 241 871 iustitia
264 813 300 873 et
321 808 406 893 legis
428 806 523 873 fieret
545 808 656 873 tutela.
681 809 773 873 Tunc
796 809 883 873 enim
893 814 1077 890 promotor
1091 807 1216 892 fiscalis
1231 828 1305 893 pro-

131 934 213 1017 prius
234 934 422 1018 appellatur
452 934 640 1000 advocatas
668 930 796 1014 fiscalis,
821 934 897 1017 quia
920 938 1030 1018 partes
1052 932 1184 999 adiuvat
1210 951 1305 997 accu-

131 1058 248 1128 satoris.
275 1078 318 1122 ne
344 1061 406 1123 istc
429 1060 462 1122 in
489 1057 656 1143 probando
679 1056 807 1122 deficiat
837 1077 881 1122 ex
911 1076 970 1122 sua
993 1058 1154 1140 imperitia
1180 1061 1236 1121 aut
1263 1076 1305 1120 ex

131 1181 311 1251 collusione,
331 1202 406 1247 cum
429 1184 572 1247 maximo
594 1182 702 1267 legum
726 1187 759 1246 et
780 1182 922 1248 iustitiae
945 1181 1157 1255 detrimento;
1175 1178 1305 1245 ethaeo

131 1308 362 1389 explicavimus
383 1310 416 1371 in
440 1308 515 1372 Vol.
541 1310 565 1379 1,
590 1328 621 1372 n.
650 1308 724 1373 134.
751 1342 769 1355 -
799 1308 988 1377 Praeterea.
1014 1308 1039 1371 si
1063 1304 1161 1371 iudex
1190 1324 1303 1390 parum

130 1428 264 1494 confidat
287 1433 323 1495 in
347 1436 581 1498 acmoatormn
608 1432 793 1514 privatam,
825 1435 931 1517 potest
954 1431 1193 1495 accusationem
1222 1448 1304 1493 com·

131 1557 251 1620 mittere
280 1559 462 1641 promoturi
486 1555 599 1638 fiscali,
623 1564 656 1621 et
683 1558 788 1622 civem
812 1556 974 1640 privatum
1001 1554 1124 1621 habere
1152 1556 1197 1619 uti
1224 1555 1303 1639 fiseo

131 1678 377 1745 adhaerentem.
404 1680 483 1745 lude
506 1680 605 1746 iudex
629 1680 708 1745 facit
730 1680 831 1744 veluti
856 1680 1101 1745 divinationem
1132 1679 1165 1741 in
1193 1676 1304 1761 plures

130 1807 333 1868 accusatores
355 1808 391 1867 ut
414 1804 513 1889 eligat
535 1804 732 1879 idoniorem;
755 1804 798 1869 cf.
823 1823 923 1889 supra
946 1823 1032 1867 num.
1060 1802 1133 1869 106.

213 1927 287 1991 141.
314 1925 466 1994 Officium
482 1930 693 2010 promotores
708 1927 775 1994 fise.
792 1948 857 1993 non
873 1926 973 1995 efficit
989 1933 1024 1993 ut
1040 1945 1211 2013 processus
1227 1948 1301 1991 eva-

129 2049 178 2114 dat
198 2052 391 2135 simpliciter
414 2052 657 2133 accusatorius,
677 2052 733 2117 sed
757 2048 928 2137 processus
950 2058 1000 2117 cst
1024 2072 1142 2117 revera
1164 2053 1303 2137 iaquisi-

130 2175 208 2239 ticus
230 2178 263 2240 in
286 2196 347 2241 suo
370 2178 470 2251 initio,
483 2183 516 2242 et
539 2174 574 2241 fit
597 2178 830 2244 accusatorias
854 2177 1023 2244 dumtaxat
1037 2184 1108 2263 post
1123 2177 1301 2243 absolutam

130 2301 377 2383 inquisitionem
405 2304 556 2367 nimirum
587 2322 757 2387 processus
782 2308 831 2368 est
854 2304 995 2384 minutus,
1023 2304 1129 2388 prouti
1158 2302 1299 2387 explica-

129 2426 233 2492 vimus.

208 2548 270 2615 Sed
293 2551 418 2635 triplex
441 2557 490 2616 est
512 2553 683 2635 inquisitio,
700 2551 854 2617 videlicet
876 2552 1056 2637 petieratis,
1073 2550 1230 2633 specialis
1253 2548 1299 2632 (l)

129 2675 375 2752 specialissimo,
389 2677 481 2742 iuxta
492 2696 531 2740 ea
547 2696 630 2764 quae
644 2676 834 2742 tradidimus
849 2697 957 2763 supra.
972 2713 984 2724 -
1002 2675 1171 2742 Generalis
1187 2675 1298 2759 iaqui-

128 2795 194 2862 u'tio
216 2806 396 2865 exercetur
417 2819 477 2884 per
499 2801 674 2866 assiduam
697 2801 923 2887 cipitaatiam
948 2819 1037 2885 quoe
1064 2806 1161 2866 curat
1192 2817 1298 2882 prae·
1347 2844 1351 2851 -

129 2922 234 2988 verdae
244 2924 405 2997 erimina,
422 2931 455 2989 et
476 2925 554 2990 hinc
577 2927 730 3010 competit
746 2926 918 3008 privative
942 2924 1037 2991 iudici
1054 2924 1218 2989 ordinario
1242 2943 1298 2988 seu

131 3043 298 3134 Episcopis,
315 3055 349 3115 et
371 3051 448 3134 ipsis
471 3053 624 3135 competit
646 3053 677 3114 vi
700 3051 932 3116 iurisdictionis
955 3050 1178 3119 uoluntariae.
1204 3067 1298 3133 quem

129 3172 318 3250 potissimum
350 3182 510 3239 exercent-
539 3165 574 3238 iu
603 3194 700 3240 sacra
726 3174 883 3241 dioecesis
906 3176 1108 3249 visitationm
1141 3194 1298 3258 quamque

130 3299 235 3376 partim
268 3298 422 3384 delegare
449 3305 592 3385 possunt.
617 3304 651 3364 et
677 3301 808 3385 planum
835 3306 893 3367 est.
920 3335 938 3349 ·
964 3299 1129 3383 Specialis
1157 3319 1236 3364 vero
1267 3309 1298 3364 et

129 3423 375 3505 specialissima,
392 3426 544 3490 nimirum
560 3427 723 3509 inquisitio
738 3426 865 3492 directa
884 3425 924 3491 ad
940 3427 1065 3491 crimen
1082 3423 1296 3510 detegendum

130 3544 253 3629 eiusque
275 3555 452 3616 auctorem.
477 3552 630 3634 competit
649 3570 709 3634 per
729 3569 773 3630 se,
792 3551 998 3617 cumulatior
1019 3557 1085 3614 ium
1109 3550 1206 3614 iudici
1230 3553 1296 3614 tum

130 3674 295 3749 promoturi
331 3671 450 3752 fiscali,
474 3675 592 3758 quippe
615 3674 722 3738 nullus
744 3681 853 3740 textus
880 3677 912 3738 in
939 3677 1011 3739 iure
1041 3675 1181 3740 habetur
1207 3673 1295 3738 adiu-

130 3789 229 3861 dicans
261 3796 431 3880 privative
461 3800 637 3881 promotori
666 3799 821 3864 eiusmodi
845 3801 1101 3884 inquisitionem
1125 3819 1164 3864 eo
1194 3801 1296 3884 magis

204 4007 245 4074 (l)
262 4005 396 4060 Nonnulli
413 4006 467 4059 DD.
480 4009 634 4076 specialem
647 4016 749 4062 vocant
762 4012 892 4076 mixtam,-
909 4021 938 4064 ot
950 4012 1181 4080 specialissimam
1195 4003 1295 4064 voca'nt

129 4115 281 4177 specialem:
301 4115 335 4166 cf.
350 4115 437 4168 Bouix
458 4115 477 4166 l.
491 4133 513 4168 c.
526 4134 554 4184 p.
569 4117 611 4168 60
630 4118 676 4169 ubi
696 4118 800 4170 citatur
814 4118 924 4171 Lessius
944 4118 989 4188 qui
1004 4120 1121 4170 mixtam
1138 4119 1178 4171 ita
1190 4118 1295 4173 definit:
1354 4093 1361 4112 ⁹

129 4228 143 4268 ‹
158 4219 243 4274 Tertia
256 4231 299 4276 eat
317 4237 408 4275 mm
422 4224 534 4292 wando
549 4224 597 4275 ael
608 4225 700 4277 sclam
713 4228 820 4280 cmmen
833 4236 875 4279 est
886 4227 1019 4296 speciale,
1031 4227 1078 4281 vel
1091 4228 1153 4281 sola
1165 4244 1295 4297 persona:

129 4333 160 4385 ut,
175 4332 234 4396 qais
254 4331 359 4398 fecerit
381 4320 466 4387 istud
482 4332 679 4384 homicidium:
697 4350 734 4384 aa
754 4333 854 4386 Petrus
879 4343 972 4388 servet
990 4343 1091 4388 matuta
1112 4337 1159 4389 oei
1179 4337 1294 4390 ordiun-

130 4431 204 4486 tianea
220 4435 373 4503 eyrtodalea
384 4450 409 4491 ».
