3350 5100
435 374 477 418 ns
502 373 642 419 romeus
666 373 908 420 curumumsus
934 375 968 420 rs
992 374 1109 446 secors
1295 355 1360 420 527

184 499 291 563 dinem
315 497 432 561 iamdiu
456 497 599 561 inolitam
623 497 752 582 petendi
776 519 796 562 a
819 499 851 563 S.
869 497 951 562 Sede
966 498 1212 564 restitutionem
1227 500 1263 563 io
1278 499 1360 563 iute-

183 641 286 708 qrum
316 627 431 686 contra
464 621 588 706 lapsum
621 623 830 706 quinquenni.
865 625 909 686 At
939 621 1026 686 hene
1052 641 1181 687 causam
1214 631 1363 686 reservat

180 748 351 832 privativo
374 747 491 810 iudicio
514 747 654 812 Suucme
677 746 781 827 Sedis,
805 747 898 811 cuius
923 747 964 811 sit
987 745 1131 812 iudicare
1154 747 1194 812 de
1217 745 1363 834 probabi·

182 871 267 938 libus
290 871 467 938 rationibus
493 870 693 936 concedendi
725 874 857 956 petitam
882 873 1119 937 restitutionem
1151 891 1193 936 ex
1216 872 1361 937 consulto
1428 917 1430 924 -

183 996 237 1062 vel
256 997 393 1061 alicuius
412 995 599 1060 ordinariae
613 996 666 1060 uel
688 995 971 1061 extraordinariae
988 997 1263 1082 Congregatiouis,
1280 1016 1362 1079 quae

182 1125 270 1188 inest
285 1124 485 1190 ordinarium
508 1141 695 1206 processum
712 1121 907 1203 iudicialem,
921 1123 1013 1188 iuxta
1029 1122 1166 1186 formam
1183 1141 1242 1207 pro
1257 1123 1362 1188 causis

182 1249 337 1313 nullitetis
353 1247 561 1333 professionis
576 1249 793 1328 constitutam,
806 1247 1007 1332 proindeque
1025 1266 1088 1310 uon
1104 1247 1167 1312 uni
1182 1248 1361 1314 sententiae

182 1373 360 1440 huiusmodi
395 1374 628 1438 restitutionem
661 1372 851 1437 concedenti
881 1369 1150 1456 acquiescendum
1183 1389 1275 1445 esse;
1305 1371 1361 1436 sed

183 1499 343 1566 defensori
360 1498 580 1583 xprofessionis
603 1497 644 1562 ab
667 1497 730 1562 hac
752 1496 980 1582 appellandum
1006 1515 1077 1562 esse
1102 1502 1134 1561 et
1165 1496 1363 1562 solummodo

81 1598 89 1619 ’
182 1630 253 1712 post
264 1625 409 1691 atteram
424 1623 617 1687 seutentiam
635 1622 735 1706 priori
753 1620 964 1692 conformem,
979 1622 1213 1686 restitutionem
1230 1623 1360 1706 petitam

183 1749 327 1815 concedi.

272 1872 400 1938 416.1n
416 1873 514 1937 citata
526 1870 620 1935 Bulla
635 1869 790 1934 Pontifex
801 1870 996 1936 determinat
1012 1872 1139 1954 quinem
1158 1871 1199 1934 sit
1215 1871 1362 1958 superior

183 1997 357 2080 Regulsris
380 1997 433 2080 qui
449 2015 521 2060 cum
535 1995 695 2080 Episcopo
710 1993 854 2060 iudicare
871 1994 982 2060 debet:
1000 2015 1056 2060 seu
1073 1995 1176 2079 quoad
1194 1995 1362 2080 religiosos

182 2117 270 2181 viros
294 2137 374 2182 esse.
394 2152 411 2164 -
431 2138 450 2177 ‹
467 2165 519 2180 .....
536 2119 738 2200 superiorem
769 2117 925 2190 localem,
950 2118 1101 2181 nimirum
1126 2117 1284 2182 Abbatem
1308 2116 1360 2181 vel

183 2241 403 2307 Guardiauum
427 2244 496 2305 sive
521 2243 670 2305 Priorem
694 2247 749 2307 aut
772 2243 835 2306 alio
860 2261 1060 2326 quocumque
1087 2244 1215 2306 nomine
1238 2261 1360 2305 nuncu·

182 2375 301 2455 patum,
316 2368 549 2452 Praepositum,
563 2387 622 2430 seu
640 2367 813 2432 Rectorem
829 2367 915 2430 illius
931 2367 1117 2430 monasterii
1133 2371 1187 2430 aut
1205 2364 1361 2446 coenobii,

181 2491 215 2557 in
237 2512 301 2577 quo
325 2492 506 2559 reclamans
528 2492 764 2577 professionem
789 2492 930 2555 emisit»
949 2525 967 2538 ·
984 2489 1086 2575 quoad
1112 2490 1279 2575 religiosus
1296 2489 1360 2555 foe·

181 2621 295 2700 minas,
316 2618 414 2683 iudex
437 2624 484 2682 est
500 2619 587 2683 solus
601 2618 789 2703 Episcopus,
806 2618 831 2681 si
849 2616 958 2681 nullus
983 2619 1023 2681 sit
1046 2635 1158 2680 earum
1180 2616 1361 2701 Religiosus

181 2742 350 2827 Superior3
374 2762 469 2806 secus
493 2743 651 2826 Episcopo
677 2742 828 2806 adiicitur
852 2760 965 2805 earum
989 2740 1145 2825 Superior
1175 2740 1286 2805 localis
1309 2743 1360 2806 cui

182 2866 404 2931 concreditum
429 2874 478 2929 est
501 2868 688 2930 uuiversum
711 2867 897 2930 monasterii
922 2850 1080 2950 regimen.

272 2990 348 3054 417.
373 2991 419 3053 De
443 3009 597 3072 processu
622 2988 831 3063 conficiendo,
856 2992 888 3054 iu
914 2993 967 3055 cit.
993 2991 1096 3060 Bulla.
1117 2990 1262 3056 decernit
1281 2992 1362 3054 Pou-

182 3113 264 3177 tifex
280 3150 294 3160 ·
313 3133 330 3175 ‹
348 3112 506 3177 Voleutes
528 3118 627 3196 utque
650 3111 797 3178 districte
820 3113 1010 3178 mandantes
1033 3120 1068 3179 ut
1086 3114 1125 3179 ad
1150 3114 1362 3180 adstruendae

181 3236 386 3323 probationes
410 3237 443 3300 iu
466 3236 648 3302 huiusmodi
680 3238 785 3302 causis
816 3238 1002 3302 necessario
1026 3258 1123 3303 verus
1151 3245 1183 3303 et
1205 3238 1363 3304 iudicialis

182 3381 351 3447 processus
382 3362 512 3425 omniuo
543 3358 752 3435 conficiatur;
778 3362 810 3424 in
835 3381 898 3444 quo
921 3367 954 3427 et
984 3365 1111 3429 articuli
1145 3364 1361 3430 exhibeantur

182 3504 225 3550 ex
240 3491 334 3569 parte
348 3485 435 3548 illius
450 3485 504 3568 qui
528 3484 689 3549 adversus
705 3484 940 3570 professionem
956 3487 1039 3571 agit3
1063 3492 1095 3550 et
1111 3488 1362 3573 interrogatoria

181 3610 299 3673 deutur
321 3608 360 3673 ab
385 3628 424 3673 eu
447 3614 541 3694 parte
564 3629 646 3693 quae
664 3616 729 3675 stat
743 3629 802 3694 pro
826 3611 926 3695 ipsius
949 3610 1158 3695 professionis
1178 3612 1361 3687 validitate;

182 3738 215 3797 et
226 3739 326 3799 testes
339 3740 404 3798 tem
421 3755 519 3819 super
531 3735 680 3800 articulis
696 3755 790 3819 quam
807 3737 898 3800 iuxta
914 3734 1093 3803 huiusmodi
1110 3738 1362 3821 interrogatoria

182 3861 429 3935 examinentur;
452 3866 550 3944 utque
573 3860 638 3925 hac
661 3861 767 3925 forma
790 3880 856 3924 uon
880 3866 1020 3941 servata,
1045 3880 1215 3945 processus
1237 3864 1306 3948 ipse
1329 3866 1362 3927 et

181 3984 342 4047 sententia
373 3984 596 4069 dependenter
618 3985 660 4049 ab
684 4006 723 4049 eo
750 3985 878 4069 prolata
905 3984 1074 4050 insanabili
1105 3986 1261 4051 nullitstis
1283 3988 1361 4051 vitio

180 4127 337 4173 corruere
368 4114 558 4189 censeatur3
588 4109 681 4173 salva
708 4111 804 4173 etiam
836 4108 1043 4193 dispositione
1074 4110 1154 4175 iuris
1185 4114 1361 4175 communis

182 4230 286 4314 quoad
310 4231 374 4295 alia
396 4230 554 4296 nullitatis
577 4233 685 4316 capita
700 4234 726 4295 si
743 4252 825 4317 quse
850 4232 935 4297 forte
960 4234 991 4296 in
1009 4235 1075 4319 ipse
1093 4254 1263 4318 processus
1278 4256 1361 4299 com-

181 4351 321 4435 pletione
345 4352 629 4416 intervenerint»,
655 4353 735 4416 Item
760 4354 879 4417 excit.
905 4352 1007 4425 Bulla,
1032 4353 1071 4419 ad
1095 4354 1310 4419 attestandum
1326 4356 1358 4419 in

182 4474 360 4540 huiusmodi
385 4493 539 4560 processu
571 4475 665 4538 citari
691 4474 823 4546 debent,
850 4480 915 4541 tum
939 4474 1127 4543 defensores
1156 4481 1358 4549 monasterii.
