3350 5100
374 284 441 349 276
887 304 971 351 rans
995 302 1030 351 11.

463 424 588 490 Verum
611 432 661 490 ast
682 425 889 491 adnotatione
913 425 1028 511 dignus
1050 425 1208 489 articulus
1236 425 1277 489 16
1300 424 1352 489 eit.
1370 426 1448 489 lnst.
1462 424 1493 489 S.
1510 424 1542 491 G.

375 549 443 613 EE.
466 554 500 614 et
523 550 592 614 itit.
618 551 663 615 ita
684 555 869 635 conceptus.
897 572 916 611 ι
931 550 987 615 Aa
1009 550 1227 615 retinendum
1243 554 1356 615 autern
1378 550 1415 613 in
1437 548 1543 629 specie

373 670 638 753 eittpabztitatem
660 672 811 738 accusati
825 690 912 754 opus
928 671 1192 755 adprobatione
1208 690 1342 751 uncam,
1358 688 1447 752 quae
1463 670 1541 736 tatia

374 797 546 863 continere
559 796 655 863 debet
669 798 832 863 elementa
848 804 885 862 nt
900 798 1076 863 veritatem
1091 798 1222 865 evincat
1236 806 1296 862 aut
1308 799 1428 863 satiem
1447 796 1542 861 indu-

374 925 428 985 cat
442 921 610 986 moralem
624 920 871 995 certitudinem,
884 926 1014 987 remoto
1030 922 1067 987 in
1082 922 1296 988 eontrarium
1311 920 1430 1005 quovis
1442 919 1544 985 ratio·

373 1043 480 1110 nubiti
494 1044 596 1113 dubio
612 1067 644 1109 ›.
661 1044 710 1110 Re
725 1043 853 1128 quidem
868 1064 958 1127 vera,
968 1044 1093 1111 exinde
1108 1047 1237 1111 videtur
1252 1045 1452 1130 expostulari
1463 1063 1543 1127 pro-

375 1169 464 1237 batio
486 1171 614 1257 manin.
638 1172 793 1255 quocirca
814 1177 924 1256 posset
952 1169 1060 1237 induci
1083 1172 1257 1245 conclusio,
1282 1173 1409 1256 exquiri
1438 1170 1544 1256 proba·

374 1298 494 1361 tionem
515 1297 556 1361 ad
580 1314 728 1361 normam
749 1298 933 1381 systematis
952 1296 1168 1380 probationis
1187 1296 1317 1383 tegatis.
1335 1332 1347 1345 ·
1364 1299 1408 1361 At
1431 1295 1543 1360 nedum
1628 1290 1629 1373 ζ

374 1422 424 1484 ius
446 1440 615 1485 commune
637 1422 828 1485 canonicum
851 1420 935 1486 istud
964 1420 1116 1493 excludit
1141 1420 1197 1487 sed
1220 1422 1288 1505 ipse
1318 1424 1430 1485 textus
1455 1419 1544 1483 huius

374 1546 503 1611 articuli
526 1545 668 1609 intimius
690 1546 851 1630 perspecti
868 1544 1051 1629 persuadet.
1068 1546 1122 1610 bic
1138 1546 1297 1611 inculcari
1312 1551 1457 1630 systema
1472 1544 1544 1608 inii·

374 1686 452 1734 mae
469 1668 705 1751 persuasionis
720 1688 794 1733 cum
809 1667 1028 1734 moderamine
1045 1676 1151 1734 mmen
1167 1668 1253 1734 illius
1270 1669 1415 1754 regulae,
1434 1686 1541 1751 nempe

373 1796 580 1861 attendenda
602 1813 673 1861 esse
695 1803 773 1860 aeta
795 1800 827 1860 et
845 1794 1003 1877 probata.
1032 1796 1110 1859 Nam
1138 1794 1192 1859 illa
1219 1792 1316 1860 dictio
1333 1830 1344 1841 ·
1362 1812 1451 1877 opus
1481 1812 1544 1858 esse

374 1919 574 2002 probatione
596 1919 699 2006 legati
714 1956 726 1966 -
743 1920 928 2004 explicatur
958 1940 1017 2004 per
1047 1918 1274 2004 subsequentia
1296 1918 1416 1992 verba,
1441 1918 1545 1983 videli-

375 2051 428 2111 cet
449 2064 510 2130 per
531 2045 616 2109 hanc
640 2042 783 2130 tapetem
803 2044 1043 2127 probationem
1058 2044 1194 2130 intelligi
1209 2045 1288 2111 talia
1304 2045 1476 2117 elementa,
1493 2062 1543 2109 seu

382 2175 459 2235 acta
483 2175 516 2235 et
534 2168 692 2252 probata,
716 2188 800 2254 quae
829 2170 1002 2235 veritatem
1026 2170 1191 2240 evincant.
1218 2168 1370 2235 videlicet
1393 2170 1544 2236 evincant

375 2296 464 2379 quasi
477 2292 518 2359 ad
529 2294 734 2360 euidentiam
748 2300 804 2359 aut
819 2294 933 2361 saltem
950 2294 1105 2361 inducant
1119 2296 1286 2362 moralem
1302 2294 1541 2362 certitudinem.

376 2413 458 2493 Quia
469 2419 552 2485 haee
564 2417 710 2503 probatio
721 2418 841 2504 tepolis
854 2418 1002 2484 ordinata
1015 2422 1073 2493 est,
1084 2420 1110 2483 si
1124 2438 1188 2483 non
1200 2418 1239 2484 ad
1252 2420 1458 2485 evidentiam
1469 2438 1544 2483 com

375 2545 561 2632 parandam.
586 2545 699 2610 saltem
723 2542 764 2609 ad
790 2543 985 2629 gignendam
1009 2544 1176 2612 moralem
1199 2546 1444 2623 certitudinem
1471 2565 1541 2632 ergo

375 2679 517 2760 systema
539 2673 601 2737 hoc
626 2677 831 2755 nuncupatur
854 2671 993 2746 intimae
1012 2673 1256 2755 persuasionis,
1273 2672 1489 2740 desumendae
1504 2695 1542 2738 ex

375 2797 587 2885 argumentis
608 2796 766 2881 legitimis
788 2815 845 2860 seu
869 2815 915 2862 em
937 2797 1020 2862 actis
1044 2802 1076 2862 et
1095 2797 1261 2880 probatis.
1283 2799 1331 2865 of.
1353 2799 1430 2866 Cod.
1449 2801 1539 2882 Greg.
1630 2867 1631 2874 χ

375 2925 428 2988 eit.
452 2927 516 2986 art.
542 2919 623 2984 ate.
648 2920 748 2986 -Sed
774 2919 868 2985 modo
900 2925 1043 3004 praestat
1070 2922 1133 2986 hoc
1157 2928 1308 3007 systema,
1334 2923 1409 2989 data
1440 2941 1540 3008 opera,

374 3046 552 3132 explicare.

465 3169 540 3234 207.
564 3169 667 3235 Iudex
690 3170 743 3253 qui
767 3169 807 3234 de
830 3189 868 3235 re
892 3175 1105 3237 controversa
1132 3177 1286 3238 versatur
1315 3173 1348 3238 in
1379 3177 1464 3238 statu
1494 3176 1542 3237 aut

375 3295 579 3380 ignorantiae
601 3298 657 3360 aut
678 3292 763 3358 dubii
787 3299 821 3359 et
843 3292 884 3358 ad
898 3293 899 3298 ’
912 3299 1028 3362 statum
1060 3294 1271 3361 certitudinis
1302 3297 1446 3363 moratis
1474 3315 1539 3382 pro·

375 3426 468 3507 perat
490 3439 549 3506 per
564 3419 740 3502 exquisitas
754 3417 971 3502 probationes,
988 3437 1053 3484 non
1068 3419 1167 3485 semel
1185 3440 1202 3484 e
1218 3419 1460 3505 probationibus
1482 3440 1540 3484 non

375 3545 501 3630 plenam
524 3539 752 3606 certitudinem
775 3539 830 3605 sed
853 3539 992 3624 aliquam
1024 3541 1133 3607 haurit
1163 3541 1388 3610 certitudinem
1412 3545 1539 3610 coniun-

374 3675 459 3736 ctam
482 3687 556 3734 cum
580 3665 750 3731 formidine
772 3667 919 3752 oppositi,
943 3687 1000 3733 seu
1019 3667 1313 3752 probabilitatem;
1336 3671 1485 3754 quocirca
1500 3689 1537 3733 ex

373 3791 476 3878 gradu
499 3787 702 3856 certitudinis
725 3807 819 3871 quam
850 3789 945 3872 parit,
978 3789 1124 3873 probatio
1152 3796 1201 3857 est
1230 3793 1336 3875 plena
1367 3799 1423 3859 aut
1452 3791 1538 3860 rent-

371 3915 487 3999 plena.

460 4037 535 4102 208.
553 4038 596 4101 At
612 4037 645 4100 in
660 4035 866 4101 aestimandis
882 4035 1123 4120 probationibus
1142 4039 1254 4122 plenis
1269 4045 1325 4107 aut
1340 4039 1534 4125 semiplenis,

374 4165 513 4228 maxime
536 4163 570 4225 in
594 4181 630 4225 re
654 4159 824 4235 criminali,
841 4159 963 4244 duplex
978 4163 1118 4246 suppetit
1133 4168 1284 4248 systema,
1301 4163 1439 4230 alterum
1461 4160 1534 4248 quod

375 4287 492 4351 (licitur
511 4283 723 4368 probationis
746 4283 873 4369 tegatis,
892 4283 1030 4348 alterum
1047 4283 1130 4368 quod
1154 4286 1294 4354 intimae
1311 4289 1456 4356 hominis
1469 4287 1532 4373 (sci-

374 4413 451 4478 licet
473 4409 606 4492 indicis)
627 4409 861 4492 persuasionis
884 4409 980 4476 audit.
