3350 5100
339 288 405 354 428
853 304 936 354 raas
960 304 1010 351 111.

429 429 502 514 lpse
526 433 710 502 contumax,
729 433 909 512 praeterea,
934 429 1062 494 ratione
1085 424 1241 505 criminis,
1257 422 1299 490 de
1321 442 1385 507 quo
1407 429 1510 508 postu·

338 554 434 624 latur,
452 554 478 616 ai
494 551 700 638 probationes
715 550 756 617 ab
779 556 971 618 accusatore
986 549 1145 616 deductae
1160 548 1308 614 eumdem
1325 547 1365 612 de
1383 547 1512 613 crimine

339 680 544 750 convincant,
557 696 597 742 ea
609 697 713 762 poena
728 677 913 750 mulctatur,
926 697 986 763 per
1002 655 1196 743 sententiam
1207 674 1510 754 condemnatoriam,

339 821 434 886 quam
457 803 580 868 crimen
605 807 758 868 meretur.
770 803 898 868 -Tamen
913 804 989 886 quia
1004 801 1206 868 necessarius
1220 802 1307 865 inest
1321 799 1469 868 deiocus
1481 802 1512 864 in

338 927 559 1012 processum
584 929 632 993 rei
655 927 842 1008 absentiam,
863 930 909 992 ita
930 928 1020 1014 leges
1042 928 1155 992 civiles
1177 945 1313 1010 poenam
1338 925 1513 1008 capitalem

338 1049 372 1114 in
395 1031 603 1116 contumaces
625 1069 690 1116 non
710 1052 819 1116 sinunt
842 1050 934 1131 terri,
958 1057 992 1117 et
1013 1068 1155 1116 canones
1178 1048 1462 1135 depredationem
1482 1049 1513 1111 in

338 1174 477 1240 clericos
501 1181 715 1240 contumaces.
742 1174 930 1260 Pellegrini,
954 1174 1007 1241 cit.
1032 1179 1109 1240 sect.
1142 1172 1218 1244 Vll,
1240 1193 1275 1237 n.
1299 1170 1360 1237 24.

428 1299 504 1365 371.
531 1300 624 1366 Ratio
647 1298 842 1385 procedendi
857 1301 892 1364 in
907 1305 1113 1366 contumaces
1137 1299 1221 1363 haec
1243 1304 1303 1362 est.
1329 1297 1380 1362 Ad
1396 1299 1513 1362 iustam

338 1425 414 1490 tiam
438 1426 507 1490 sive
526 1425 656 1507 privati
679 1427 747 1490 sive
766 1424 898 1509 publici
919 1426 1130 1498 accusatoris,
1153 1425 1223 1489 sive
1245 1422 1361 1489 iudicis
1385 1443 1428 1487 ex
1450 1422 1514 1506 offi-

338 1550 399 1622 cio,
424 1549 610 1634 proceditur
636 1549 677 1615 ad
702 1551 767 1617 litis
797 1550 1073 1634 prosecutionem
1100 1555 1133 1615 et
1154 1548 1399 1634 defimaonem,
1423 1554 1514 1612 antea

336 1672 410 1738 latis
433 1675 590 1755 censuris,
614 1679 671 1754 aut
700 1675 812 1761 poenis
842 1674 883 1739 ad
915 1672 1180 1758 compescendam
1210 1672 1458 1745 contumaciam,
1488 1672 1514 1735 si

337 1816 431 1862 casus
454 1797 549 1879 ferat,
565 1799 672 1883 prouti
696 1817 796 1882 supra
812 1798 1054 1884 explicavimus.
1072 1798 1152 1891 litia
1173 1798 1369 1865 contestatio
1390 1816 1455 1862 non
1470 1794 1512 1867 fii,
1623 1766 1624 1837 3

337 1921 394 1988 sed
419 1923 677 2008 aequipollenter
697 1943 743 1990 ca·
766 1923 875 2008 officio
907 1923 1116 1989 determinari
1143 1923 1239 1989 debat
1267 1922 1428 1988 obiectum
1453 1921 1515 1986 litis

338 2047 443 2129 prouti
459 2046 599 2132 erumpit
614 2065 656 2112 ex
671 2047 877 2130 inquisitione
893 2045 1083 2131 praehabita
1098 2045 1253 2110 citationi.
1266 2016 1394 2110 Verum
1409 2044 1515 2116 iudex,

337 2173 510 2252 antequam
540 2168 693 2253 procedat
723 2168 765 2235 ad
795 2170 980 2254 instantiam
1011 2170 1211 2234 accusatoris
1240 2174 1297 2234 ant
1323 2170 1516 2254 promotor-is

338 2291 416 2367 lise,
440 2293 480 2358 ad
503 2291 793 2376 determinandum,
817 2313 861 2359 ex
883 2292 997 2365 officio,
1023 2295 1089 2358 litis
1111 2292 1282 2366 obiectum,
1309 2292 1384 2357 loco
1411 2298 1516 2359 conte·

273 2497 275 2502 ,
336 2419 500 2500 stationis,
518 2419 724 2504 expostulare
748 2418 845 2486 debet
867 2424 903 2484 ut
925 2419 1016 2484 clare
1034 2424 1162 2486 constet
1175 2420 1284 2484 omnia
1298 2418 1431 2504 expieta
1446 2438 1515 2483 ease

337 2551 410 2610 acta
431 2541 517 2609 unde
540 2541 695 2629 probatur
719 2544 767 2609 rei
790 2543 994 2609 contumacia
1015 2548 1048 2609 at
1071 2544 1288 2629 potissimum..
1303 2543 1365 2607 nisi
1389 2544 1514 2628 gravis·

338 2671 437 2734 simae
467 2668 595 2734 obstent
620 2671 773 2743 rationes,
798 2689 890 2735 reum
919 2670 952 2734 in
982 2668 1092 2734 libello
1123 2667 1291 2736 citationis
1318 2668 1513 2734 admonitum

337 2793 436 2859 fuisse
458 2794 499 2860 de
522 2795 646 2862 obiecto
662 2795 898 2861 accusationis.
915 2794 966 2859 lta
982 2794 1118 2880 probata
1133 2795 1347 2865 contumacia,
1363 2800 1514 2859 accusem

337 2917 508 3001 deputatur
530 2918 742 2984 defensorem
758 2916 878 3002 officio,
896 2919 987 2983 ouius
1011 2924 1059 2983 est
1081 2916 1237 2982 adiuvare
1260 2915 1399 2982 iudicem
1419 2916 1516 2999 inqui-

335 3049 463 3109 rentem
486 3049 688 3130 argnmenta,
705 3062 788 3128 quae
813 3062 870 3108 reo
893 3060 1019 3127 quoque
1042 3038 1274 3127 suffragantur.
1291 3040 1398 3115 Quum
1421 3040 1516 3106 iudici

336 3168 496 3249 videatur,
520 3188 690 3253 processus
712 3175 780 3234 tum
804 3168 995 3253 offerisiorcs,
1012 3173 1081 3232 tum
1103 3166 1298 3249 &fennena
1316 3168 1395 3231 satis
1419 3166 1516 3231 fuisse
1623 3159 1624 3162 ’

337 3294 521 3367 instructus,
546 3292 612 3358 edit
625 3294 817 3359 sententiani
842 3293 911 3357 sive
933 3292 1171 3363 absolutorium,
1195 3293 1265 3356 sive
1287 3290 1515 3356 condemnato·
1623 3377 1624 3382 ἵ

338 3419 437 3494 riam;
462 3424 494 3483 et
514 3419 599 3483 hanc
623 3416 804 3485 omnimode
828 3424 922 3483 curat
945 3417 1135 3483 denunciari
1158 3437 1225 3482 reo.
1250 3417 1313 3492 Qui
1335 3417 1362 3482 si
1386 3436 1514 3502 compa·
1623 3391 1624 3476 i

337 3550 410 3609 reat
440 3548 472 3607 et
501 3544 590 3610 serio
614 3542 754 3629 probare
778 3542 922 3608 intendat
950 3562 1040 3607 suam
1067 3543 1292 3615 innocentiam,
1321 3548 1388 3606 tum
1413 3540 1514 3625 quoad

337 3669 462 3733 crimen
478 3668 710 3749 contumaciae,
724 3674 790 3733 tum
807 3665 912 3751 quoad
927 3667 1051 3733 crimen
1068 3666 1292 3752 principaliter
1307 3671 1513 3747 acaunum,
1623 3701 1624 3772 ,

336 3792 513 3858 audiendus
544 3797 594 3859 est
624 3797 656 3859 et
677 3791 904 3865 absolvendus,
929 3792 957 3856 si
983 3796 1156 3874 utrumqne
1183 3790 1308 3877 probet.
1339 3791 1373 3856 si
1403 3790 1513 3874 probet

336 3922 472 4005 mutum,
495 3936 530 3983 se
552 3937 573 3983 a
596 3918 732 3982 crimine
755 3922 907 3983 accusato
930 3935 1003 3981 esse
1027 3918 1210 3991 immunem,
1226 3914 1283 3981 sed
1306 3933 1371 3980 non
1394 3933 1416 3980 a
1438 3934 1513 3980 con·

334 4043 483 4115 tumacia,
516 4040 694 4127 puniendus
718 4046 768 4106 est
794 4044 918 4105 tantum
942 4040 981 4106 ob
1004 4039 1251 4105 contumaciam.
1277 4072 1294 4087 -
1320 4039 1464 4123 Denique
1486 4039 1511 4103 si
1559 4050 1563 4058 ⁴

336 4169 489 4234 evincere
512 4172 634 4235 mnium
658 4168 765 4233 valeat
788 4187 822 4231 se
847 4186 910 4233 non
930 4164 1030 4233 fuisse
1045 4170 1278 4239 contumacem,
1296 4165 1414 4250 quippe
1435 4162 1511 4248 legi·

336 4296 412 4359 timo
430 4292 658 4378 impedimento
674 4293 849 4373 detentum,
862 4292 1031 4379 quominus
1046 4290 1193 4357 citationi
1205 4288 1427 4374 responderet,
1440 4307 1508 4373 pro·

336 4438 444 4483 cessus
473 4419 588 4483 iterum
616 4418 771 4501 aperitur,
801 4421 833 4481 et
860 4417 1066 4501 excipiuntur
1090 4416 1139 4480 rei
1160 4414 1382 4499 allegationes,
1405 4417 1508 4478 tamen
