3350 5100
509 316 552 362 DE
576 314 714 361 tumetis
737 313 991 366 calamannus,

652 655 765 722 Garun
785 657 847 720 ΙΙΙ.

352 865 397 918 DE
423 865 636 931 accusatis,
665 866 923 935 DENUNClATlS,
949 867 1148 930 lNQUlSl'l'lS.

158 1094 375 1152 &mrim
402 1126 438 1138 -
468 1099 525 1152 145.
551 1099 610 1152 Hac
636 1100 806 1154 tractatione
834 1100 929 1169 agitur
947 1099 981 1154 de
1000 1117 1059 1155 reo.
1088 1129 1120 1142 -
1153 1101 1210 1156 146.
1233 1102 1336 1156 Distin-

243 1211 372 1268 guantur
391 1213 522 1266 accusata,
539 1203 709 1270 denunciati,
729 1203 863 1274 inquisiti,
881 1204 948 1273 quia
967 1202 993 1257 hi
1014 1205 1198 1259 diversimode
1217 1207 1244 1259 in
1264 1207 1337 1260 iudi-

242 1309 321 1362 cium
340 1311 496 1379 rapiuntur.
516 1310 635 1364 Ponitur
652 1311 864 1366 isrodamentum
877 1311 1071 1366 distinctionis.
1090 1341 1127 1354 -
1147 1313 1204 1368 147.
1219 1313 1336 1376 Quinem

242 1418 373 1470 accusari
397 1418 512 1487 possint.
540 1446 575 1458 -
606 1417 665 1470 148.
687 1417 787 1472 Utrum
812 1419 986 1472 accusationi
1013 1419 1216 1488 praemittenda
1239 1421 1277 1474 ait
1301 1423 1336 1476 ab
1415 1409 1418 1416 ¹

244 1531 411 1578 accusatore
424 1527 540 1579 monitio
554 1527 728 1579 charitative.
747 1553 781 1566 -
805 1527 862 1580 149.
882 1524 1001 1587 Quinem
1013 1526 1174 1581 denunciari
1194 1529 1308 1598 possint.
1321 1560 1338 1570 -

243 1631 381 1685 Habenda
399 1635 443 1685 est
460 1633 533 1686 ratio
553 1638 612 1686 tum
631 1632 757 1687 diversae
770 1633 872 1702 speciei
886 1633 1116 1698 denunciationis,
1128 1639 1186 1687 tum
1200 1635 1336 1702 criminis,

243 1737 318 1808 quod
344 1739 367 1790 si
396 1743 439 1791 est
462 1737 616 1803 occultum,
644 1739 817 1794 iudicialiter
845 1755 900 1793 non
928 1739 1121 1804 denunciatur,
1139 1745 1169 1794 at
1187 1741 1338 1812 aliquando

243 1845 470 1899 denunciandum
489 1851 533 1900 est
551 1849 692 1901 canonice.
718 1875 754 1888 -
784 1845 1099 1907 recommonens
1119 1849 1225 1916 possint
1247 1849 1338 1920 inqui-

244 1953 350 2006 sitioni.
371 1981 384 1994 -
405 1953 625 2021 Distinguendae
643 1960 709 2007 sunt
731 1953 857 2008 diversae
875 1953 983 2022 species
1001 1955 1193 2023 inquisitionis.

245 2187 322 2252 145.
346 2186 585 2253 ‘tractationem
602 2186 643 2252 de
657 2193 849 2252 accusatore
864 2205 921 2252 seu
939 2187 979 2252 de
994 2191 1109 2253 actone
1125 2187 1246 2272 excipit
1269 2195 1335 2254 tra-

158 2312 254 2375 ctatio
277 2311 319 2375 de
341 2319 503 2383 acauno,
528 2312 731 2394 denunciato,
755 2317 812 2377 aut
834 2313 994 2395 inquisito,
1022 2314 1173 2378 nimirum
1201 2312 1241 2378 de
1263 2331 1333 2380 reo.

157 2433 196 2499 Et
216 2435 273 2500 hic
295 2454 498 2519 quacumque
521 2435 583 2508 via,
608 2456 725 2521 nempe
747 2438 972 2516 accusationis,
989 2436 1254 2509 denunciationis,
1279 2443 1335 2502 aut

157 2562 369 2645 inquisitionis
391 2563 603 2648 pertrahatur
626 2565 659 2627 in
680 2563 841 2643 iudicium,
861 2569 910 2629 est
928 2582 1008 2629 raus
1023 2568 1214 2636 conuentus.
1232 2584 1252 2627 a
1267 2582 1333 2627 mo-

157 2694 262 2751 mento
285 2706 350 2771 quo
377 2687 486 2762 iudea,
511 2706 572 2773 per
600 2688 762 2753 citationis
788 2687 974 2760 decretum,
998 2687 1145 2751 eumdem
1177 2692 1336 2755 convocat

156 2810 195 2875 ad
216 2833 310 2878 snum
332 2812 477 2877 tribunal
500 2818 535 2879 ut
559 2812 669 2879 audiat
690 2833 726 2877 se
748 2812 959 2877 condemnari
984 2814 1016 2875 in
1040 2816 1164 2877 certam
1184 2830 1332 2897 poenam,

157 2938 214 2999 nisi
236 2958 271 3002 se
294 2936 449 3004 defendat
464 2936 504 3001 ab
528 2940 730 3023 argumentis
750 2938 967 3004 emanationis
981 2938 1016 3001 in
1032 2956 1104 3001 eum
1121 2937 1266 3003 collectis
1279 2936 1333 3002 vel

157 3080 213 3143 per
233 3062 339 3145 ipsum
361 3067 594 3135 accusatorem,
612 3062 666 3126 vel
677 3082 737 3146 per
760 3062 1035 3134 denunciatum,
1049 3060 1102 3125 vel
1119 3079 1178 3145 per
1193 3061 1331 3127 iudicem

158 3186 386 3268 inquisitorem.
1355 3162 1358 3169 ’

242 3310 318 3374 146.
344 3310 396 3375 Ex
412 3329 552 3395 persona
569 3312 777 3379 aeneatoris
793 3311 970 3401 desumitur
986 3308 1170 3378 differentia
1185 3312 1271 3377 inter
1286 3312 1331 3375 di-

158 3452 263 3499 versas
286 3434 455 3499 methodos
470 3435 677 3519 procedendi.
694 3435 778 3519 quod
802 3437 864 3500 iam
881 3436 1096 3520 probavimus.
1113 3438 1166 3502 lus
1182 3438 1332 3535 ecclesia·

158 3558 268 3624 ancum
284 3558 442 3644 adoptare
456 3578 522 3623 non
538 3559 695 3625 dubitavit
710 3567 852 3646 systema
876 3562 1127 3628 accusatorium
1144 3582 1224 3626 rom.
1242 3561 1332 3625 nullo

159 3679 237 3746 iacto
260 3682 448 3747 discrimine
466 3702 510 3747 ex
525 3688 619 3768 parte
634 3686 844 3765 accusatoris,
861 3684 1015 3767 siquidem
1032 3686 1159 3751 admisit
1182 3685 1332 3750 nchones

159 3808 349 3873 criminales
367 3810 558 3891 populures
582 3815 802 3895 competentes
826 3810 948 3894 cuique
971 3810 1013 3875 de
1035 3810 1177 3893 populo.
1204 3810 1330 3873 Verum

159 3930 261 3997 habita
278 3935 405 3998 ratione
428 3952 643 4018 personarum
666 3936 699 3998 in
723 3932 875 3999 iudicium
899 3933 1204 4014 conveniendarum,
1217 3931 1331 4016 quibus

159 4056 308 4139 applicari
331 4055 450 4123 debent
478 4058 622 4123 remedia
644 4060 794 4144 poenalia
817 4059 951 4130 eccles,
983 4059 1090 4123 statim
1120 4056 1253 4122 suborta
1282 4064 1331 4123 est

161 4185 327 4248 necessitas
342 4181 528 4250 inflectendi
543 4204 731 4293 processum
755 4204 834 4249 rom.
852 4185 885 4249 in
901 4183 1086 4249 methodum
1109 4164 1211 4268 magis
1234 4202 1329 4248 acco-

161 4304 312 4369 modatam
331 4309 498 4391 systemati
515 4309 644 4392 poenali
661 4308 788 4379 eccles,
806 4309 898 4373 cuius
914 4311 963 4372 est
978 4325 1149 4390 quaerere,
1168 4308 1200 4371 in
1217 4308 1330 4392 primis

160 4430 408 4496 emendationem
432 4431 658 4515 delinquentis,
682 4433 789 4517 prouti
814 4433 878 4496 iam
901 4432 1076 4517 attigimus.
1102 4429 1150 4497 ef.
1167 4431 1242 4496 Vol.
1268 4433 1329 4513 ΙΙΙ,
