3350 5100
350 283 418 351 226
863 299 948 345 rans
979 298 1015 345 ιι.

349 428 448 511 glosa.
463 424 678 500 Quamobrem
702 425 771 489 sive
794 423 909 489 clerici
932 426 1000 488 sive
1024 422 1113 495 laici,
1138 422 1295 489 eiusmodi
1318 424 1455 487 crimina
1479 444 1531 507 pa·

345 556 471 615 trantes
498 550 641 614 obnoxia
672 550 822 634 potestati
854 550 1051 613 coercitivae
1082 547 1269 620 Ecclesiae,
1297 546 1433 613 subsunt
1461 549 1530 613 eius

346 676 583 759 competentiae
618 672 766 739 iudiciali
793 673 1029 737 determinatae
1062 672 1199 739 ratione
1233 672 1351 739 obiecti
1385 672 1443 756 (l).
1480 672 1528 737 Gt.

346 800 422 865 Vol.
446 802 472 873 l,
497 820 529 864 u.
554 799 621 864 319
644 819 691 882 sq.

435 926 480 989 At
501 925 535 987 in
553 942 592 988 re
607 923 769 989 criminali
788 924 828 988 ob
846 924 1015 988 relativam
1032 923 1237 1008 gravitatem,
1255 922 1433 987 nonnullae
1453 916 1548 987 σαφ’

344 1066 404 1114 sae
418 1049 615 1115 esminates
629 1054 843 1113 recensentur
859 1053 946 1114 inter
960 1046 1108 1114 maiores
1113 1068 1126 1129 ‚·
1143 1046 1297 1112 eiusmodi
1315 1054 1391 1112 sunt
1402 1066 1528 1113 causae

344 1172 540 1239 criminales
551 1174 787 1259 Episcoporum
800 1172 835 1238 C.
849 1174 884 1237 Τ.
898 1192 981 1256 quae
993 1190 1109 1257 nempe
1121 1172 1329 1255 depositione
1340 1176 1396 1236 aut
1404 1171 1527 1254 ρήυα·

342 1298 433 1365 tione
446 1297 565 1382 dignae
579 1303 665 1371 sunt,
678 1318 723 1362 ex
733 1318 813 1364 sess.
825 1297 885 1371 24,
899 1316 974 1380 cop.
988 1298 1012 1363 5
1026 1298 1075 1361 De
1089 1296 1158 1378 ref.
1166 1316 1181 1380 ;
1196 1302 1229 1362 et
1245 1298 1306 1361 bae
1323 1316 1438 1361 omnes
1453 1304 1530 1361 sunt

344 1425 503 1489 immunes
526 1423 567 1488 ab
590 1424 757 1488 ordinaria
787 1423 928 1488 iudicum
951 1422 1143 1487 inferiorum
1171 1424 1386 1506 competentia
1409 1425 1527 1507 quippe

342 1548 518 1613 attributae
534 1547 651 1613 iudicio
671 1548 763 1612 Rom.
777 1545 959 1637 *Pontificis
970 1582 987 1597 -
1003 1547 1161 1631 Reliquae
1178 1549 1264 1612 enim
1280 1566 1400 1612 causae
1416 1549 1524 1612 crimi-

344 1673 435 1737 nales
451 1674 685 1759 Episcoporum
701 1674 914 1737 aestimantur
936 1672 1188 1739 intermiseras
1208 1672 1394 1737 criminales
1411 1692 1526 1737 causas

342 1804 439 1881 atque
462 1799 496 1861 iu
519 1798 663 1863 Concilio
687 1802 812 1862 tantum
836 1797 1028 1883 provinciali
1052 1794 1180 1861 deliniri
1203 1796 1322 1863 debent
1345 1817 1388 1861 ex
1411 1796 1525 1861 eodem

342 1922 476 1988 decreto
499 1924 598 1989 Gonc.
620 1923 709 1987 Trid·
733 1942 812 1989 sess.
836 1922 896 2003 24,
921 1944 949 1989 c.
971 1922 995 1988 5
1020 1922 1069 1987 De
1090 1922 1156 2005 ref.
1183 1922 1288 1988 Hodie
1309 1942 1389 1987 vero
1414 1942 1525 1989 omnes

341 2047 495 2111 eiusmodi
519 2067 636 2114 causae
660 2048 871 2134 Episcopales
895 2052 1071 2115 censentur
1093 2048 1242 2115 oratores
1265 2054 1298 2113 et
1320 2052 1397 2113 sunt
1420 2068 1525 2113 reser-

341 2177 436 2236 vatae
459 2171 577 2237 iudicio
599 2172 632 2238 S.
656 2170 823 2239 Pontificis
849 2172 907 2255 (2).

434 2294 508 2361 161.
534 2296 715 2361 Praeterea
738 2297 865 2369 clerici,
891 2318 949 2383 per
972 2298 1177 2384 privilegium
1198 2296 1283 2381 sori,
1308 2318 1365 2363 seu
1388 2299 1523 2365 ratione

337 2439 571 2503 personarum
597 2422 779 2487 sortiuntur
809 2422 915 2487 forum
948 2422 1116 2488 Ecclesiae
1146 2424 1241 2488 etiam
1268 2424 1302 2487 in
1333 2422 1522 2489 criminibus

340 2544 491 2610 subiectis
517 2547 664 2631 potestati
693 2546 783 2613 civiti
806 2546 1014 2612 coercitivae.
1039 2545 1196 2632 Equidem
1224 2548 1256 2612 in
1283 2546 1346 2614 hoc
1374 2548 1521 2614 consistit

335 2671 557 2757 prioiteqium
579 2670 651 2753 fori
675 2677 711 2738 ut
731 2671 843 2737 clerici
868 2673 899 2736 in
916 2671 1136 2738 criminalibus
1164 2674 1301 2758 negotiis
1324 2672 1364 2738 ad
1389 2673 1519 2740 aurien

339 2801 529 2880 potestatem
544 2797 775 2882 spectantibus,
792 2799 972 2863 sortiantur
987 2798 1093 2862 forum
1106 2800 1230 2872 coclea,
1248 2804 1282 2863 et
1300 2799 1364 2864 hoc
1377 2819 1440 2886 par
1455 2802 1518 2885 pri-

338 2922 492 3006 vilegium
507 2941 565 2988 seu
575 2922 710 2989 ratione
719 2939 962 3005 personarum
978 2942 1052 2987 nam
1065 2922 1150 2994 dum,
1163 2943 1206 2989 ex
1219 2926 1379 2990 communi
1393 2927 1516 3011 regula,

337 3045 372 3123 in
396 3043 641 3110 determinando
663 3045 737 3110 foro
753 3047 933 3113 attenditur
955 3049 1058 3131 ipsum
1082 3047 1247 3115 obiectum
1273 3054 1518 3117 controversiae

339 3172 371 3230 et
387 3187 450 3230 non
468 3168 603 3252 qualitas
617 3188 788 3252 personae
804 3169 1036 3244 contendentis,
1054 3191 1113 3256 per
1133 3175 1357 3258 exceptionem
1372 3194 1431 3241 seu
1445 3179 1516 3259 pri-

337 3294 498 3380 eiteqium
520 3296 555 3360 in
574 3275 716 3378 clericis,
733 3297 774 3362 ob
790 3296 979 3382 dignitatem
1002 3297 1125 3364 ordinis
1149 3299 1319 3376 clericalis,
1336 3301 1517 3368 attenditur

425 3575 465 3642 (l)
484 3573 557 3631 Sane
576 3578 765 3646 competentia
782 3577 986 3634 determinatur
1003 3583 1112 3636 ratione
1131 3585 1243 3652 obiecti]
1257 3583 1304 3639 sed
1317 3584 1386 3639 haec
1406 3585 1521 3657 compe·'

334 3681 425 3734 tentia
442 3683 567 3736 exerceri
586 3686 679 3751 potest
697 3687 807 3738 tantuin
824 3687 856 3738 in
874 3687 996 3742 subditos
1014 3704 1063 3742 seu
1083 3688 1112 3742 in
1132 3689 1229 3744 fideles
1249 3693 1413 3762 baptizatos,
1430 3711 1515 3764 quare

335 3787 461 3841 Ecclesia
479 3789 585 3845 directe
603 3805 779 3860 compescere
797 3807 854 3846 non
873 3792 949 3849 valet
967 3794 1086 3850 crimina
1104 3795 1260 3850 infidelium
1279 3797 1324 3853 vel
1343 3800 1515 3854 cauchume·

335 3911 445 3948 norum.
459 3897 593 3951 Attamen
611 3897 641 3952 in
660 3915 719 3969 cop.
737 3901 811 3954 unic.
825 3901 866 3954 De
880 3902 990 3956 iudaeis
1003 3911 1029 3956 et
1040 3919 1148 3958 sarrae.
1162 3903 1191 3957 in
1205 3903 1291 3960 (llam.
1305 3905 1350 3976 (V.
1367 3909 1395 3974 2)
1416 3907 1514 3964 Eccle-

334 4001 377 4055 sia
392 4002 480 4063 etiam
500 4003 529 4055 iu
548 4020 711 4060 sarracenos
735 4022 840 4076 poenas
865 4007 999 4072 decernit,
1018 4025 1066 4062 seu
1085 4009 1114 4063 in
1133 4010 1274 4078 infideles,
1299 4011 1348 4068 sed
1373 4019 1513 4083 potestate

333 4109 482 4176 indirecta,
501 4111 632 4166 nimirum
650 4117 789 4184 quatenus
807 4115 851 4167 ius
871 4115 956 4170 babet
975 4117 1085 4171 tutandi
1105 4118 1238 4188 populum
1258 4120 1452 4177 christianum.

424 4215 462 4285 (2)
482 4216 522 4272 De
541 4219 700 4273 excessibus
712 4219 903 4276 cardinalium
922 4221 980 4293 qui,
994 4211 1096 4292 suapte
1111 4230 1221 4294 natura,
1241 4229 1380 4297 privatius
1398 4231 1511 4287 obnoxii

334 4329 399 4376 sunt
419 4325 583 4380 auctoritati
602 4327 685 4381 Rom.
705 4327 851 4382 Pontificis
875 4331 976 4383 statuit
1002 4347 1060 4400 cap.
1081 4333 1200 4387 iunicum.
1222 4335 1263 4388 De
1280 4337 1420 4392 aetianam.
1440 4341 1470 4394 in
1492 4341 1513 4393 6

334 4427 380 4499 (V,
393 4429 436 4495 3);
455 4435 484 4486 et
502 4432 537 4485 cl.
558 4436 627 4487 Acta
648 4434 675 4488 S.
695 4435 776 4490 Sedis
794 4435 840 4503 111,
860 4453 884 4505 p.
905 4433 965 4489 322„
