3350 5100
390 345 431 390 on
456 343 594 391 runicus
618 319 862 391 caruissemus
886 345 922 391 ru
947 343 1064 390 sancia
1250 317 1315 390 547

135 468 293 533 saeculari
317 474 350 534 et
374 469 517 553 regulari
543 467 684 532 eiusdem
700 468 964 552 congregationis
981 467 1188 533 consultores
1204 473 1237 532 et
1256 466 1316 532 Re-

135 593 256 656 latores
280 591 439 656 selecti».

224 715 299 784 536.
330 717 418 784 Idem
451 717 603 782 Pontifex
635 719 668 782 in
695 718 838 784 eamdem
871 717 976 782 Const.
1009 715 1159 784 Sollicita
1189 715 1314 782 modum

134 840 329 926 procedendi
365 843 397 906 in
428 842 519 908 libris
550 841 789 928 proscribendis
823 841 1060 909 determinavit.
1094 843 1172 908 cum
1203 843 1316 926 primis

134 966 275 1031 advertit
312 965 343 1051 l)
377 963 597 1032 Secretarium
634 971 670 1032 nt
703 969 895 1052 plurimum,
927 966 1106 1052 procedere
1141 965 1181 1031 ad
1216 965 1316 1030 libros

134 1095 275 1157 examini
299 1092 513 1158 subiiciendos
536 1096 670 1178 praevia
692 1093 933 1159 denuntiatione
957 1092 997 1157 ab
1022 1089 1205 1159 Ordinariis
1227 1091 1316 1156 loco·
1348 1149 1355 1162 .

135 1237 206 1282 rum
230 1218 282 1282 vel
305 1217 346 1281 ab
369 1217 476 1301 aliquo
501 1216 644 1283 fidelium
675 1224 836 1304 porrecta
871 1215 1022 1285 Attamen
1053 1217 1134 1281 nihil
1166 1215 1317 1301 prohibet

135 1361 196 1424 quo
220 1343 324 1406 minus
346 1341 549 1408 secretarius
572 1361 618 1408 aa*
641 1341 749 1427 officio
772 1341 955 1407 huiusmodi
979 1359 1118 1406 examen
1142 1341 1315 1406 instituere

134 1465 250 1530 valeat.
274 1465 309 1550 2)
332 1467 362 1530 A
385 1465 601 1531 denunciante
623 1468 767 1549 exquirit
793 1465 998 1532 Secretarius
1029 1465 1171 1530 rationes
1195 1464 1315 1549 petitae

134 1591 388 1677 reprobationis;
412 1591 468 1656 sed
491 1611 552 1676 pro
576 1593 754 1658 maturiore
779 1594 929 1658 examine
951 1569 1069 1656 lib'rum
1086 1589 1220 1656 remittit
1237 1588 1313 1655 duo·

133 1715 193 1782 bus
216 1716 475 1792 Consultoribus;
503 1736 639 1800 quorum
663 1722 738 1782 vota
760 1722 872 1802 postea
899 1717 1102 1782 secretarius
1125 1713 1314 1800 perpendet,

134 1847 230 1925 atque
249 1843 276 1905 si
291 1839 375 1906 liber
391 1861 529 1907 censura
553 1847 586 1907 et
603 1849 680 1908 nota
701 1841 817 1928 dignus
832 1841 992 1912 rideatur,
1011 1845 1043 1905 et
1058 1841 1202 1926 gravitas
1220 1855 1315 1904 casus

133 1965 165 2030 id
177 1966 360 2049 expostulet
371 1967 576 2031 constituitur
594 1986 678 2031 unus
688 1967 803 2050 aliquis
821 1967 946 2032 relator
957 1968 1010 2049 qui
1023 1964 1169 2030 omnibus
1185 1969 1315 2028 mature

134 2091 301 2174 perpensis
324 2112 415 2155 suum
440 2089 526 2155 ierat
549 2090 711 2156 iudicium.
736 2092 769 2173 3)
787 2090 850 2156 Sed
873 2097 1044 2174 antequam
1062 2089 1225 2154 Relatoris
1242 2105 1315 2152 cen·

134 2230 211 2276 sura
232 2211 273 2275 ad
298 2212 482 2276 Planariam
508 2212 800 2298 congregationem
826 2203 1042 2277 cardinalium
1068 2209 1236 2274 deleratur
1261 2209 1315 2272 ha·

134 2337 229 2401 betur
252 2337 476 2403 consultorum
503 2339 793 2423 praeparatorius
822 2343 1016 2412 conventus,
1041 2345 1074 2410 ut
1098 2336 1138 2401 de
1162 2335 1315 2400 relatoris

133 2461 465 2528 animadversionibus
497 2463 647 2529 iudicium
671 2461 736 2529 flat.
761 2463 794 2551 4)
819 2463 1076 2528 Deliberationes
1107 2461 1202 2526 huius
1237 2479 1314 2523 con-

134 2592 248 2651 ventus
263 2604 283 2650 a
299 2587 483 2654 secretario
508 2588 698 2655 referuntur
721 2588 972 2673 congregationi
994 2584 1088 2652 card.
1106 2585 1139 2671 5)
1158 2583 1314 2649 Pontifex

133 2732 212 2776 vero
243 2712 344 2777 voluit
374 2713 531 2796 speciales
565 2713 713 2778 adhiberi
744 2713 887 2778 cautelas
917 2684 943 2778 si
974 2716 1092 2797 agatur
1123 2708 1163 2774 de
1194 2708 1314 2773 conde-

135 2834 274 2897 mnando
300 2834 383 2919 libro
406 2837 548 2900 auctoris
572 2836 724 2901 catholici
746 2835 876 2901 aliunde
905 2837 1053 2920 integrae
1076 2835 1193 2898 famae.
1222 2833 1314 2896 Tunc

134 2956 219 3019 enim
235 2958 372 3041 primum
390 2959 547 3043 proscribi
564 2960 646 3025 solet
669 2958 752 3024 liber
767 2959 893 3024 adiecta
916 2958 1059 3024 clausula
1077 2976 1094 3019 ⁴<
1111 2957 1219 3023 donec
1243 2974 1313 3020 cor-

133 3076 301 3163 rigatur»
316 3080 368 3143 vel
383 3080 520 3146 «donec
531 3088 744 3168 aspergetur
758 3104 786 3155 ›‚
804 3084 928 3166 quoties
943 3081 1050 3146 locum
1066 3078 1189 3145 habere
1202 3077 1312 3164 possit,

134 3221 195 3267 nec
207 3221 309 3287 grave
322 3204 482 3289 quidpiam
500 3203 603 3270 obstet
615 3225 678 3290 quo
693 3207 808 3287 minus,
821 3208 855 3269 in
872 3225 949 3271 casu
962 3205 1001 3271 de
1018 3224 1080 3289 quo
1096 3206 1212 3290 agitur,
1230 3202 1314 3267 haec

133 3327 279 3393 clausula
294 3326 494 3403 adhibeatur,
508 3350 569 3395 nec
581 3330 748 3397 decretum
762 3329 998 3416 reprobationis
1013 3329 1196 3413 publicatur
1208 3327 1314 3401 donec

132 3455 240 3515 actum
256 3452 298 3516 sit
313 3470 385 3516 cum
400 3459 534 3518 auctore
551 3458 607 3518 aut
621 3454 690 3519 eius
704 3459 929 3540 procuratore,
946 3472 1044 3537 quum
1064 3449 1136 3516 fieri
1153 3452 1261 3535 possit,
1279 3458 1313 3516 ut

133 3573 163 3634 ei
186 3571 262 3655 quid
285 3572 465 3655 delendum,
489 3576 686 3657 mutandum,
711 3576 983 3663 corrigendumve
1012 3574 1112 3639 fuerit
1141 3571 1311 3637 indicetur.

134 3696 167 3759 Si
182 3703 297 3761 auctor
316 3700 433 3785 congr.
450 3702 537 3765 iussa
555 3701 683 3775 fecerit,
699 3690 911 3788 supprimitur
934 3699 1179 3786 proscriptionis
1203 3697 1314 3763 decre·

133 3824 218 3895 tum,
242 3822 411 3889 dummodo
435 3827 637 3912 exemplaria
660 3831 746 3913 typis
776 3831 935 3913 impressa
963 3847 1027 3891 non
1056 3826 1179 3908 fuerint
1202 3829 1256 3889 aut
1280 3826 1312 3887 in

133 3946 265 4035 vulgum
288 3968 352 4013 non
376 3951 510 4018 fuerunt
525 3952 621 4017 edita.
638 3953 738 4019 Secus
761 3954 894 4018 decreto
911 3950 1149 4037 reprobationis
1171 3950 1314 4033 sequitur

131 4072 309 4138 declaratio
339 4076 479 4141 eiusdem
507 4078 538 4143 S.
564 4077 682 4163 Congr.
714 4097 777 4162 qua
807 4076 1008 4164 significatur
1039 4076 1122 4161 quod
1148 4076 1313 4141 <Auctor

134 4197 307 4264 humiliter
328 4218 363 4265 se
383 4199 523 4267 subiecit
537 4221 576 4278 »3
601 4202 767 4269 decretum
790 4208 897 4269 autem
926 4202 1161 4288 reprobationis
1184 4202 1313 4285 penitus

132 4321 268 4399 deletur,
293 4324 319 4389 si
342 4325 447 4389 altera
470 4325 546 4391 libri
570 4326 666 4392 editio
691 4328 864 4415 evulgatur
890 4328 1060 4394 emendata
1083 4327 1124 4391 ad
1148 4326 1312 4411 praescri·

132 4450 221 4530 ptum
241 4447 272 4513 S.
290 4448 567 4535 congregationis.
591 4452 624 4539 6)
642 4454 821 4521 Praeterea
837 4454 868 4521 S.
886 4451 1210 4541 Pontifexssdec'ernit
1226 4448 1312 4535 quod
