3350 5100
503 316 547 362 mc
570 315 711 363 runicus
734 315 977 364 caruissemus
1268 293 1332 360 153

240 443 396 505 Attamen
419 439 516 506 obiici
539 446 654 524 potest,
671 442 729 504 vix
751 440 889 524 intelligi
906 445 971 504 tam
994 458 1068 504 sero
1092 438 1180 504 hunc
1202 456 1331 524 proces·

150 585 219 629 sum
242 568 393 630 sortitum
409 565 508 630 tuisse
523 584 670 629 normam
686 566 819 650 proprie
833 563 1026 633 iudicialem.
1043 583 1139 648 quum
1156 565 1225 629 eius
1240 563 1333 628 initia

153 695 340 774 repetamus
355 691 396 755 ab
411 691 482 776 ipsa
497 690 623 775 epocha
633 689 770 754 classica
785 691 865 754 iuris
879 689 1109 754 &manorum
1125 725 1143 738 ·
1159 687 1220 756 Sed
1238 708 1330 773 repo·

148 815 292 880 neudum
304 814 674 899 estusqueadaetatem
685 814 1086 899 saeculix111,processum
1098 813 1330 899 inquisitivum

148 943 267 1025 quippe
282 939 617 1011 outrmrdinanuna
635 957 754 1004 revera
768 937 868 1003 fuisse
891 941 1055 1024 negotium
1071 941 1159 1023 quasi
1176 939 1332 1005 emireiu-

148 1065 297 1147 dicium
319 1073 398 1131 tunc
419 1066 638 1131 rarefactum
653 1064 754 1130 fuisse
768 1065 869 1129 veluti
890 1083 1077 1150 processum
1101 1065 1330 1131 ordinarium.

149 1189 196 1256 Cf.
223 1191 427 1276 Fagnanum
448 1190 576 1257 domm.
592 1191 631 1256 in
646 1209 721 1273 cap.
746 1189 807 1274 24,
835 1189 885 1254 De
908 1209 1019 1256 acciu.
1038 1188 1167 1254 Exinde
1190 1191 1235 1254 ita
1250 1190 1333 1254 ordi·

149 1314 277 1381 naudus
308 1321 381 1380 erat
411 1315 467 1380 hic
496 1335 682 1400 processus.
706 1319 742 1379 ut
764 1312 978 1399 responderet
1009 1316 1203 1380 necessariis
1224 1313 1333 1380 iudicii

148 1438 504 1522 termis.0f.cop.17.
527 1438 579 1504 De
600 1457 712 1506 cecum
728 1438 765 1504 X
784 1437 840 1520 (V,
866 1437 905 1522 l).
931 1439 1065 1522 iuquam
1091 1473 1109 1487 ·
1133 1439 1333 1506 necessariis

146 1561 269 1629 iudicii
283 1562 424 1644 sormam
441 1598 459 1611 -
476 1565 596 1628 sienim
613 1582 714 1647 usque
729 1561 925 1664 adactatem
939 1563 1121 1628 iunocentii
1140 1564 1187 1628 lli
1205 1563 1332 1628 habitus

147 1691 196 1751 ast
209 1690 258 1752 uti
280 1687 584 1754 euenor-dinarius
605 1690 667 1752 iste
682 1706 863 1773 processus,
880 1689 956 1771 quia
975 1689 1077 1753 visum
1094 1694 1152 1761 est,
1170 1690 1331 1754 nemiuem

141 1831 246 1894 posse
269 1813 422 1880 iudicari
443 1819 475 1880 et
497 1814 663 1879 damnari
675 1814 883 1898 priusquam
899 1814 1076 1900 tepitimca'
1089 1813 1211 1881 habeat
1230 1833 1331 1898 prae·

145 1944 257 2004 sentes
279 1945 520 2023 aecusatorea3
542 1959 613 2025 arg.
638 1959 713 2006 can.
737 1940 772 2020 5,
797 1959 890 2004 caua.
915 1937 949 2021 3,
974 1959 1005 2024 q.
1029 1939 1061 2010 9,
1086 1942 1186 2004 etita
1213 1941 1331 2026 passim

144 2064 176 2128 iu
198 2065 277 2129 aliis
291 2065 474 2130 innumeris
489 2064 681 2151 fragmentis
696 2085 798 2149 penes
814 2065 1016 2130 Gratianum.
1035 2065 1084 2130 Re
1099 2085 1179 2130 sane
1194 2085 1275 2129 vera
1290 2085 1332 2130 ne

145 2186 257 2254 iudex.
279 2206 329 2253 em
351 2186 460 2271 officio
484 2189 672 2272 inquirens.
692 2193 803 2272 partes
825 2188 949 2254 iudicia
972 2196 1003 2254 et
1028 2190 1148 2254 actoris
1164 2209 1219 2254 seu
1236 2208 1332 2255 accu-

142 2309 273 2374 satoris
297 2307 433 2393 explere
456 2308 639 2389 videretur,
666 2309 872 2374 statuendum
899 2315 979 2382 erat,
1009 2311 1166 2395 quomodo
1189 2331 1331 2378 mousc-

143 2433 229 2500 tioni
253 2431 351 2499 fleret
373 2435 463 2499 locus
493 2436 526 2498 in
558 2434 747 2501 exercenda
769 2435 988 2520 inquisitione
1011 2455 1056 2502 ena
1078 2437 1196 2520 officio.
1231 2437 1330 2502 Inno-

142 2559 273 2621 centius
290 2556 341 2622 iil
358 2557 424 2622 huc
438 2556 650 2629 adlaboravit.
667 2560 818 2624 nimirum
835 2558 876 2625 ad
892 2560 1145 2644 inquisitionem
1161 2580 1208 2627 eur
1222 2562 1330 2647 officio

143 2681 386 2746 conciliandam
413 2702 486 2747 cum
514 2686 730 2750 motione
761 2690 794 2749 et
823 2689 915 2749 ratus
943 2691 1007 2755 est.
1032 2688 1197 2769 processui
1225 2688 1330 2770 inqui-

143 2800 261 2873 sitiv0‚
286 2822 323 2865 se
350 2822 477 2867 omnem
509 2804 684 2869 contulisse
711 2805 944 2890 perfectionem
975 2806 1103 2890 q‘uaudo
1127 2808 1158 2871 in
1184 2826 1257 2891 cap.
1281 2808 1331 2873 24

142 2922 172 2988 it.
197 2930 221 2989 t.
248 2928 363 2989 statuit
377 2927 573 3010 inquisitioni
590 2948 662 2993 esse
680 2929 798 3011 locum,
818 2949 916 3013 quum
940 2965 960 2980 ·
984 2930 1212 2997 mundante
1232 2931 1330 3013 fama
1442 2948 1445 2955 ·

141 3049 193 3112 vei
217 3046 396 3129 deferente
418 3052 569 3117 cwmore
600 3086 618 3101 ·
650 3055 740 3137 quasi
772 3061 970 3121 accusatore
1005 3060 1200 3139 praeeunte,
1233 3057 1330 3122 iudex

142 3192 239 3237 suum
277 3176 451 3257 exequitur
485 3175 642 3251 officium,
671 3178 863 3262 inquirendo
898 3198 940 3243 an
976 3181 1036 3245 iste
1067 3199 1179 3245 rumor
1213 3201 1331 3247 revera

141 3300 292 3364 criminis
314 3307 448 3365 accuset
470 3309 648 3368 auctorem.

235 3418 311 3485 109.
339 3420 553 3485 Nihilominus
574 3422 630 3487 lex
647 3428 805 3489 canonica
824 3428 951 3509 penitus
974 3428 1142 3513 expellere
1165 3448 1328 3513 nunquam

141 3541 290 3607 indeudit
299 3562 321 3606 a
331 3545 398 3608 suis
409 3543 535 3610 iudiciis
546 3546 732 3613 methodum
744 3552 990 3621 accusatoriam,
1003 3564 1036 3615 et
1047 3572 1126 3616 sane
1140 3554 1172 3615 in
1182 3553 1331 3617 Ecclesia

139 3666 249 3731 adhuc
265 3667 381 3752 vigent
402 3670 547 3735 actiones
570 3672 768 3739 metinates
786 3676 996 3757 populurea;
1019 3696 1062 3743 ex
1085 3676 1224 3741 adverso
1241 3677 1329 3763 leges

140 3793 256 3857 civiles
268 3811 353 3876 pene
364 3795 506 3859 omnium
519 3798 709 3882 populorum
722 3818 909 3883 processum
922 3804 1183 3876 commutorium,
1197 3806 1329 3887 proprie

140 3914 282 3987 dicium,
313 3918 502 3983 reiecerunt
529 3926 560 3985 et
584 3925 786 4007 magistratui
817 3923 945 4008 publico
976 3926 1100 3991 scilicet
1131 3926 1329 3995 Promotou·

140 4037 271 4104 Fiacaii
280 4040 453 4123 privative,
467 4060 523 4105 seu
536 4044 678 4109 exclusis
693 4047 828 4130 privatis
843 4046 976 4128 civibus,
994 4052 1198 4117 committunt
1210 4050 1329 4117 iuunus

139 4165 370 4235 accusationis,
394 4184 510 4250 nempe
534 4168 630 4233 huius
651 4171 897 4253 monopolium.
923 4172 970 4237 cf.
998 4172 1027 4233 V
1030 4174 1072 4237 ol.
1098 4176 1122 4254 l,
1148 4195 1179 4238 n.
1202 4176 1263 4241 134
1280 4196 1326 4261 sq.

129 4350 135 4371 ¹
235 4286 344 4352 Porro
368 4289 485 4355 titulus
507 4293 534 4363 1,
559 4292 616 4358 lib.
641 4294 676 4357 V.
701 4295 829 4360 Decret.
856 4297 1007 4382 Gregorii
1033 4298 1082 4363 lX
1105 4306 1138 4363 ei
1164 4301 1198 4365 in
1222 4302 1326 4368 Scuto

139 4409 340 4476 inscribitur:
360 4414 442 4479 «De
456 4418 740 4492 macedonibus,
753 4420 1028 4504 inquisitionibus
1045 4428 1076 4489 et
1091 4424 1323 4493 denunciatio-
