3350 5100
431 352 475 397 os
500 349 907 398 1oorcnsca1u1unu1nos
932 349 967 394 m
992 345 1108 396 ersom
1295 329 1357 394 551

180 476 288 562 turpia
300 474 421 539 nullam
429 475 494 538 vim
507 475 638 539 habent:
647 474 913 539 denunciationes
926 473 1010 538 enim
1018 469 1090 536 fieri
1100 469 1217 536 debent
1229 470 1265 534 in
1278 471 1363 536 iudi·

181 600 364 685 cio,nempe
372 620 482 666 coram
492 601 651 685 Episcopo
661 601 771 665 eiusne
779 598 1007 682 delegatocum
1017 599 1203 662 interventu
1213 596 1364 661 ecclesia·

180 727 251 791 stici
263 727 336 798 viri}
347 727 399 809 qui
412 727 531 790 notarii
539 732 650 810 partes
662 730 772 791 teneat
783 730 897 789 etcum
912 725 1091 788 iuramento
1104 727 1137 786 et
1148 741 1221 787 curn
1232 741 1364 807 expres

180 853 270 915 sione
294 856 327 914 et
350 847 586 934 subscriptione
609 852 658 915 sui
682 850 821 913 nominis
837 869 868 911 ›.
887 847 1038 914 Ceterum
1061 851 1193 931 praeter
1215 846 1363 913 iudicem

182 978 215 1040 et
229 972 414 1044 notarium,
428 973 536 1038 nullus
551 973 634 1036 alius
650 971 762 1037 adesse
778 970 873 1035 debet
886 970 959 1035 dum
973 971 1130 1054 recipitur
1146 967 1361 1034 denunciatio.

270 1097 353 1170 Quia
363 1096 547 1180 aliquando,
560 1097 681 1180 absque
691 1095 839 1176 notario,
855 1096 1009 1179 excipere
1022 1098 1152 1180 oportet
1162 1098 1218 1158 aut
1233 1093 1364 1177 expedit

181 1217 462 1283 denunciationem
484 1239 544 1303 per
556 1220 662 1296 virum
679 1218 795 1283 eccles.
808 1215 1004 1301 specialiter
1016 1215 1198 1302 delegatum
1214 1215 1253 1280 ab
1270 1215 1364 1282 Ordi-

181 1345 283 1414 natio,
308 1345 375 1427 ipsa
400 1344 518 1428 Congr.
543 1344 628 1407 hanc
651 1344 802 1427 proponit
825 1341 963 1406 formam
988 1339 1193 1406 servandam.

334 1554 489 1623 Delepatus
510 1555 622 1623 incipiet
639 1563 733 1606 actum
751 1572 769 1606 a
787 1555 910 1606 notando
929 1555 984 1618 die,
1003 1569 1107 1617 mense,
1125 1568 1210 1605 anno.

591 1665 643 1715 Die
715 1663 818 1716 mensis
891 1663 958 1714 anni

271 1805 375 1874 Sponte
388 1805 573 1874 personaliter
582 1806 739 1874 comparuit
752 1822 846 1859 eoram
859 1821 903 1860 me
917 1803 1094 1872 infrascripto
1107 1803 1224 1858 sistente
1238 1803 1267 1856 iu
1276 1804 1364 1868 (nota-

156 1989 160 1994 .
182 1915 219 1964 bit
234 1914 326 1966 iocum
340 1922 366 1966 et
378 1913 527 1966 dioecesim
541 1915 587 1965 ubi
597 1915 738 1981 reperitur
751 1913 788 1964 ad
800 1921 894 1966 actum
906 1910 1114 1982 recipiendum)
1129 1909 1163 1962 ad
1179 1909 1252 1964 huuc
1270 1913 1363 1963 actum

181 2022 291 2071 tantum
309 2019 345 2071 ab
365 2015 444 2071 lllnio
457 2024 486 2072 et
501 2015 609 2072 Revr‘fio
622 2017 655 2071 N.
675 2017 835 2086 specialiter
854 2016 991 2086 delegato,
1006 2021 1088 2086 prout
1101 2033 1135 2070 ex
1151 2015 1274 2070 eiusdem
1288 2014 1365 2101 Ordi-

181 2126 255 2179 narii
273 2125 364 2179 literis
381 2125 450 2180 milti
471 2125 585 2180 directis
602 2130 633 2180 et
651 2125 723 2178 datis
742 2126 793 2178 sub
812 2125 857 2180 die
877 2126 1026 2194 (exprimet
1045 2139 1098 2194 quo
1111 2126 1158 2178 die
1172 2124 1226 2193 ipsi
1244 2127 1365 2192 scriptae

180 2235 288 2301 suerint
302 2234 418 2298 literae)
431 2231 571 2301 praesenti
592 2231 723 2301 positioni
743 2230 907 2300 allegandis,
921 2229 953 2282 N.
967 2227 1000 2282 ll.
1015 2231 1127 2296 (scribet
1142 2246 1253 2294 nomen,
1267 2246 1366 2298 capno-

181 2351 255 2400 men,
261 2345 380 2404 patrem,
388 2339 521 2404 patriam,
532 2346 661 2400 aetatem,
672 2337 858 2388 conditionem
869 2346 894 2388 et
904 2336 1101 2388 habitationem
1109 2350 1251 2403 personae
1260 2334 1364 2388 denun-

182 2444 293 2508 ciantis‚·
306 2453 333 2496 et
346 2444 371 2494 si
381 2443 449 2496 haec
460 2443 597 2513 relipiosa
609 2446 708 2512 licerit,
722 2445 861 2512 exprimet
881 2444 964 2496 etiam
976 2458 1087 2506 nomen,
1100 2458 1153 2511 pue
1168 2458 1201 2494 ea
1214 2443 1366 2494 uocabatur

183 2554 211 2605 in
229 2553 351 2605 saeculo.
372 2552 481 2606 Deinde
498 2553 696 2622 prosequetur)
716 2552 761 2604 eui
781 2550 875 2605 delato
899 2550 1056 2605 iuramento
1075 2547 1204 2603 veritatis
1225 2547 1366 2606 dicendae,

181 2658 253 2729 quod
271 2659 414 2727 praestitit
432 2659 517 2711 tactis
536 2657 582 2710 SS.
597 2658 646 2712 Dei
660 2657 831 2726 Euangelus,
845 2660 927 2726 (puae
939 2672 1027 2710 manu
1038 2666 1154 2726 tempere
1170 2654 1269 2727 faciet)
1283 2670 1367 2723 expo·

181 2762 238 2815 suit
258 2768 340 2829 prout
357 2763 439 2823 inira,
459 2762 607 2816 videlicet:

271 2868 326 2921 Hic
340 2883 466 2937 persona
478 2870 652 2921 denuncians
670 2869 824 2921 vernaculo
837 2884 967 2922 sermone
979 2869 1131 2921 declarare
1144 2868 1234 2931 debet,
1247 2882 1277 2921 se
1292 2868 1364 2919 scire

182 2977 320 3025 obtentam
339 2989 400 3027 esse
418 2975 453 3026 ab
475 2972 625 3027 Ordinatio
646 2975 702 3027 loci
719 2975 886 3044 facultatem
905 2974 1071 3043 recipiendi,
1085 2974 1187 3041 absque
1208 2976 1365 3025 interuentu

180 3078 291 3142 notarii,
304 3079 377 3147 quod
395 3081 432 3131 ael
444 3093 524 3130 snam
537 3081 733 3133 conscientiam
751 3081 963 3133 exonerandam
977 3080 1140 3147 expositura
1155 3087 1203 3143 est,
1212 3088 1366 3147 propterea

182 3188 246 3253 quia
266 3185 345 3237 iustis
360 3186 395 3237 de
415 3187 507 3237 causes
526 3188 618 3239 eidem
633 3185 736 3239 Reatino
750 3187 876 3239 Antistiti
894 3202 925 3239 se
943 3188 1043 3239 sistere
1061 3189 1169 3256 nequit:
1181 3187 1285 3241 deinde
1299 3204 1365 3240 nar·

181 3306 249 3344 rare
268 3292 397 3343 corttinuo
421 3292 502 3344 debet
527 3308 599 3359 quae
617 3294 654 3345 aa
672 3293 886 3346 sollicitationes
906 3293 932 3345 ei
950 3297 1042 3363 factus
1065 3296 1183 3347 attinent
1204 3310 1254 3347 seu
1279 3295 1365 3347 verba

141 3416 143 3420 ·
181 3396 298 3462 fuerint,
317 3412 367 3447 seu
385 3396 499 3463 scripta,
518 3411 568 3448 seu
587 3406 674 3459 actus,
687 3406 817 3450 accurate
836 3398 1020 3450 describendo
1040 3398 1141 3462 locum,
1155 3406 1272 3467 ternpus,
1287 3414 1364 3450 occa·

181 3503 295 3567 sionem,
307 3504 382 3555 vices
401 3512 426 3556 et
445 3503 559 3571 sinpula
577 3504 719 3567 adiuncta,
730 3520 783 3557 nec
801 3520 857 3555 non
875 3512 972 3557 utrum
991 3506 1020 3556 in
1038 3514 1101 3557 actu
1121 3504 1312 3574 confessionis,
1328 3520 1365 3556 an

179 3609 261 3675 prius
280 3609 326 3661 ael
341 3618 405 3678 post
422 3610 658 3663 sacramentalem
675 3611 880 3663 absumtionem
893 3626 926 3663 ea
939 3613 1090 3664 ecaterint.
1111 3610 1266 3663 Nominare
1284 3611 1366 3663 debet

183 3716 415 3783 confessionalem
439 3719 534 3769 sedem
557 3726 583 3769 et
601 3718 693 3785 ipsum
715 3717 925 3785 Confessarium
943 3717 1158 3780 sollicitantem,
1180 3728 1205 3770 et
1229 3726 1365 3786 quatenus

177 3819 263 3878 liuius
280 3835 382 3871 nomen
402 3829 427 3871 et
447 3837 600 3889 capnomen
618 3832 666 3873 am
680 3823 789 3891 ipnoret
802 3832 851 3874 aut
864 3824 951 3875 oblita
970 3823 1068 3891 suerit,
1081 3824 1219 3875 describet
1235 3832 1365 3876 accurate

182 3926 262 3977 illius
278 3942 438 3993 personam,
452 3943 546 3981 omues
559 3930 688 3981 distincte
708 3931 885 3982 characteres
897 3932 1028 4009 notando,
1042 3933 1080 3983 ita
1092 3939 1124 3983 ut
1137 3930 1188 3983 ille
1204 3934 1367 3998 recopnosci

178 4035 275 4101 possit.
294 4033 508 4086 Animadvertat
521 4035 675 4103 delepatus,
688 4052 744 4088 non
763 4052 823 4089 esse
841 4036 1073 4104 interropandam
1090 4053 1241 4105 personam
1257 4038 1366 4090 denun-

182 4142 310 4203 ciantm,
322 4148 419 4191 utrum
437 4156 602 4193 consensum
614 4142 652 4194 ad
664 4152 756 4194 actum
776 4152 887 4211 turpem
900 4158 1072 4213 quocumque
1091 4146 1174 4197 modo
1191 4144 1365 4212 praestiterit

181 4247 228 4299 ael
245 4246 433 4310 recusaverit,
453 4264 516 4300 cum
535 4248 596 4315 ipsa
614 4248 651 4299 ad
670 4264 734 4301 suos
758 4248 888 4317 defectus
910 4250 1132 4319 manifestandos
1150 4267 1207 4303 non
1226 4260 1362 4305 teneatur,

181 4352 267 4407 Hisce
284 4354 433 4422 exscriptis
447 4363 536 4423 prout
553 4364 719 4416 narrantur,
736 4355 892 4424 detepatus,
908 4372 980 4425 quae
997 4366 1160 4425 sequuntur,
1174 4374 1265 4427 neque
1283 4358 1364 4412 aliud

179 4466 332 4524 praeterea
350 4458 494 4526 quidpiam
512 4460 645 4528 requiret.
