3350 5100
320 277 385 342 204
832 294 915 339 enas
947 292 981 338 n.

412 419 485 485 144.
516 419 578 484 Sed
610 425 776 504 promotor
803 416 921 484 fiscalis
949 438 1013 482 non
1040 416 1137 480 habet
1165 416 1245 484 iure,
1278 432 1341 496 quo
1368 415 1500 491 utimur,
1629 479 1630 488 ,

319 541 407 626 (Vol,
431 545 458 616 1,
482 562 513 606 n.
540 543 616 628 136)
647 543 881 624 monopolium
911 540 1141 612 accusationis;
1171 538 1257 602 unde
1284 535 1500 602 conclusimus

319 662 448 730 fidelem
474 685 567 750 posse
594 665 654 730 sibi
681 686 848 732 assumere
872 686 953 730 anus
979 665 1216 730 accusationis¹
1242 661 1291 726 Ad
1315 661 1416 728 haec.
1441 661 1500 724 etsi

320 791 482 855 accusatio
505 793 547 855 sit
566 793 629 856 iam
654 795 832 858 instaurata
855 811 874 856 a
894 798 1080 876 promotore
1103 788 1215 861 fiscali,
1241 788 1315 872 quia
1337 789 1500 871 integrum
1629 791 1630 794 ’

321 923 370 980 est
393 913 541 981 fidelibus
563 936 685 1003 urgere
708 937 773 982 non
790 923 914 982 tantum
939 918 1081 983 ciuiliter
1104 915 1355 982 accusationem
1379 931 1436 976 sen
1459 909 1502 976 ad

321 1040 530 1124 repetendam
546 1042 813 1122 indemnitatem,
830 1042 887 1108 sed
904 1043 999 1108 etiam
1016 1039 1241 1108 criminaliter
1264 1057 1321 1103 seu
1343 1037 1384 1102 ad
1402 1035 1504 1121 publi-

321 1184 390 1227 cam
413 1165 609 1234 vindictam.
622 1167 697 1231 inde
713 1166 876 1233 habentur
898 1168 932 1231 in
948 1168 1020 1232 fora
1037 1167 1151 1231 eccles.
1166 1165 1390 1229 adhaerentes
1404 1165 1499 1246 fisco,

321 1307 377 1354 seu
401 1290 446 1354 illi
468 1293 520 1375 qui
537 1295 775 1358 accusationem
792 1314 812 1357 a
827 1299 1012 1378 promotore
1033 1288 1242 1357 instauratam
1258 1309 1348 1354 suam
1365 1289 1503 1352 faciunt.

322 1421 354 1478 et
384 1417 485 1501 magis
518 1437 637 1503 urgere
667 1418 874 1484 contendunt.
908 1418 1017 1484 Codex
1048 1419 1140 1482 crim.
1169 1417 1233 1480 iud.
1262 1415 1315 1480 cit.
1348 1413 1452 1479 editus
1484 1431 1503 1475 a

323 1543 422 1628 Greg.
437 1544 520 1607 XVI
546 1563 566 1608 a
587 1564 650 1628 quo
670 1544 882 1612 desumemns.
900 1546 945 1609 uti
963 1563 1108 1608 normam
1133 1541 1303 1607 utillimam
1320 1556 1501 1624 processus.

321 1667 431 1751 plures
447 1670 718 1752 praescriptiones
741 1669 930 1734 ordinantes
953 1675 1044 1733 actus
1069 1665 1301 1752 processuadeS,
1322 1666 1366 1728 its
1389 1659 1501 1727 delinit

321 1799 431 1877 partes
453 1770 698 1859 adhaerentium
725 1791 802 1860 flsco
828 1797 898 1860 Art.
920 1794 982 1859 156
1008 1793 1190 1864 «Querela
1200 1797 1309 1874 polest
1333 1807 1404 1854 esse
1424 1787 1501 1852 nm
1629 1787 1630 1862 ζ

319 1921 404 2001 plen
427 1923 488 1983 out
509 1919 547 1984 in
568 1919 685 2000 forma
707 1921 941 1986 mactationis.
970 1955 987 1967 -
1015 1919 1089 1984 157.
1107 1919 1166 1983 Est
1190 1917 1339 1998 simplem
1362 1915 1504 1999 quondo

321 2044 504 2126 querelans
517 2044 682 2129 relinquit
695 2045 775 2128 fisco
791 2045 1043 2129 inquisitionem
1060 2067 1091 2110 ».
1118 2077 1135 2089 -
1165 2043 1237 2108 158.
1258 2043 1317 2110 Est
1332 2042 1369 2106 in
1383 2042 1502 2124 somno
1629 2127 1630 2130 Ἴ

322 2167 546 2233 accusationis
558 2168 696 2252 quaudo
712 2172 894 2253 querelans
908 2169 1088 2236 interuenit
1103 2170 1229 2236 iudicio
1241 2169 1292 2234 uli
1307 2169 1503 2234 adhaerens
1629 2259 1630 2262 Ἴ

321 2296 412 2396 fisco.
438 2329 456 2341 -
490 2294 562 2359 159.
594 2291 678 2357 Cum
704 2294 783 2358 velit
809 2295 970 2360 interesse
996 2294 1140 2374 iudicio,
1167 2298 1282 2376 utpote
1308 2294 1505 2358 adlicerens

322 2421 411 2505 fisco,
428 2419 520 2484 illius
539 2425 587 2484 est
601 2419 786 2500 formalem
801 2420 902 2485 edere
918 2420 1184 2486 declarationem
1199 2439 1272 2484 una
1297 2419 1399 2484 amul
1424 2439 1503 2484 cium
1629 2421 1630 2424 ’

321 2552 480 2630 promota
503 2545 660 2630 querela.
688 2545 747 2610 sed
774 2545 876 2611 etiam
898 2552 1015 2629 postea
1043 2547 1105 2612 loc
1124 2551 1307 2632 praestare
1334 2546 1504 2612 valetud

322 2692 483 2739 normam
505 2679 569 2737 art.
589 2672 621 2735 9.
640 2706 657 2719 -
677 2669 1074 2737 immoderationem
1096 2672 1241 2737 enormi
1257 2690 1279 2736 o
1295 2672 1503 2737 cancellario

322 2803 355 2863 et
375 2797 540 2863 subscribi
570 2797 613 2862 ab
641 2797 857 2863 odhamente.
884 2797 947 2867 Qui
970 2798 999 2862 si
1022 2804 1069 2863 esl
1097 2798 1288 2878 illiteratus,
1313 2796 1504 2862 declaratio

324 2940 432 2987 canen
446 2924 580 3007 siqnari
594 2922 689 2988 debet
704 2942 822 2989 coram
838 2922 970 2988 duobus
989 2922 1132 2988 testibus.
1148 2958 1166 2970 ·
1184 2922 1255 2987 161.
1270 2894 1379 2988 Nemo
1391 2928 1505 3004 potest

322 3066 358 3113 se
378 3048 545 3130 praebere
558 3049 638 3133 fisco
658 3050 909 3129 odhamentem,
927 3050 974 3114 od
991 3048 1052 3116 hoc
1076 3050 1252 3115 constituto
1273 3054 1504 3131 procuratore
1629 3052 1630 3119 l

324 3178 397 3240 nne
427 3174 566 3256 speciali
597 3174 698 3238 venia
720 3174 895 3255 praesidis
925 3175 1115 3239 tribunalis.
1143 3210 1160 3222 -
1195 3174 1268 3239 162.
1301 3173 1504 3238 Adhaerens
1629 3242 1630 3275 ἰ

323 3302 403 3383 fisco
426 3300 463 3362 in
487 3317 649 3381 processu
671 3297 790 3363 iudicii
812 3316 920 3381 usque
943 3298 1135 3363 admittitur
1161 3299 1207 3363 acl
1231 3297 1504 3381 suppeditanda<
1629 3340 1630 3377 3

324 3424 571 3491 declarationes
593 3429 625 3488 et
647 3420 828 3489 ulteriores
847 3424 1067 3505 probationes
1083 3446 1113 3487 ».
