3350 5100
520 339 564 387 nu
589 341 727 389 marcus
752 342 997 390 carulunnruus
1281 324 1348 389 293

168 463 355 547 ignorantia
369 461 484 529 iudicis
498 464 689 549 plerumque
704 470 754 530 est
769 465 937 530 calamitas
951 466 1133 531 innocentis
1145 488 1175 531 ›.
1194 466 1348 551 Ulpianus

169 587 439 674 reprehendebat,
456 590 573 675 quippe
587 590 712 673 saltum,
730 591 793 677 leg.
811 592 878 674 l,§
901 590 946 657 23
961 587 994 654 ff.
1013 589 1067 657 De
1086 590 1346 677 quaestionibus.

173 713 393 788 ‹Quaestioni
417 712 512 781 fldem
536 734 601 779 non
617 735 746 799 semper
768 734 830 780 nec
853 721 961 780 tamen
982 734 1144 799 nunquam
1167 714 1348 780 habendam

171 837 455 904 Constitutionibus
470 839 674 914 declaratum
698 840 817 905 etenim
833 858 887 905 res
904 844 952 906 est
969 839 1096 925 fragilis
1119 845 1151 905 et
1167 840 1349 925 periculosa

169 967 204 1027 et
225 982 308 1046 quae
331 965 500 1048 veritatem
519 964 634 1028 tallat.
659 964 740 1030 Nam
769 964 916 1049 plerique
947 966 1101 1050 patientia
1131 966 1200 1030 sive
1231 964 1349 1029 duritia

169 1093 405 1154 tormentorum
428 1090 474 1154 ita
503 1094 666 1156 ormena
689 1095 900 1155 contemnunt
930 1097 964 1157 ut
996 1092 1135 1176 exprimi
1158 1092 1204 1156 eis
1228 1090 1349 1155 veritas

171 1212 261 1277 nullo
284 1212 377 1277 modo
393 1215 506 1299 possit:
530 1214 586 1278 alii
601 1218 692 1281 tanta
707 1218 782 1280 sunt
798 1214 997 1299 impatientia
1012 1220 1047 1279 ut
1062 1216 1094 1278 in
1111 1215 1245 1299 quodvis
1260 1233 1347 1280 men·

170 1339 226 1403 tiri
253 1357 348 1422 quam
378 1340 443 1423 pati
472 1344 636 1404 tormenta
666 1339 777 1405 velint.
808 1342 857 1405 Ita
884 1336 920 1405 fit
947 1343 981 1404 ut
1008 1341 1102 1405 etiam
1135 1340 1225 1403 vario
1257 1338 1349 1402 modo

172 1460 337 1528 fateantur
357 1468 480 1537 utnon
503 1468 627 1529 tantum
649 1482 694 1536 se,
720 1483 833 1528 verum
851 1466 947 1528 etiam
962 1464 1043 1528 alios
1066 1465 1301 1528 comminentur
1319 1483 1348 1526 ›.

174 1588 273 1653 Hisce
296 1586 336 1651 de
360 1586 538 1653 rationibus
568 1587 755 1673 iampridem
779 1609 855 1654 usus
880 1594 1027 1655 torturae
1051 1608 1069 1652 e
1092 1588 1164 1652 foro
1195 1587 1348 1653 exulavit.

261 1712 369 1778 Nihilo
392 1714 499 1777 secius
521 1713 596 1797 quia
618 1712 743 1777 admitti
767 1732 832 1778 non
858 1718 974 1797 potest,
1000 1734 1092 1778 usum
1117 1718 1270 1779 torturae
1287 1713 1349 1777 iam

171 1854 193 1899 a
216 1838 430 1902 remotissima
451 1840 643 1921 antiquitate
666 1838 808 1923 viguisse
830 1843 864 1904 et
887 1837 971 1923 apud
999 1839 1135 1923 populos
1158 1838 1351 1903 christianos

173 1964 207 2024 et
228 1960 337 2024 curias
352 1958 469 2025 eccles.
486 1964 551 2024 tam
568 1960 633 2025 late
649 1960 682 2024 in
695 1960 830 2046 Europa
844 1958 1022 2025 adhibitum
1039 1961 1147 2033 fuisse,
1166 1960 1227 2025 nisi
1243 1961 1349 2044 aliquo

172 2083 369 2150 inniteretur
391 2083 600 2149 fundamento
623 2084 763 2150 iustitiae
787 2091 820 2150 et
844 2086 1000 2158 veritatis,
1027 2084 1217 2151 advertatur
1237 2084 1265 2171 1)
1283 2092 1349 2153 tor·

173 2212 281 2273 turam
305 2208 447 2274 habitam
471 2228 542 2274 esse
564 2210 610 2275 uti
634 2210 824 2276 remedium
841 2208 1165 2277 eretraordinartum
1182 2230 1238 2275 seu
1253 2229 1349 2294 quum

173 2334 238 2398 alia
261 2333 411 2399 deessent
433 2333 658 2419 probationum
683 2335 786 2400 media
810 2334 849 2400 de
876 2334 1082 2421 gravioribus
1108 2334 1306 2401 criminibus.
1332 2370 1350 2383 -

173 2458 210 2546 2)
227 2459 328 2525 ludici
344 2459 475 2523 minime
497 2459 548 2524 fas
570 2464 643 2524 erat
657 2464 812 2543 torquere
827 2464 997 2525 accusatos
1012 2464 1068 2524 aut
1083 2464 1182 2526 testes
1202 2460 1263 2524 nisi
1286 2466 1352 2524 tam

173 2587 290 2672 gravia
313 2586 452 2651 collecta
473 2584 611 2651 fuissent
634 2585 753 2651 indicia
775 2584 816 2650 de
839 2584 915 2651 facti
939 2585 1078 2650 veritate
1103 2590 1135 2649 et
1157 2593 1290 2652 auctore
1317 2591 1352 2651 ut

174 2715 298 2777 tanturn
313 2710 440 2776 deesset
462 2708 622 2774 confessio
637 2714 694 2774 aut
709 2711 873 2776 attestatio
896 2708 936 2774 ad
957 2707 1165 2775 obtinendum
1189 2709 1350 2795 fastigium

175 2835 366 2901 evidentiae.
383 2833 525 2920 Vigebat
536 2841 679 2920 systema
690 2833 905 2917 probationis
921 2835 1049 2920 tepolis.
1063 2834 1096 2918 3)
1113 2832 1352 2900 confessionem

176 3086 220 3138 est
234 3093 345 3136 tortura
363 3081 408 3136 cui
428 3082 550 3136 maxima
568 3081 630 3135 laus
648 3087 720 3148 erat,
736 3082 874 3136 contineri
892 3082 921 3135 in
941 3081 1036 3137 codiee
1056 3080 1150 3153 legum
1169 3097 1354 3136 romanarum.

178 3188 312 3260 Equidem
320 3205 376 3243 non
390 3205 438 3258 per
450 3188 530 3258 lege's
542 3203 689 3254 expressas
702 3188 731 3243 in
744 3188 805 3242 iure
818 3187 957 3242 communi
977 3188 1024 3243 sed
1046 3189 1220 3258 potissimum
1234 3205 1282 3258 per
1296 3188 1356 3260 pla·

176 3296 234 3349 cita
248 3295 302 3348 DD.
316 3299 345 3349 et
363 3296 482 3364 receptis
502 3294 627 3348 moribus
645 3292 803 3349 invaluerat
821 3298 889 3348 tunc
908 3299 1032 3365 systema
1045 3297 1220 3365 probationis
1237 3297 1354 3365 tepolis,-

176 3419 249 3473 qnae
267 3401 341 3456 haud
358 3401 442 3457 facile
460 3401 651 3463 obtinebatur,
670 3401 755 3455 etiam
770 3392 891 3456 aiudice
910 3401 1009 3457 intime
1028 3418 1160 3472 persuaso
1178 3403 1212 3458 de
1230 3403 1356 3457 criminis

178 3513 303 3575 auctore,
330 3508 383 3563 nisi
408 3508 574 3563 accederent
603 3507 643 3562 rei
669 3508 807 3563 confessio
832 3513 881 3562 aut
899 3508 1020 3564 disertae
1039 3509 1152 3563 testium
1181 3509 1356 3564 assertiones.

181 3613 311 3686 Undique
321 3631 403 3670 voces
412 3614 610 3669 excitabantur
620 3615 849 3683 exprobrantium
862 3613 996 3669 eiusmodi
1010 3630 1115 3670 rnorem
1128 3631 1176 3684 per
1192 3620 1358 3685 argumenta

179 3738 198 3775 a
212 3722 280 3776 Divo
296 3723 455 3792 Augustino
474 3720 614 3776 adhibita:
627 3723 662 3775 cf,
679 3719 813 3787 Chamon,
827 3723 868 3776 De
888 3723 916 3776 la
935 3738 1047 3793 sapesso
1068 3723 1115 3776 liv.
1129 3725 1152 3788 1,
1171 3724 1249 3793 chop.
1262 3723 1307 3788 4!
1323 3723 1342 3774 7
1349 3741 1357 3789 ,·

181 3827 354 3895 Montaigue,
369 3827 464 3881 Easais
477 3828 525 3880 lie.
538 3829 566 3895 2,
581 3829 660 3897 cbap.
673 3830 696 3880 5
709 3826 899 3894 Paris18023
913 3827 1038 3882 Mar-tino
1057 3827 1189 3883 Beroardi
1204 3857 1219 3868 -
1233 3829 1357 3882 Diserta·

177 3933 217 3985 tie
230 3961 244 3974 ·
264 3934 306 3987 Da
325 3943 434 3988 tortura
453 3950 491 3988 ex
508 3937 582 4005 soris
601 3935 819 3989 christianorum
837 3935 1042 4004 proscribenda
1056 3934 1157 4003 -apud
1179 3931 1357 3988 Thomasium

182 4038 244 4093 Voi.
266 4042 293 4104 2,
314 4039 382 4094 Dias.
400 4041 444 4106 69,
464 4040 660 4111 Magdeburgi.
680 4043 732 4094 Ast
751 4040 898 4095 dumtaxat
916 4040 1029 4095 saeculo
1048 4044 1154 4096 decime
1174 4049 1269 4094 octauo
1289 4057 1359 4110 pene

182 4146 285 4217 ubique
307 4162 323 4200 e
344 4148 405 4200 foro
427 4147 511 4202 cessit
534 4150 653 4201 tortura.
673 4147 748 4202 iuter
772 4148 833 4201 eius
860 4146 1036 4216 laudatores‚·
1055 4148 1089 4202 ci.
1109 4145 1236 4213 Liebich,
1260 4149 1358 4203 Utrum

178 4262 291 4307 tortura
305 4255 420 4323 penitus
443 4255 609 4324 wopands
634 4263 798 4307 autentum
822 4255 970 4308 limitanda
990 4253 1132 4318 videntum
1152 4251 1298 4320 Sembach‚
1317 4254 1359 4308 De

181 4362 263 4414 modo
282 4370 409 4416 torturae
426 4365 581 4416 secuudum
601 4363 679 4431 tapes
691 4361 825 4416 babendo.
840 4359 952 4430 Lipsiae
969 4353 1046 4414 1772.
1061 4359 1209 4431 Opgelder,
1222 4361 1263 4416 De
1276 4377 1360 4432 qaae·

181 4469 317 4522 attonitus
334 4470 394 4521 aiae
412 4477 522 4522 tonora
540 4484 664 4533 reorum,
684 4466 811 4537 Lugduni
831 4467 1009 4521 Batavorum.
