3350 5100
328 264 396 329 570
848 282 932 328 sans
956 280 1006 329 111.

326 408 594 475 ctequeteneantur,
608 402 716 457 nullum
737 403 859 459 invidiae
870 404 1066 473 infamiaeque,
1081 402 1126 457 vel
1139 402 1214 455 aliud
1228 401 1346 473 quodvis
1358 400 1512 471 periculum

327 511 419 565 timeri
438 515 539 580 potest,
561 510 634 581 quod
653 509 697 564 vel
719 515 803 565 testea
824 526 842 563 a
859 510 976 564 dicende
994 510 1125 575 veritate,
1138 508 1183 563 vel
1198 513 1389 577 competentes
1407 506 1511 563 iudices
1588 490 1596 501 ⁰

327 620 362 672 ab
382 618 576 687 investigando
589 622 618 672 et
631 616 775 687 condignis
794 618 891 687 poenis
909 616 1154 671 animadvertendo
1172 615 1382 670 sollicitationis
1394 614 1510 669 crimine

328 723 480 777 contineat.

421 830 459 882 15.
478 828 619 883 ludultum
638 830 693 883 luit
712 828 793 884 aPio
806 829 843 881 Vl
863 830 892 883 in
910 830 1104 894 instructione,
1116 829 1218 898 deque
1236 834 1320 882 antea
1338 828 1444 881 dictum
1457 830 1510 891 est,

328 937 484 991 ann01775
504 936 538 990 ad
551 936 693 990 vicarium
713 936 898 1005 apostolicum
916 936 1083 991 Cocinoinae
1100 936 1176 999 date,
1188 939 1221 989 ul
1238 952 1303 990 cum
1314 934 1509 989 difficillimum

327 1047 365 1100 sit
383 1048 411 1099 in
431 1046 488 1100 illie
507 1051 565 1100 tam
583 1045 690 1100 dissitis
709 1063 742 1101 ec
760 1046 911 1116 disperatis
930 1046 1094 1115 regionibus
1111 1061 1146 1100 aa
1157 1045 1251 1099 omnia
1269 1044 1436 1098 adamussim
1454 1059 1512 1099 ser-
1571 1032 1576 1043 '

329 1168 402 1218 vare,
422 1152 540 1222 quaein
559 1150 636 1205 hisce
654 1150 746 1206 causis
765 1151 902 1206 servanda
922 1158 1001 1211 sunt;
1020 1157 1049 1204 et
1068 1166 1130 1203 cum
1149 1150 1172 1203 si
1191 1149 1287 1219 aliqua
1304 1165 1340 1203 ex
1358 1147 1403 1220 his
1426 1150 1513 1203 omit·

328 1262 434 1323 tantur,
446 1259 555 1313 iustitia
574 1274 629 1314 non
648 1258 781 1329 patiatur,
795 1262 827 1311 ut
847 1274 953 1327 poenae
973 1258 1136 1326 infligentur
1154 1256 1286 1310 aduersus
1304 1271 1375 1323 reos,
1388 1255 1421 1309 de
1439 1272 1511 1325 quo-

330 1382 389 1419 rum
400 1366 516 1419 crimine
526 1365 672 1419 indiciaria
682 1365 791 1419 ratione
801 1363 892 1419 adhuc
904 1364 1073 1418 sufficienter
1083 1379 1137 1417 non
1148 1366 1268 1427 constet,
1277 1366 1344 1416 tunc
1355 1361 1513 1416 consultius

329 1474 446 1527 tortasse
464 1476 537 1527 esset
555 1472 578 1524 si
598 1476 679 1527 extre
703 1471 796 1525 iudicii
816 1472 941 1526 ordinem
968 1471 1133 1540 procedatur
1151 1470 1185 1524 ad
1203 1470 1404 1524 occurrendum
1429 1474 1512 1523 tento

304 1564 307 1569 ¹
328 1580 403 1633 malo
421 1580 520 1635 mediis
535 1584 564 1633 et
582 1580 670 1634 modis
689 1580 779 1649 magis
797 1579 928 1633 facilibus
941 1583 970 1633 et
983 1578 1130 1647 expeditis,
1141 1594 1211 1648 quos
1224 1579 1252 1631 in
1265 1578 1376 1631 casibus
1389 1577 1512 1645 particu-

329 1684 435 1737 laribus
449 1684 554 1738 Vicarii
567 1684 713 1753 apostolici
726 1683 875 1754 prudentie
886 1699 949 1737 cum
962 1683 1118 1737 animarum
1131 1682 1191 1737 zelo
1206 1682 1356 1737 coniuncta
1368 1688 1511 1752 suggeret.

330 1792 387 1845 lam
399 1807 465 1847 vero
478 1791 595 1861 quisque
614 1790 689 1847 videt
707 1789 780 1845 hanc
793 1790 997 1858 indulgentiam
1016 1806 1066 1859 pro
1078 1788 1148 1844 locis
1166 1790 1236 1844 adeo
1253 1789 1360 1844 dissitis
1376 1806 1410 1843 ac
1421 1789 1514 1858 dispe·

331 1896 399 1949 retis
417 1896 519 1951 factem
544 1912 634 1967 neque
659 1896 787 1949 omnibus
805 1911 867 1950 esse
890 1911 1080 1962 communem,
1099 1912 1189 1967 neque
1212 1896 1318 1967 ebsqne
1342 1894 1513 1965 apostolicae

331 2002 408 2057 Sedis
427 2002 594 2057 auctoritate
613 2004 673 2057 iure
692 2018 771 2071 posse
791 2003 885 2055 ubivis
903 2002 1004 2057 induci.

423 2104 463 2159 16.
487 2104 617 2160 Ceterum
638 2106 660 2158 si
686 2105 810 2159 locorum
837 2104 976 2160 Ordinarii
1001 2108 1030 2159 in
1054 2106 1234 2161 conficiendis
1257 2106 1447 2176 processibus3
1465 2106 1511 2175 vel

330 2212 424 2277 etiam,
444 2211 571 2266 conlecto
590 2226 734 2280 processu,
753 2213 782 2265 in
800 2212 966 2281 proferende
989 2213 1132 2267 sententia
1149 2218 1248 2268 contra
1271 2212 1459 2267 sollicitantes
1475 2214 1512 2267 ed

329 2318 422 2387 turpia
441 2320 469 2371 in
491 2319 662 2373 confessione
686 2317 863 2388 gravioribus
887 2319 1066 2375 involvantur
1091 2318 1313 2385 difficultatibus,
1333 2336 1391 2373 rem
1417 2327 1511 2373 trans·

330 2424 420 2477 missia
439 2424 524 2492 actis,
542 2424 650 2479 deterre
677 2428 808 2493 poterunt
825 2424 863 2477 ad
880 2424 954 2480 hanc
978 2442 1136 2494 supremam
1157 2425 1418 2497 congregationem,
1438 2443 1512 2496 quae

331 2530 485 2600 peculiares
498 2532 696 2588 instructiones
709 2532 829 2603 singulis
842 2533 952 2588 casibus
966 2532 1198 2598 accommodatas,
1211 2538 1243 2588 ut
1257 2551 1340 2605 saepe
1353 2536 1394 2602 fit,
1410 2533 1510 2601 tradet,

332 2655 365 2692 ac
383 2639 555 2693 definitivam
573 2640 753 2706 sententiam,
771 2640 795 2694 si
813 2641 964 2710 expediens
981 2643 1077 2706 luerit,
1094 2642 1155 2710 ipse
1173 2643 1305 2711 proteret.

421 2745 495 2800 Haec
508 2749 573 2800 suut
584 2763 656 2818 quae
668 2747 701 2801 sd
717 2747 886 2817 praedictam
899 2749 1072 2818 pontificiam
1084 2749 1310 2804 constitutionem
1325 2755 1408 2802 caute
1421 2752 1512 2802 recte·

332 2869 384 2923 quc
403 2853 592 2924 exequendam
618 2855 789 2922 conducunt,
808 2871 950 2928 quaeque,
968 2861 1065 2925 utpote
1084 2858 1188 2928 ubique
1212 2857 1335 2910 locorum
1360 2858 1512 2910 observatu

331 2957 435 3026 facilia,
447 2974 528 3012 sacra
545 2958 614 3014 haec
626 2958 815 3030 Congregatio
834 2977 979 3030 supremae
991 2966 1021 3017 et
1032 2962 1199 3016 universalis
1211 2962 1402 3032 Inquisitionis
1416 2968 1511 3030 pasto·

332 3062 385 3115 rali
404 3062 612 3117 Ordinariorum
631 3063 690 3118 zelo
709 3081 741 3117 ec
759 3064 942 3118 sollicitudini
961 3064 1141 3122 vehementer
1158 3068 1341 3120 commendet.
