3350 5100
499 330 543 376 nn
568 328 707 376 romeus
732 327 985 377 cnrurnamnus.
1265 311 1332 376 235

283 452 319 538 4)
343 453 382 516 ln
410 470 533 536 genere
563 451 670 515 torum
701 452 813 516 delicti
845 457 893 515 est
923 452 1013 516 locus
1045 449 1096 516 ubi
1128 453 1251 517 crimen
1284 458 1333 518 est

157 583 435 648 omncmmctum,
452 595 510 642 seu
533 575 587 641 ubi
610 544 747 647 crimen,
763 575 839 640 alibi
863 581 918 640 aut
942 576 1125 640 mandatum
1149 581 1205 641 ant
1228 577 1333 642 incoe-

155 705 247 785 ptum,
257 708 311 767 est
322 703 514 767 executione
525 700 707 785 perfectum
721 704 754 764 et
765 704 1031 766 consummatum.
1043 701 1114 766 Hac
1126 699 1167 766 de
1178 719 1285 784 causa,
1299 703 1331 766 in

155 822 239 890 libris
249 825 436 911 improbata
446 825 624 896 electionis,
637 845 702 890 non
715 825 894 890 attenditur
907 826 999 889 locus
1016 823 1069 890 ubi
1083 825 1332 907 imprimuntur

156 951 232 1023 libri,
249 951 310 1016 sed
326 951 379 1016 ubi
395 951 553 1016 eduntur.
571 949 621 1016 01.
638 950 712 1013 Vol.
731 951 791 1022 Ill,
808 970 840 1012 n.
857 949 923 1014 388
939 969 986 1032 sq.
1006 984 1022 996 -
1038 951 1189 1014 Ceterum
1206 949 1332 1033 quando

157 1082 200 1141 est
220 1077 353 1142 dubium
369 1076 512 1161 quinam
534 1078 577 1140 sit
599 1074 698 1141 iudex
720 1081 917 1160 competens,
935 1075 988 1138 vel
1011 1077 1086 1158 quia
1109 1095 1173 1138 uon
1197 1081 1335 1160 apparet

155 1200 204 1264 ubi
225 1205 352 1266 crimen
373 1207 423 1266 est
441 1205 697 1266 consummatum
713 1200 764 1265 vel
783 1202 859 1284 qnia
876 1201 939 1264 DD.
957 1200 1177 1282 quaestionem
1194 1199 1333 1266 diversi·

157 1327 241 1391 mode
266 1327 438 1392 resolvunt
460 1331 539 1391 tunc
562 1332 612 1390 est
635 1327 729 1392 locus
746 1325 998 1409 praeventioni.
1024 1324 1204 1410 Schmalzg.
1220 1345 1253 1390 n.
1276 1325 1333 1390 69.

240 1451 316 1516 167.
326 1449 389 1516 Sed
398 1451 515 1515 adsunt
522 1469 682 1534 personae
691 1449 925 1534 privilegiatae,
939 1467 1021 1532 quae
1034 1449 1109 1513 huic
1122 1449 1257 1534 regulae
1269 1467 1334 1514 nou

158 1573 303 1650 subsuut;
316 1576 469 1640 nimirum
485 1575 646 1659 Episcopi,
663 1592 799 1656 quorum
816 1591 933 1637 causae
953 1572 1057 1637 videri
1075 1572 1190 1638 debent
1205 1574 1238 1638 in
1256 1574 1334 1638 Con-

48 1668 49 1673 *
158 1700 225 1764 cilio
253 1700 450 1785 provinciali
480 1700 534 1764 vel
564 1700 592 1764 si
622 1700 792 1784 graviores
823 1718 843 1762 a
874 1699 905 1764 S.
932 1695 1105 1770 Pontifice,
1138 1717 1181 1762 ex
1211 1693 1334 1764 Concil.
1422 1687 1424 1692 ’

158 1825 238 1890 Trid.
261 1844 345 1891 sess.
362 1823 415 1900 13,
439 1845 514 1908 cap.
532 1825 566 1905 8,
590 1824 641 1889 De
657 1821 735 1906 ref.,·
758 1826 835 1888 item
854 1824 1048 1909 Regularum
1066 1822 1122 1887 sed
1138 1824 1186 1888 ius
1202 1821 1334 1888 Triden-

157 1950 252 2014 tinum
276 1930 488 2014 limitationes
510 1950 667 2034 apposuit,
690 1947 872 2013 decernens
898 1947 1106 2032 Regularem,
1132 1949 1195 2030 qui,
1213 1947 1335 2032 degens

159 2080 247 2140 extra
271 2074 426 2154 claustra,
449 2073 606 2156 delinquit
627 2079 685 2136 aut
714 2075 802 2137 intra
832 2072 976 2138 claustra
999 2071 1154 2156 delinquit
1181 2071 1237 2138 sed
1262 2092 1334 2138 cum
1426 2099 1428 2103 ’

159 2198 308 2262 scandalo
339 2195 492 2270 fidelium,
522 2196 563 2261 ab
592 2197 753 2280 Episcopo
784 2196 849 2260 loci
879 2196 1099 2261 ecclesiastica
1129 2195 1332 2264 animadver-

159 2324 243 2386 sione
266 2324 430 2407 compesci
453 2321 581 2386 valere:
599 2321 642 2385 ct.
657 2339 736 2386 sess.
754 2321 786 2394 6,
805 2340 880 2402 cap.
904 2319 928 2386 3
952 2319 1005 2385 De
1025 2320 1089 2402 ref.
1115 2325 1147 2386 et
1170 2339 1248 2386 sess.
1273 2320 1334 2394 25,

161 2465 229 2528 cap.
263 2447 309 2511 14
338 2447 391 2510 De
422 2445 661 2532 reputandum
692 2443 791 2511 Glem.
829 2445 913 2510 VllI
949 2445 1058 2510 const.
1092 2443 1333 2527 ‹Suscepit›

160 2590 181 2636 a
201 2572 292 2638 1596
299 2591 314 2655 ,·
337 2576 372 2636 et
394 2570 502 2637 const.
529 2571 623 2635 Pauli
648 2571 713 2636 V·
729 2569 982 2655 Relipiosornm
999 2589 1050 2635 -α
1074 2569 1176 2634 1607.

244 2694 321 2761 168.
348 2696 386 2760 ln
401 2695 475 2759 foro
490 2695 713 2761 ecclesiastico
730 2714 795 2759 non
810 2694 861 2760 ias
876 2700 925 2759 est
941 2694 1036 2759 iudici
1049 2713 1141 2758 reum
1157 2693 1336 2779 deprehen·
1353 2758 1355 2763 ,

161 2819 234 2886 dere
250 2841 346 2904 quem
363 2821 396 2885 in
412 2839 471 2884 suo
485 2820 653 2886 territorio
669 2822 795 2905 reperit
810 2824 1083 2893 commorantem
1100 2817 1256 2903 siquidem
1271 2837 1336 2883 non

160 2946 243 3030 riget
272 2946 345 3010 iure
367 2945 589 3011 ecclesiastico
619 2945 737 3027 forum
761 2944 1048 3027 deprehensionis,
1073 2944 1118 3008 uti
1149 2942 1336 3009 considera·

162 3090 228 3134 mus
248 3070 286 3134 in
308 3075 401 3150 nota,
415 3071 490 3153 quia
506 3090 582 3136 reus
598 3072 734 3137 sortitur
757 3070 864 3155 ¹forum
880 3074 936 3134 ant
951 3068 1114 3136 domicilii
1132 3059 1188 3135 aut
1203 3068 1315 3135 delicti
1323 3090 1338 3153 ,·

163 3211 227 3278 arg.
251 3195 305 3258 cit.
329 3211 404 3276 cap.
428 3193 481 3257 20
501 3192 552 3258 De
582 3192 649 3275 sor.
682 3202 822 3275 compet.
854 3192 1070 3257 Nihilominus
1099 3192 1188 3277 oapi,
1220 3196 1337 3279 quippe

162 3316 270 3381 nullibi
292 3315 416 3381 habent
437 3316 641 3390 domicilium,
666 3337 708 3381 ne
732 3319 861 3401 impune
891 3317 1088 3400 delinquant,
1113 3336 1209 3401 quum
1240 3317 1337 3383 facile

165 3439 270 3524 egredi
291 3440 427 3506 valeant
441 3460 460 3505 c
475 3442 644 3507 territorio
667 3439 721 3505 ubi
744 3442 868 3505 crimen
884 3446 1046 3525 patratum
1062 3446 1120 3513 est,
1138 3440 1336 3526 deprehendi

164 3562 271 3629 nalem
290 3562 346 3627 ubi
368 3565 578 3648 reperiuntur
593 3562 634 3628 ob
655 3564 792 3629 crimina
814 3562 890 3627 alibi
915 3570 1059 3648 patrata3
1077 3582 1132 3628 seu
1157 3564 1338 3629 sortiuntur

164 3687 277 3764 sorum
290 3687 578 3771 deprehensionis.
596 3689 755 3753 Convenit
770 3687 853 3772 apud
870 3708 980 3753 omnes
997 3688 1061 3753 DD.
1074 3708 1081 3753 :
1095 3687 1137 3753 cf.
1155 3688 1335 3774 Schmalzg.

167 3812 194 3875 h.
217 3820 238 3874 t.
255 3830 289 3876 n
305 3812 363 3879 66.
378 3848 394 3859 ·
412 3812 523 3888 Quoad
543 3814 652 3879 curias
668 3812 785 3878 eccles.
802 3813 866 3877 hoc
883 3812 991 3877 forum
1007 3812 1104 3876 etiam
1120 3810 1226 3892 hodie,
1240 3831 1337 3895 quum

166 3934 287 4001 deficiat
311 3937 435 4003 familia
465 3942 602 4011 armata,
629 3940 674 4002 ita
705 3938 844 4023 intelligi
875 3935 979 4009 debet,
1005 3941 1039 4003 ut
1069 3938 1247 4022 Episcopus
1274 3938 1338 4003 loci

167 4060 215 4125 ubi
237 4080 342 4147 oopus
365 4068 594 4135 commoratur,
611 4063 712 4148 possit
735 4062 883 4127 eumdem
907 4061 1065 4128 citatione
1083 4063 1279 4147 praevenire
1303 4069 1339 4129 ut

168 4186 353 4270 respondeat
376 4206 489 4253 coram
512 4189 581 4253 eius
604 4186 758 4252 tribunali
782 4184 824 4251 de
858 4184 1046 4280 criminibus
1077 4186 1153 4251 alibi
1179 4186 1336 4254 admissis.

168 4308 236 4377 Hoc
258 4310 366 4377 lacere
389 4311 562 4397 aliquando
586 4319 715 4399 oportet
737 4312 779 4379 ad
802 4312 1017 4379 auferendum
1041 4312 1239 4378 scandalum.

255 4433 324 4501 169.
349 4436 456 4511 Quum
479 4440 695 4524 competentia
718 4438 935 4505 territorialis
959 4457 1017 4503 seu
1041 4436 1255 4503 determinata
1283 4458 1340 4504 ra·
