3350 5100
622 340 828 389 snnnearun
852 340 897 386 rr.
1284 318 1350 384 643

180 434 187 445 ¹
259 462 379 525 Quodsi
399 461 553 533 appellatio
572 460 697 515 indicate
713 462 800 516 fuerit
816 460 1009 524 insubsistens,
1030 463 1092 528 post
1110 459 1225 512 verbnm
1246 458 1352 513 Decio*

164 584 267 625 eomas
285 573 421 639 ponaturs

261 674 440 731 Declaramua
458 680 487 731 et
505 675 625 729 dicimus
645 676 716 729 bene
734 675 820 729 fuisse
838 690 855 727 a
873 676 1028 729 memorato
1047 672 1137 727 iudice
1150 672 1351 727 interlocutum

163 788 200 839 et
217 784 292 839 male
310 800 327 836 a
347 782 489 853 praedicto
509 781 627 837 Domino
645 780 680 835 N.
699 780 882 851 appellatum.

259 889 434 960 Quapropter
453 905 508 943 non
526 890 657 943 obstante
677 887 819 957 praedicte
837 886 1035 957 appellatione,
1055 886 1156 941 debere
1179 884 1353 955 praedictum

168 998 291 1053 iudicem
309 997 340 1050 in
358 1013 443 1051 causa
462 996 620 1067 procedere,
639 1000 722 1066 prout
740 995 774 1050 de
792 996 862 1061 iure,
881 994 1055 1049 decernimus
1076 998 1105 1049 et
1131 993 1353 1067 pronuntiamus.

168 1104 273 1158 Datum
291 1107 344 1159 etc.

249 1390 366 1438 FGRNA
390 1389 580 1436 lNGIPlENDl
604 1389 798 1436 Pnocessuu
820 1388 910 1436 APUD
935 1387 1077 1436 lUDlGEll
1101 1389 1145 1434 AD
1170 1386 1274 1442 Quum,

281 1511 418 1566 QUANDO
442 1509 668 1558 APPELLATUM
692 1511 753 1559 sssr
775 1512 798 1559 Α
819 1510 1009 1559 SENTENTIA
1027 1509 1237 1557 DBNlNlTlVrl.

262 1740 292 1793 ln
311 1740 430 1795 Nomine
449 1740 567 1795 Domini.
581 1743 679 1795 Amen.
699 1739 769 1793 Gom
787 1739 823 1793 ad
843 1739 1023 1794 reverendum
1044 1738 1076 1792 N.
1097 1737 1179 1792 huius
1198 1737 1355 1793 archidioe·

164 1861 268 1901 ceseos
287 1844 431 1899 vicarium
449 1844 625 1912 Generalem,
644 1846 806 1900 transmisse
818 1845 936 1899 fuissent
949 1818 1014 1899 acta
1027 1843 1215 1913 processualin
1227 1844 1257 1897 in
1273 1860 1358 1897 causa

169 1952 312 2006 criminali
333 1952 442 2007 Domini
462 1951 495 2006 N.
509 1952 657 2018 habitnin
673 1953 774 2024 quibus
786 1953 949 2008 continetur
967 1952 1109 2006 sententia
1128 1951 1356 2006 condemnatoris

166 2064 270 2113 contra
289 2061 448 2128 praelatum
467 2058 500 2113 N.
520 2060 580 2113 lata
597 2076 615 2111 a
634 2058 786 2114 reverendo
805 2059 838 2113 N.
859 2058 972 2113 Vicario
992 2056 1299 2114 Generali'dioeceseos
1320 2058 1356 2112 N.

167 2170 202 2220 et
219 2164 312 2221 iudice
330 2165 481 2232 ordinario,
500 2182 551 2220 nec
573 2180 628 2220 non
648 2166 783 2234 praedicti
797 2165 906 2219 Domini
927 2164 959 2219 N.
979 2182 999 2219 a
1016 2166 1093 2219 dicte
1111 2165 1252 2219 sententia
1271 2164 1358 2219 inter·

167 2271 247 2326 -iecta
265 2272 300 2325 ed
318 2271 565 2341 metropolitanum
585 2273 709 2327 tribunal
729 2272 891 2342 appellatio,
904 2272 987 2326 simul
1004 2288 1066 2327 cum
1085 2270 1174 2327 eidem
1193 2273 1269 2325 facta
1288 2287 1357 2342 apo·

170 2377 310 2431 stolorum
333 2376 559 2431 dimissorialium
583 2379 773 2443 concessione
792 2383 822 2433 et
840 2383 1012 2433 memoratus
1031 2378 1165 2431 Dominus
1189 2376 1224 2431 N.
1242 2392 1355 2446 compa·

172 2484 277 2538 ruisset
295 2499 389 2537 coram
415 2486 542 2554 praefato
566 2485 721 2540 reverendo
745 2483 777 2538 N.
797 2484 910 2539 Vicario
929 2484 1073 2552 Generali,
1091 2484 1126 2539 ad
1145 2484 1276 2539 ellectum
1296 2500 1360 2554 pro·

170 2592 332 2663 coquendae
350 2609 417 2648 suae
436 2592 649 2662 appellationis3
667 2594 741 2648 idem
766 2594 934 2649 reverendus
954 2593 1083 2648 Vicariua
1102 2591 1248 2650 Generalis
1275 2592 1358 2646 huius

170 2696 422 2762 archidioeceaeos‚
440 2696 566 2751 adhibito
583 2713 629 2752 me
647 2697 826 2767 infrascripto
845 2698 956 2752 notario
980 2697 1093 2767 publico
1112 2703 1141 2753 et
1160 2697 1243 2752 huius
1262 2697 1357 2752 curiae

165 2801 310 2869 actuario,
328 2801 453 2856 decreuit
472 2809 555 2872 prout
572 2802 606 2858 de
625 2805 703 2869 iure,
729 2804 759 2857 in
782 2820 868 2857 causa
894 2803 1070 2873 supradictae
1095 2804 1275 2874 apellationis
1295 2820 1358 2874 pro·

168 2906 283 2962 cedere.
366 2918 374 2933 ·

265 3017 337 3069 Acte
359 3022 425 3069 sunt
450 3014 519 3070 haee
543 3016 615 3072 die...
640 3018 769 3072 mensis..
789 3034 889 3072 enno...

611 3160 671 3229 ligo
696 3160 729 3214 N.
753 3159 991 3217 archidioeceseos
1016 3162 1049 3216 N.
1070 3161 1182 3217 Vicario
1202 3161 1357 3217 Generalis.

612 3265 672 3337 Ego
692 3265 724 3320 N.
744 3268 903 3322 Actnarius.

266 3441 476 3512 Consequenter
502 3445 619 3496 vocatus
643 3442 819 3512 supradictus
844 3441 977 3497 Dominus
1002 3443 1035 3498 N.
1062 3461 1125 3499 reus
1150 3449 1314 3515 praeteriens
1343 3462 1360 3499 a

175 3547 340 3602 Reverendo
360 3547 472 3603 Vicario
491 3548 621 3602 Generali
640 3549 734 3603 iussus
750 3553 794 3604 est
811 3548 955 3616 exhibere,
968 3551 991 3604 si
1005 3567 1074 3622 quos
1093 3549 1211 3607 haberet
1229 3569 1359 3623 praesen·

176 3654 276 3710 tandos
293 3655 435 3722 articulos,
455 3655 684 3725 adprehendam
705 3673 790 3728 supra
814 3662 986 3714 memoratae
1011 3660 1169 3714 sententiae
1191 3659 1359 3714 iniustitiam

171 3761 212 3828 (si
231 3759 326 3816 nullos
344 3760 414 3817 velit
436 3761 564 3817 defensor
588 3763 724 3818 articulos
744 3769 931 3834 praesentare,
957 3771 1071 3822 notetur
1090 3771 1122 3821 ut
1140 3767 1286 3838 sequitur).
1306 3765 1359 3828 Qui
1422 3765 1426 3770 '

178 3871 321 3940 respondit
338 3887 369 3926 se
389 3870 459 3925 nihil
478 3869 582 3926 habere
600 3871 774 3928 edddendum
791 3873 840 3939 iis,
866 3889 939 3944 quae
961 3874 991 3927 in
1016 3873 1087 3929 actis
1112 3874 1306 3942 continentum
1325 3893 1360 3931 cx

171 3975 281 4045 quibus
299 3975 469 4031 sufficienter
487 3977 635 4046 apparebit
654 3976 746 4033 dictae
758 3978 918 4033 sententiae
930 3978 1077 4034 iniustitia.
1088 3980 1130 4052 (ln
1140 3996 1195 4051 quo
1207 3997 1273 4036 casu
1287 3981 1359 4036 nihil

179 4079 335 4134 remanebit
353 4078 438 4133 iudici
456 4079 630 4148 iaciendum,
647 4097 732 4151 quam
750 4085 816 4136 acta
834 4081 1024 4151 processualia
1047 4083 1103 4137 iam
1127 4083 1225 4139 habita
1243 4103 1360 4157 perpen-

172 4185 246 4241 dere
263 4191 293 4241 et
310 4186 481 4242 sententiam
501 4187 692 4257 pronuntiare.
711 4187 741 4242 Si
759 4205 827 4243 vero
840 4187 975 4250 articulos
987 4188 1247 4262 exhibeat,‘scribat
1266 4197 1362 4248 aetua-

178 4291 236 4345 rius
255 4291 308 4346 hoc
324 4291 425 4364 modo).
444 4292 497 4353 Qui
515 4294 612 4348 statim
632 4293 759 4349 chartam
777 4295 962 4352 defensoriam
982 4299 1181 4368 praesentavit,
1200 4315 1272 4370 quae
1292 4300 1360 4354 inci·

178 4398 256 4467 pit...
281 4403 310 4454 et
333 4398 472 4454 desinit...
497 4404 526 4455 ot
551 4400 585 4455 ad
610 4403 771 4458 mandatum
796 4405 940 4460 reuerendi
968 4405 1000 4460 N.
1029 4407 1132 4461 Vicarii
1159 4407 1304 4463 Generalis
1331 4409 1359 4465 in
