3350 5100
304 238 371 301 444
812 260 896 305 rans
927 260 977 307 111.

304 391 422 446 ventur
446 402 579 447 normae
602 383 778 477 iudiciales,
803 386 849 451 uti
873 384 961 450 iubet
984 386 1086 470 ipsum
1112 385 1232 450 Concil.
1258 384 1345 449 Sese.
1367 382 1415 447 24
1431 380 1484 449 De

303 502 369 589 ref.
393 524 468 587 cop.
492 506 517 571 5
540 503 737 572 confirmans
758 525 835 590 cop,
859 508 909 573 24
933 508 983 573 De
1005 527 1107 575 occur
1130 508 1165 573 X
1177 508 1233 591 (V,
1261 507 1304 589 l).
1331 542 1348 555 ·
1374 506 1484 581 Quare

304 627 481 694 Concilium
504 628 564 693 sibi
588 628 838 704 contradiceret,
859 632 885 695 si
909 632 946 696 in
969 649 1043 714 cop.
1062 634 1090 705 1,
1117 632 1204 697 Scae.
1223 630 1266 697 14
1287 630 1486 715 permisisset

163 765 169 777 ·
303 753 471 837 Episcopis
493 752 673 839 procedere
703 755 996 821 extraiudicialiter
1020 758 1053 821 iu
1076 755 1202 821 delictis
1220 754 1377 838 publicis,
1402 773 1485 839 quae

303 896 419 961 nempe
441 879 474 941 in
498 877 616 944 iudicio
639 878 771 963 probari
795 880 914 944 valent.
931 880 974 945 Et
998 880 1029 945 S.
1055 880 1088 945 C.
1108 880 1228 945 Concil.
1254 878 1310 944 die
1325 878 1377 943 22
1394 878 1485 943 Iunii

302 1001 396 1067 1582
419 1004 596 1087 rescripsit,
620 1003 843 1069 Tridentinum
869 994 1041 1070 Decretum
1065 1005 1251 1069 correxisse
1273 1023 1301 1069 c.
1318 1002 1350 1073 4.
1372 1004 1417 1067 tit.
1436 1002 1485 1068 De

304 1130 404 1209 emp.
431 1128 554 1201 orem,
579 1136 613 1195 n
631 1109 804 1215 'ampliasse
828 1150 855 1195 ο.
879 1130 1025 1195 sermo.
1052 1130 1098 1194 nt.
1122 1130 1220 1213 niqui
1241 1130 1274 1192 in
1290 1128 1353 1194 noc
1376 1127 1484 1211 capre

302 1270 410 1314 sermo
433 1257 491 1332 est,
516 1253 620 1335 quoad
645 1254 856 1339 Regularium
880 1254 1090 1339 disciplinam,
1115 1252 1156 1318 de
1179 1252 1369 1319 criminibus
1396 1259 1484 1317 taxa·

302 1372 368 1435 tire
391 1374 539 1439 occultis.
564 1374 659 1439 Hauc
680 1376 942 1459 propositionem,
967 1382 1061 1440 extra
1089 1394 1216 1441 omnem
1247 1375 1332 1441 dubii
1364 1376 1483 1455 aleam,

302 1498 446 1579 posuisse
469 1496 623 1564 dicendus
646 1504 704 1572 est,
728 1500 923 1566 auctoritate
945 1497 1118 1585 pontificia
1137 1499 1331 1565 Benedictus
1346 1500 1430 1565 XIV
1450 1500 1484 1563 in

303 1620 409 1685 Opust.
429 1657 447 1671 ·
464 1622 521 1687 Ad
536 1624 719 1689 militantes
735 1660 755 1672 -
772 1644 869 1710 quum
887 1626 995 1689 varios
1012 1643 1188 1689 recensens
1204 1644 1308 1695 casus,
1322 1624 1355 1687 in
1371 1622 1484 1707 quibus

302 1766 367 1809 non
384 1746 479 1811 datur
494 1747 676 1831 appellatio,
693 1749 733 1813 iis
752 1752 905 1814 accenset
927 1748 1110 1815 sententiae
1131 1766 1177 1813 em
1199 1722 1388 1829 infimata
1404 1765 1482 1813 con-

302 1872 452 1953 scientia,
476 1875 567 1937 aiens
593 1895 611 1936 ‹
636 1874 721 1939 item
744 1892 767 1938 a
789 1874 1011 1960 <tempatione
1038 1892 1218 1940 sacrorum
1245 1872 1407 1939 ordinum
1431 1872 1484 1937 cet

302 2015 463 2062 ascenns
477 1998 524 2063 ed
539 1998 803 2081 crinemcrinem
814 2004 923 2081 prout
937 1998 1038 2063 etiem
1051 1998 1216 2064 adver-cns
1228 1998 1482 2079 suspectionem

303 2123 347 2189 ob
362 2123 541 2190 ordinetur
551 2126 623 2189 iom
634 2125 797 2207 noscentis
814 2144 857 2190 on
872 2140 1004 2191 cnruan
1022 2143 1200 2192 occuurou
1212 2144 1290 2192 eivs
1307 2144 1353 2190 nx
1369 2143 1483 2190 iurna-

304 2266 396 2313 uara
419 2265 651 2329 conscissum,
673 2247 774 2314 inccta
788 2246 1046 2329 dispositionem
1063 2248 1163 2313 Sacri
1181 2248 1323 2313 Concilii
1338 2244 1424 2312 Sese.
1442 2246 1483 2310 14

304 2372 353 2437 De
370 2372 435 2455 ref.
452 2394 480 2439 c.
496 2374 514 2435 1
532 2395 562 2437 n.
579 2372 638 2439 Ubi
655 2374 738 2438 retio
761 2371 913 2457 loquendi
937 2374 991 2454 ita,
1009 2372 1083 2439 deta
1098 2392 1207 2458 opera,
1225 2380 1274 2439 est
1289 2375 1483 2437 concinnata

302 2502 339 2562 ut
349 2494 511 2582 significet
522 2533 534 2545 ·
546 2496 588 2564 ob
599 2497 768 2564 occultum
783 2496 880 2588 crim.
894 2502 978 2561 -et-
992 2514 1037 2562 em
1049 2495 1239 2579 informato
1250 2496 1480 2564 conscientia·

303 2621 385 2685 idem
414 2641 542 2686 sonare.
568 2623 648 2686 Nom
678 2621 839 2706 particula
864 2657 881 2670 ·
906 2621 976 2686 sive
997 2656 1015 2669 -
1040 2620 1166 2704 quando
1195 2621 1299 2685 medie
1324 2627 1374 2686 est
1396 2623 1483 2686 iuter

303 2745 380 2811 duas
404 2745 559 2811 dictiones
582 2765 647 2810 non
670 2747 863 2818 contrarias,
888 2745 945 2811 sed
968 2747 1097 2817 similes.
1123 2747 1187 2811 vim
1211 2745 1309 2811 habet
1332 2747 1483 2829 emptica·

303 2873 407 2939 tieem
431 2877 464 2936 et
486 2871 733 2938 dectorotioom
755 2873 846 2954 quasi
861 2872 898 2937 id
913 2877 969 2938 est.
988 2871 1133 2936 Barbosa
1147 2871 1318 2937 Dietiones
1332 2889 1398 2936 nso
1412 2869 1481 2951 fre·

303 3003 442 3080 patentes
455 3030 473 3043 -
487 2994 583 3060 dictio
599 2995 674 3068 363,
692 3015 723 3059 u.
740 2995 761 3057 7
777 3000 811 3061 et
825 2995 923 3060 dictio
940 2995 1015 3062 375.
1034 2996 1077 3062 Et
1091 2995 1123 3061 S.
1141 2995 1258 3081 congr.
1276 2995 1344 3060 ΕΕ.
1361 3000 1393 3059 et
1410 2995 1481 3060 RR.

302 3121 339 3184 in
361 3121 457 3184 retot.
483 3119 804 3189 instetissent.
826 3119 848 3184 9
871 3117 1051 3193 coufirmat,
1074 3125 1260 3204 potestatem
1285 3117 1481 3204 procedendi

302 3263 348 3310 erc
361 3243 553 3326 informata
567 3244 780 3318 conscientie,
793 3249 903 3308 tamen
918 3243 958 3309 ad
974 3264 1121 3310 normam
1136 3244 1294 3326 rescripti
1307 3243 1336 3308 S.
1353 3242 1387 3308 0.
1402 3242 1481 3308 Con·

302 3369 370 3434 cilii
400 3371 433 3433 in
457 3388 555 3434 causa
578 3370 735 3435 Bomien.
759 3375 790 3439 et
814 3369 974 3434 Sirmien.
1002 3369 1054 3434 20
1077 3369 1230 3436 Decemb.
1256 3366 1357 3450 1873,
1381 3367 1481 3448 (Aeto

303 3491 337 3559 S.
355 3490 451 3559 Sedis
475 3494 550 3558 Vol.
568 3493 644 3562 vn,
661 3513 690 3577 p.
707 3492 786 3578 569)
808 3494 841 3557 vi
858 3493 948 3558 cuius
965 3491 1161 3559 rescinditur
1176 3493 1337 3557 sententia
1355 3490 1423 3555 late
1438 3508 1480 3553 ex

301 3617 491 3697 informato
511 3617 716 3684 conscientia
738 3617 771 3680 in
795 3617 933 3682 crimine
953 3617 1088 3700 pttbtico
1112 3624 1146 3684 et
1167 3618 1205 3682 in
1226 3615 1309 3699 folio
1333 3615 1479 3681 refertur

302 3743 553 3828 iurisprudentia
577 3742 618 3807 H.
635 3743 666 3808 S.
684 3742 718 3806 Ο.
735 3743 831 3807 istam
855 3743 1000 3828 regulam
1025 3741 1230 3814 confirmans,
1256 3742 1429 3827 praecipue
1446 3741 1480 3804 iu

302 3886 367 3930 uua
378 3863 412 3929 S.
425 3865 575 3932 Severin.
591 3867 635 3931 19
650 3865 741 3949 Sept.
754 3865 856 3940 1778,
871 3867 904 3929 in
917 3885 982 3930 una
997 3867 1182 3934 Lucionen.
1196 3866 1219 3928 8
1235 3862 1367 3947 Aprilis
1379 3861 1478 3935 1848,

302 3997 335 4057 et
350 3993 382 4054 iu
399 4011 463 4056 une
485 3987 521 4055 8.
545 3991 700 4076 ispaniae
726 3990 914 4057 Gotnomm
936 3990 987 4054 26
1010 3991 1193 4056 Febrmorii
1216 3989 1318 4056 1853.
1335 3989 1479 4070 Denique

302 4114 333 4179 S.
352 4115 469 4200 congr.
487 4113 527 4178 de
544 4115 642 4200 Prop.
659 4113 728 4179 Fid.
753 4116 786 4180 iu
811 4116 914 4180 Instr.
932 4114 1017 4180 edite
1040 4116 1096 4181 die
1115 4117 1168 4181 20
1186 4115 1252 4193 Oct.
1269 4114 1357 4180 1884
1373 4111 1479 4178 obser·

301 4238 407 4302 venda
429 4240 463 4302 in
484 4241 653 4306 sententiis
668 4259 711 4304 ex
726 4237 916 4321 informato
932 4241 1134 4307 conscientia
1150 4261 1180 4306 a.
1197 4260 1225 4305 a.
1244 4240 1273 4314 8,
1295 4240 1326 4312 7,
1344 4239 1369 4303 8
1381 4254 1478 4322 prae-

301 4361 389 4446 cipit,
405 4362 465 4426 has
481 4361 632 4428 terendas
650 4381 722 4428 esse
744 4367 869 4430 tautum
894 4364 926 4426 iu
950 4363 1092 4431 crimine
1107 4367 1235 4432 occulto
1259 4369 1292 4430 et
1314 4361 1478 4428 notionem
