<?xml version="1.0" encoding="UTF-8"?>
<!DOCTYPE html PUBLIC "-//W3C//DTD XHTML 1.0 Transitional//EN"
    "http://www.w3.org/TR/xhtml1/DTD/xhtml1-transitional.dtd">
<html xmlns="http://www.w3.org/1999/xhtml" xml:lang="en" lang="en">
 <head>
  <title>
</title>
<meta http-equiv="Content-Type" content="text/html;charset=utf-8" />
  <meta name='ocr-system' content='tesseract 3.04.00' />
  <meta name='ocr-capabilities' content='ocr_page ocr_carea ocr_par ocr_line ocrx_word'/>
</head>
<body>
  <div class='ocr_page' id='page_1' title='image "./praelectionesin00legagoog_0667.png"; bbox 0 0 3350 5100; ppageno 0'>
   <div class='ocr_carea' id='block_1_1' title="bbox 399 302 1366 375">
    <p class='ocr_par' dir='ltr' id='par_1_1' title="bbox 399 302 1366 375">
     <span class='ocr_line' id='line_1_1' title="bbox 399 302 1366 375; baseline -0.007 0"><span class='ocrx_word' id='word_1_1' title='bbox 399 320 488 375; x_wconf 74' lang='lat' dir='ltr'><strong>QUAE</strong></span> <span class='ocrx_word' id='word_1_2' title='bbox 512 322 548 367; x_wconf 81' lang='lat' dir='ltr'><strong>lrt</strong></span> <span class='ocrx_word' id='word_1_3' title='bbox 572 321 704 375; x_wconf 77' lang='lat' dir='ltr'><strong>QUARTO</strong></span> <span class='ocrx_word' id='word_1_4' title='bbox 726 318 904 369; x_wconf 76' lang='lat' dir='ltr'><strong>VOLUMlNE</strong></span> <span class='ocrx_word' id='word_1_5' title='bbox 928 321 1165 369; x_wconf 69' lang='lat' dir='ltr'><strong>cunemannus</strong></span> <span class='ocrx_word' id='word_1_6' title='bbox 1299 302 1366 368; x_wconf 78' lang='grc'><strong>665</strong></span> 
     </span>
    </p>
   </div>
   <div class='ocr_carea' id='block_1_2' title="bbox 137 422 1370 2707">
    <p class='ocr_par' dir='ltr' id='par_1_2' title="bbox 137 422 1370 2707">
     <span class='ocr_line' id='line_1_2' title="bbox 192 422 1367 565; baseline 0 -16"><span class='ocrx_word' id='word_1_7' title='bbox 192 424 284 565; x_wconf 66' lang='lat' dir='ltr'><strong>tei:</strong></span> <span class='ocrx_word' id='word_1_8' title='bbox 297 422 752 563; x_wconf 57' lang='lat' dir='ltr'><strong>tntlztttttpttttt</strong></span> <span class='ocrx_word' id='word_1_9' title='bbox 806 422 1367 565; x_wconf 64' lang='lat' dir='ltr'><strong>tt¹¹ttttttttitttntttptt</strong></span> 
     </span>
     <span class='ocr_line' id='line_1_3' title="bbox 599 532 751 559; baseline 0.013 -2"><span class='ocrx_word' id='word_1_10' title='bbox 599 533 607 557; x_wconf 72' lang='grc'><strong>4</strong></span> <span class='ocrx_word' id='word_1_11' title='bbox 683 532 689 544; x_wconf 87' lang='grc'><strong>’</strong></span> <span class='ocrx_word' id='word_1_12' title='bbox 744 532 751 559; x_wconf 83' lang='grc'><strong>1</strong></span> 
     </span>
     <span class='ocr_line' id='line_1_4' title="bbox 190 564 1367 634; baseline -0.001 -14"><span class='ocrx_word' id='word_1_13' title='bbox 190 594 204 608; x_wconf 90' lang='grc'>·</span> <span class='ocrx_word' id='word_1_14' title='bbox 223 567 280 620; x_wconf 88' lang='grc'><strong>4114</strong></span> <span class='ocrx_word' id='word_1_15' title='bbox 297 566 441 621; x_wconf 82' lang='lat' dir='ltr'><strong>offendunt</strong></span> <span class='ocrx_word' id='word_1_16' title='bbox 458 565 622 634; x_wconf 75' lang='lat' dir='ltr'><strong>religionem</strong></span> <span class='ocrx_word' id='word_1_17' title='bbox 636 564 693 621; x_wconf 89' lang='lat' dir='ltr'><strong>Deo</strong></span> <span class='ocrx_word' id='word_1_18' title='bbox 705 564 751 621; x_wconf 89' lang='lat' dir='ltr'><strong>de·</strong></span> <span class='ocrx_word' id='word_1_19' title='bbox 805 570 853 619; x_wconf 87' lang='lat' dir='ltr'><strong>tur</strong></span> <span class='ocrx_word' id='word_1_20' title='bbox 863 565 999 631; x_wconf 76' lang='lat' dir='ltr'><strong>defensor,</strong></span> <span class='ocrx_word' id='word_1_21' title='bbox 1012 582 1047 619; x_wconf 91' lang='lat' dir='ltr'><strong>ne</strong></span> <span class='ocrx_word' id='word_1_22' title='bbox 1062 564 1221 621; x_wconf 84' lang='lat' dir='ltr'><strong>indefensus</strong></span> <span class='ocrx_word' id='word_1_23' title='bbox 1237 566 1367 622; x_wconf 90' lang='lat' dir='ltr'><strong>condem-</strong></span> 
     </span>
     <span class='ocr_line' id='line_1_5' title="bbox 191 636 1367 708; baseline 0.002 -17"><span class='ocrx_word' id='word_1_24' title='bbox 191 638 354 702; x_wconf 86' lang='lat' dir='ltr'><strong>bitam,alia</strong></span> <span class='ocrx_word' id='word_1_25' title='bbox 365 637 532 691; x_wconf 82' lang='lat' dir='ltr'><strong>charitatem</strong></span> <span class='ocrx_word' id='word_1_26' title='bbox 552 636 666 691; x_wconf 89' lang='lat' dir='ltr'><strong>laedunt</strong></span> <span class='ocrx_word' id='word_1_27' title='bbox 684 652 752 705; x_wconf 88' lang='lat' dir='ltr'><strong>erga</strong></span> <span class='ocrx_word' id='word_1_28' title='bbox 804 644 895 701; x_wconf 87' lang='lat' dir='ltr'><strong>uetur,</strong></span> <span class='ocrx_word' id='word_1_29' title='bbox 913 637 1041 708; x_wconf 85' lang='lat' dir='ltr'><strong>quamvis</strong></span> <span class='ocrx_word' id='word_1_30' title='bbox 1059 653 1108 705; x_wconf 89' lang='lat' dir='ltr'><strong>per</strong></span> <span class='ocrx_word' id='word_1_31' title='bbox 1125 654 1155 691; x_wconf 89' lang='lat' dir='ltr'><strong>se</strong></span> <span class='ocrx_word' id='word_1_32' title='bbox 1173 638 1263 706; x_wconf 85' lang='lat' dir='ltr'><strong>ipsum</strong></span> <span class='ocrx_word' id='word_1_33' title='bbox 1280 637 1367 693; x_wconf 91' lang='lat' dir='ltr'><strong>sede·</strong></span> 
     </span>
     <span class='ocr_line' id='line_1_6' title="bbox 190 708 1366 850; baseline 0.001 -18"><span class='ocrx_word' id='word_1_34' title='bbox 190 708 752 850; x_wconf 66' lang='lat' dir='ltr'><strong>tlte.titt-tttttttttt‘tt:</strong></span> <span class='ocrx_word' id='word_1_35' title='bbox 803 709 920 834; x_wconf 61' lang='lat' dir='ltr'><strong>itte</strong></span> <span class='ocrx_word' id='word_1_36' title='bbox 935 708 1190 849; x_wconf 68' lang='lat' dir='ltr'><strong>tttttt&#39;tt</strong></span> <span class='ocrx_word' id='word_1_37' title='bbox 1205 708 1366 849; x_wconf 65' lang='lat' dir='ltr'><strong>ttqttt</strong></span> 
     </span>
     <span class='ocr_line' id='line_1_7' title="bbox 191 850 1364 922; baseline -0.001 -17"><span class='ocrx_word' id='word_1_38' title='bbox 191 868 261 915; x_wconf 78' lang='lat' dir='ltr'><strong>mae.</strong></span> <span class='ocrx_word' id='word_1_39' title='bbox 274 854 339 906; x_wconf 80' lang='lat' dir='ltr'><strong>iln&#39;d.</strong></span> <span class='ocrx_word' id='word_1_40' title='bbox 353 867 414 922; x_wconf 75' lang='lat' dir='ltr'><strong>sp·</strong></span> <span class='ocrx_word' id='word_1_41' title='bbox 429 850 489 905; x_wconf 85' lang='lat' dir='ltr'><strong>Huc</strong></span> <span class='ocrx_word' id='word_1_42' title='bbox 501 856 630 920; x_wconf 84' lang='lat' dir='ltr'><strong>spectant</strong></span> <span class='ocrx_word' id='word_1_43' title='bbox 647 851 751 906; x_wconf 86' lang='lat' dir='ltr'><strong>delicta</strong></span> <span class='ocrx_word' id='word_1_44' title='bbox 803 868 884 905; x_wconf 90' lang='lat' dir='ltr'><strong>suum</strong></span> <span class='ocrx_word' id='word_1_45' title='bbox 910 850 1102 916; x_wconf 74' lang='lat' dir='ltr'><strong>defensorem,</strong></span> <span class='ocrx_word' id='word_1_46' title='bbox 1128 867 1192 919; x_wconf 88' lang='lat' dir='ltr'><strong>pag.</strong></span> <span class='ocrx_word' id='word_1_47' title='bbox 1211 850 1273 905; x_wconf 77' lang='grc'><strong>320.</strong></span> <span class='ocrx_word' id='word_1_48' title='bbox 1298 880 1311 892; x_wconf 85' lang='grc'><em>·</em></span> <span class='ocrx_word' id='word_1_49' title='bbox 1334 851 1364 904; x_wconf 88' lang='grc'><strong>14</strong></span> 
     </span>
     <span class='ocr_line' id='line_1_8' title="bbox 191 921 1364 992; baseline 0.002 -17"><span class='ocrx_word' id='word_1_50' title='bbox 191 938 308 978; x_wconf 88' lang='lat' dir='ltr'><strong>venerea</strong></span> <span class='ocrx_word' id='word_1_51' title='bbox 330 924 469 987; x_wconf 87' lang='lat' dir='ltr'><strong>incestus,</strong></span> <span class='ocrx_word' id='word_1_52' title='bbox 493 922 592 992; x_wconf 78' lang='lat' dir='ltr'><strong>stupri,</strong></span> <span class='ocrx_word' id='word_1_53' title='bbox 610 922 750 987; x_wconf 87' lang='lat' dir='ltr'><strong>adulterii,</strong></span> <span class='ocrx_word' id='word_1_54' title='bbox 803 922 959 991; x_wconf 72' lang='lat' dir='ltr'><strong>agitatione</strong></span> <span class='ocrx_word' id='word_1_55' title='bbox 987 938 1088 975; x_wconf 86' lang='lat' dir='ltr'><strong>causae</strong></span> <span class='ocrx_word' id='word_1_56' title='bbox 1112 921 1271 977; x_wconf 88' lang='lat' dir='ltr'><strong>immediate</strong></span> <span class='ocrx_word' id='word_1_57' title='bbox 1298 926 1364 977; x_wconf 89' lang='lat' dir='ltr'><strong>ante</strong></span> 
     </span>
     <span class='ocr_line' id='line_1_9' title="bbox 137 993 1364 1064; baseline 0.001 -17"><span class='ocrx_word' id='word_1_58' title='bbox 137 996 138 1001; x_wconf 76' lang='grc'>’</span> <span class='ocrx_word' id='word_1_59' title='bbox 191 1011 254 1064; x_wconf 87' lang='lat' dir='ltr'><strong>pag.</strong></span> <span class='ocrx_word' id='word_1_60' title='bbox 272 995 315 1048; x_wconf 89' lang='grc'><strong>64.</strong></span> <span class='ocrx_word' id='word_1_61' title='bbox 336 1023 349 1036; x_wconf 97' lang='grc'>-</span> <span class='ocrx_word' id='word_1_62' title='bbox 368 994 499 1047; x_wconf 85' lang='lat' dir='ltr'><strong>Criminis</strong></span> <span class='ocrx_word' id='word_1_63' title='bbox 523 994 750 1063; x_wconf 76' lang='lat' dir='ltr'><strong>impedimentum</strong></span> <span class='ocrx_word' id='word_1_64' title='bbox 802 995 971 1049; x_wconf 88' lang='lat' dir='ltr'><strong>senteutiam</strong></span> <span class='ocrx_word' id='word_1_65' title='bbox 990 994 1162 1048; x_wconf 79' lang='lat' dir='ltr'><strong>definitivam</strong></span> <span class='ocrx_word' id='word_1_66' title='bbox 1176 998 1307 1047; x_wconf 87' lang='lat' dir='ltr'><strong>accusato</strong></span> <span class='ocrx_word' id='word_1_67' title='bbox 1319 993 1364 1048; x_wconf 89' lang='grc'><strong>441</strong></span> 
     </span>
     <span class='ocr_line' id='line_1_10' title="bbox 153 1064 1364 1137; baseline 0 -18"><span class='ocrx_word' id='word_1_68' title='bbox 153 1068 155 1073; x_wconf 80' lang='grc'><strong>“</strong></span> <span class='ocrx_word' id='word_1_69' title='bbox 190 1082 225 1120; x_wconf 80' lang='lat' dir='ltr'><strong>ex</strong></span> <span class='ocrx_word' id='word_1_70' title='bbox 238 1081 358 1137; x_wconf 88' lang='lat' dir='ltr'><strong>quonam</strong></span> <span class='ocrx_word' id='word_1_71' title='bbox 371 1065 509 1120; x_wconf 84' lang='lat' dir='ltr'><strong>adulterio</strong></span> <span class='ocrx_word' id='word_1_72' title='bbox 522 1066 676 1135; x_wconf 86' lang='lat' dir='ltr'><strong>proveniat,</strong></span> <span class='ocrx_word' id='word_1_73' title='bbox 686 1082 749 1134; x_wconf 88' lang='lat' dir='ltr'><strong>pag.</strong></span> <span class='ocrx_word' id='word_1_74' title='bbox 803 1066 864 1119; x_wconf 91' lang='lat' dir='ltr'><strong>eius</strong></span> <span class='ocrx_word' id='word_1_75' title='bbox 881 1064 1019 1120; x_wconf 84' lang='lat' dir='ltr'><strong>defensori</strong></span> <span class='ocrx_word' id='word_1_76' title='bbox 1038 1064 1219 1136; x_wconf 86' lang='lat' dir='ltr'><strong>relinquenda</strong></span> <span class='ocrx_word' id='word_1_77' title='bbox 1237 1064 1364 1131; x_wconf 67' lang='grc'><strong>4444141·</strong></span> 
     </span>
     <span class='ocr_line' id='line_1_11' title="bbox 190 1135 1363 1208; baseline 0.003 -19"><span class='ocrx_word' id='word_1_78' title='bbox 190 1137 232 1189; x_wconf 89' lang='lat'><strong>88.</strong></span> <span class='ocrx_word' id='word_1_79' title='bbox 259 1138 328 1191; x_wconf 89' lang='lat' dir='ltr'><strong>-De</strong></span> <span class='ocrx_word' id='word_1_80' title='bbox 346 1138 520 1201; x_wconf 75' lang='lat' dir='ltr'><strong>criminibus,</strong></span> <span class='ocrx_word' id='word_1_81' title='bbox 539 1154 610 1208; x_wconf 85' lang='lat' dir='ltr'><strong>quae</strong></span> <span class='ocrx_word' id='word_1_82' title='bbox 630 1154 750 1205; x_wconf 89' lang='lat' dir='ltr'><strong>pessum·</strong></span> <span class='ocrx_word' id='word_1_83' title='bbox 803 1153 849 1191; x_wconf 88' lang='lat' dir='ltr'><strong>mo</strong></span> <span class='ocrx_word' id='word_1_84' title='bbox 877 1135 957 1203; x_wconf 90' lang='lat' dir='ltr'><strong>loco,</strong></span> <span class='ocrx_word' id='word_1_85' title='bbox 984 1136 1104 1189; x_wconf 82' lang='lat' dir='ltr'><strong>facultas</strong></span> <span class='ocrx_word' id='word_1_86' title='bbox 1131 1136 1280 1207; x_wconf 87' lang='lat' dir='ltr'><strong>loquendi,</strong></span> <span class='ocrx_word' id='word_1_87' title='bbox 1298 1138 1363 1192; x_wconf 75' lang='lat' dir='ltr'><strong>idid.</strong></span> 
     </span>
     <span class='ocr_line' id='line_1_12' title="bbox 192 1207 1364 1278; baseline 0.002 -18"><span class='ocrx_word' id='word_1_88' title='bbox 192 1208 257 1261; x_wconf 84' lang='lat' dir='ltr'><strong>data</strong></span> <span class='ocrx_word' id='word_1_89' title='bbox 275 1208 423 1263; x_wconf 77' lang='lat' dir='ltr'><strong>charitatis</strong></span> <span class='ocrx_word' id='word_1_90' title='bbox 450 1213 499 1261; x_wconf 87' lang='lat' dir='ltr'><strong>aut</strong></span> <span class='ocrx_word' id='word_1_91' title='bbox 526 1209 652 1263; x_wconf 85' lang='lat' dir='ltr'><strong>iustitiae</strong></span> <span class='ocrx_word' id='word_1_92' title='bbox 679 1208 750 1278; x_wconf 89' lang='lat' dir='ltr'><strong>lege,</strong></span> <span class='ocrx_word' id='word_1_93' title='bbox 802 1236 815 1249; x_wconf 93' lang='lat'><strong>·</strong></span> <span class='ocrx_word' id='word_1_94' title='bbox 829 1208 958 1263; x_wconf 77' lang='lat' dir='ltr'><strong>Defensio</strong></span> <span class='ocrx_word' id='word_1_95' title='bbox 975 1207 1104 1261; x_wconf 87' lang='lat' dir='ltr'><strong>ordinata</strong></span> <span class='ocrx_word' id='word_1_96' title='bbox 1121 1208 1155 1260; x_wconf 88' lang='lat' dir='ltr'><strong>ad</strong></span> <span class='ocrx_word' id='word_1_97' title='bbox 1174 1207 1364 1276; x_wconf 87' lang='lat' dir='ltr'><strong>repellendum</strong></span> 
     </span>
     <span class='ocr_line' id='line_1_13' title="bbox 190 1278 1365 1349; baseline 0 -16"><span class='ocrx_word' id='word_1_98' title='bbox 190 1280 335 1333; x_wconf 77' lang='lat' dir='ltr'><strong>animabus</strong></span> <span class='ocrx_word' id='word_1_99' title='bbox 353 1279 534 1334; x_wconf 85' lang='lat' dir='ltr'><strong>vehementer</strong></span> <span class='ocrx_word' id='word_1_100' title='bbox 553 1284 662 1345; x_wconf 86' lang='lat' dir='ltr'><strong>nocent,</strong></span> <span class='ocrx_word' id='word_1_101' title='bbox 677 1298 701 1349; x_wconf 90' lang='lat' dir='ltr'><strong>p.</strong></span> <span class='ocrx_word' id='word_1_102' title='bbox 715 1280 750 1333; x_wconf 92' lang='grc'><strong>89</strong></span> <span class='ocrx_word' id='word_1_103' title='bbox 803 1285 994 1334; x_wconf 86' lang='lat' dir='ltr'><strong>accusatorem</strong></span> <span class='ocrx_word' id='word_1_104' title='bbox 1012 1282 1056 1333; x_wconf 85' lang='lat' dir='ltr'><strong>eet</strong></span> <span class='ocrx_word' id='word_1_105' title='bbox 1068 1278 1114 1332; x_wconf 84' lang='lat' dir='ltr'><strong>vel</strong></span> <span class='ocrx_word' id='word_1_106' title='bbox 1134 1281 1241 1333; x_wconf 80' lang='lat' dir='ltr'><strong>directa</strong></span> <span class='ocrx_word' id='word_1_107' title='bbox 1258 1279 1303 1333; x_wconf 83' lang='lat' dir='ltr'><strong>vel</strong></span> <span class='ocrx_word' id='word_1_108' title='bbox 1323 1283 1365 1333; x_wconf 84' lang='lat' dir='ltr'><strong>in·</strong></span> 
     </span>
     <span class='ocr_line' id='line_1_14' title="bbox 189 1350 1364 1422; baseline 0.001 -19"><span class='ocrx_word' id='word_1_109' title='bbox 189 1366 246 1422; x_wconf 88' lang='lat' dir='ltr'><strong>seq.</strong></span> <span class='ocrx_word' id='word_1_110' title='bbox 265 1380 276 1391; x_wconf 93' lang='lat'>-</span> <span class='ocrx_word' id='word_1_111' title='bbox 296 1350 334 1405; x_wconf 88' lang='lat' dir='ltr'><strong>De</strong></span> <span class='ocrx_word' id='word_1_112' title='bbox 353 1350 486 1421; x_wconf 87' lang='lat' dir='ltr'><strong>hisquae</strong></span> <span class='ocrx_word' id='word_1_113' title='bbox 514 1368 532 1405; x_wconf 88' lang='grc'><strong>4</strong></span> <span class='ocrx_word' id='word_1_114' title='bbox 549 1352 660 1405; x_wconf 82' lang='lat' dir='ltr'><strong>clericis</strong></span> <span class='ocrx_word' id='word_1_115' title='bbox 677 1368 752 1406; x_wconf 89' lang='lat' dir='ltr'><strong>com·</strong></span> <span class='ocrx_word' id='word_1_116' title='bbox 802 1353 920 1413; x_wconf 82' lang='lat' dir='ltr'><strong>directa,</strong></span> <span class='ocrx_word' id='word_1_117' title='bbox 947 1366 1009 1419; x_wconf 86' lang='lat' dir='ltr'><strong>pag.</strong></span> <span class='ocrx_word' id='word_1_118' title='bbox 1029 1350 1090 1403; x_wconf 82' lang='lat'><strong>321.</strong></span> <span class='ocrx_word' id='word_1_119' title='bbox 1110 1378 1121 1389; x_wconf 93' lang='lat'><em>-</em></span> <span class='ocrx_word' id='word_1_120' title='bbox 1141 1350 1228 1405; x_wconf 78' lang='lat' dir='ltr'><strong>Plena</strong></span> <span class='ocrx_word' id='word_1_121' title='bbox 1246 1350 1364 1405; x_wconf 84' lang='lat' dir='ltr'><strong>libertas</strong></span> 
     </span>
     <span class='ocr_line' id='line_1_15' title="bbox 189 1421 1362 1492; baseline -0.001 -17"><span class='ocrx_word' id='word_1_122' title='bbox 189 1423 341 1476; x_wconf 87' lang='lat' dir='ltr'><strong>mittuntur</strong></span> <span class='ocrx_word' id='word_1_123' title='bbox 352 1423 382 1477; x_wconf 91' lang='lat' dir='ltr'><strong>in</strong></span> <span class='ocrx_word' id='word_1_124' title='bbox 394 1422 569 1492; x_wconf 78' lang='lat' dir='ltr'><strong>disciplinam</strong></span> <span class='ocrx_word' id='word_1_125' title='bbox 582 1421 751 1478; x_wconf 83' lang='lat' dir='ltr'><strong>ecclesiasti·</strong></span> <span class='ocrx_word' id='word_1_126' title='bbox 802 1422 972 1477; x_wconf 82' lang='lat' dir='ltr'><strong>deiensiouis</strong></span> <span class='ocrx_word' id='word_1_127' title='bbox 989 1421 1165 1475; x_wconf 87' lang='lat' dir='ltr'><strong>concedenda</strong></span> <span class='ocrx_word' id='word_1_128' title='bbox 1177 1426 1221 1477; x_wconf 91' lang='lat' dir='ltr'><strong>est</strong></span> <span class='ocrx_word' id='word_1_129' title='bbox 1233 1438 1290 1487; x_wconf 87' lang='lat' dir='ltr'><strong>rso,</strong></span> <span class='ocrx_word' id='word_1_130' title='bbox 1299 1438 1362 1492; x_wconf 91' lang='lat' dir='ltr'><strong>pag.</strong></span> 
     </span>
     <span class='ocr_line' id='line_1_16' title="bbox 188 1492 1365 1565; baseline 0 -18"><span class='ocrx_word' id='word_1_131' title='bbox 188 1510 259 1559; x_wconf 83' lang='lat' dir='ltr'><strong>cam,</strong></span> <span class='ocrx_word' id='word_1_132' title='bbox 277 1510 339 1563; x_wconf 86' lang='lat' dir='ltr'><strong>pag.</strong></span> <span class='ocrx_word' id='word_1_133' title='bbox 360 1494 420 1558; x_wconf 99' lang='grc'><strong>107,</strong></span> <span class='ocrx_word' id='word_1_134' title='bbox 439 1510 478 1564; x_wconf 90' lang='lat' dir='ltr'><strong>sq.</strong></span> <span class='ocrx_word' id='word_1_135' title='bbox 496 1522 509 1535; x_wconf 92' lang='lat'><strong>·</strong></span> <span class='ocrx_word' id='word_1_136' title='bbox 528 1495 585 1557; x_wconf 81' lang='lat' dir='ltr'><strong>An,</strong></span> <span class='ocrx_word' id='word_1_137' title='bbox 613 1494 751 1565; x_wconf 89' lang='lat' dir='ltr'><strong>quomodo</strong></span> <span class='ocrx_word' id='word_1_138' title='bbox 802 1492 864 1548; x_wconf 88' lang='grc'><strong>389.</strong></span> <span class='ocrx_word' id='word_1_139' title='bbox 878 1492 1046 1554; x_wconf 88' lang='lat' dir='ltr'><strong>-Quomodo</strong></span> <span class='ocrx_word' id='word_1_140' title='bbox 1063 1493 1225 1548; x_wconf 90' lang='lat' dir='ltr'><strong>consulatur</strong></span> <span class='ocrx_word' id='word_1_141' title='bbox 1241 1495 1297 1547; x_wconf 91' lang='lat' dir='ltr'><strong>iuri</strong></span> <span class='ocrx_word' id='word_1_142' title='bbox 1317 1510 1365 1547; x_wconf 90' lang='lat' dir='ltr'><strong>ua-</strong></span> 
     </span>
     <span class='ocr_line' id='line_1_17' title="bbox 188 1564 1364 1635; baseline 0.001 -17"><span class='ocrx_word' id='word_1_143' title='bbox 188 1568 218 1618; x_wconf 86' lang='lat' dir='ltr'><strong>et</strong></span> <span class='ocrx_word' id='word_1_144' title='bbox 239 1574 345 1635; x_wconf 88' lang='lat' dir='ltr'><strong>quanto</strong></span> <span class='ocrx_word' id='word_1_145' title='bbox 373 1569 498 1633; x_wconf 85' lang='lat' dir='ltr'><strong>tempore</strong></span> <span class='ocrx_word' id='word_1_146' title='bbox 526 1566 750 1634; x_wconf 84' lang='lat' dir='ltr'><strong>praescribantur</strong></span> <span class='ocrx_word' id='word_1_147' title='bbox 803 1565 903 1619; x_wconf 88' lang='grc'><strong>4444114</strong></span> <span class='ocrx_word' id='word_1_148' title='bbox 920 1564 1088 1619; x_wconf 83' lang='lat' dir='ltr'><strong>defensionis</strong></span> <span class='ocrx_word' id='word_1_149' title='bbox 1106 1564 1135 1618; x_wconf 90' lang='lat' dir='ltr'><strong>in</strong></span> <span class='ocrx_word' id='word_1_150' title='bbox 1152 1581 1281 1634; x_wconf 86' lang='lat' dir='ltr'><strong>processu</strong></span> <span class='ocrx_word' id='word_1_151' title='bbox 1295 1581 1364 1634; x_wconf 91' lang='lat' dir='ltr'><strong>pure</strong></span> 
     </span>
     <span class='ocr_line' id='line_1_18' title="bbox 188 1634 1136 1707; baseline 0.001 -20"><span class='ocrx_word' id='word_1_152' title='bbox 188 1636 306 1689; x_wconf 83' lang='lat' dir='ltr'><strong>crimina</strong></span> <span class='ocrx_word' id='word_1_153' title='bbox 324 1636 384 1690; x_wconf 88' lang='lat' dir='ltr'><strong>iure</strong></span> <span class='ocrx_word' id='word_1_154' title='bbox 403 1635 603 1701; x_wconf 84' lang='lat' dir='ltr'><strong>ecclesiastico,</strong></span> <span class='ocrx_word' id='word_1_155' title='bbox 622 1652 683 1706; x_wconf 84' lang='lat' dir='ltr'><strong>pag.</strong></span> <span class='ocrx_word' id='word_1_156' title='bbox 697 1636 750 1691; x_wconf 87' lang='grc'><strong>283</strong></span> <span class='ocrx_word' id='word_1_157' title='bbox 803 1636 974 1707; x_wconf 84' lang='lat' dir='ltr'><strong>inquisitiro,</strong></span> <span class='ocrx_word' id='word_1_158' title='bbox 992 1651 1056 1706; x_wconf 89' lang='lat' dir='ltr'><strong>pag.</strong></span> <span class='ocrx_word' id='word_1_159' title='bbox 1075 1634 1136 1689; x_wconf 87' lang='grc'><strong>434.</strong></span> 
     </span>
     <span class='ocr_line' id='line_1_19' title="bbox 190 1707 751 1849; baseline 0.002 -17"><span class='ocrx_word' id='word_1_160' title='bbox 190 1707 751 1849; x_wconf 52' lang='lat' dir='ltr'><strong>dni.¹.&#39;‘3t‘⁰l.llll⁰.l.‘illim&#39;</strong></span> 
     </span>
     <span class='ocr_line' id='line_1_20' title="bbox 742 1819 750 1845; baseline 0 0"><span class='ocrx_word' id='word_1_161' title='bbox 742 1819 750 1845; x_wconf 76' lang='grc'><strong>4</strong></span> 
     </span>
     <span class='ocr_line' id='line_1_21' title="bbox 190 1849 1365 1919; baseline 0.002 -16"><span class='ocrx_word' id='word_1_162' title='bbox 190 1864 253 1917; x_wconf 86' lang='lat' dir='ltr'><strong>pag.</strong></span> <span class='ocrx_word' id='word_1_163' title='bbox 272 1851 340 1916; x_wconf 75' lang='lat'><strong>4433</strong></span> <span class='ocrx_word' id='word_1_164' title='bbox 357 1877 371 1891; x_wconf 93' lang='lat'><strong>·</strong></span> <span class='ocrx_word' id='word_1_165' title='bbox 388 1850 434 1903; x_wconf 90' lang='lat' dir='ltr'><strong>sed</strong></span> <span class='ocrx_word' id='word_1_166' title='bbox 459 1850 511 1903; x_wconf 89' lang='lat' dir='ltr'><strong>hoc</strong></span> <span class='ocrx_word' id='word_1_167' title='bbox 536 1850 641 1906; x_wconf 82' lang='lat' dir='ltr'><strong>crimen</strong></span> <span class='ocrx_word' id='word_1_168' title='bbox 666 1850 750 1905; x_wconf 89' lang='lat' dir='ltr'><strong>debet</strong></span> <span class='ocrx_word' id='word_1_169' title='bbox 801 1878 837 1889; x_wconf 96' lang='lat'>-</span> <span class='ocrx_word' id='word_1_170' title='bbox 849 1849 967 1910; x_wconf 90' lang='lat' dir='ltr'><strong>Quinam</strong></span> <span class='ocrx_word' id='word_1_171' title='bbox 986 1864 1071 1919; x_wconf 87' lang='lat' dir='ltr'><strong>egere</strong></span> <span class='ocrx_word' id='word_1_172' title='bbox 1088 1850 1182 1904; x_wconf 85' lang='lat' dir='ltr'><strong>valeat</strong></span> <span class='ocrx_word' id='word_1_173' title='bbox 1199 1867 1300 1905; x_wconf 86' lang='lat' dir='ltr'><strong>munus</strong></span> <span class='ocrx_word' id='word_1_174' title='bbox 1318 1849 1365 1905; x_wconf 90' lang='lat' dir='ltr'><strong>de-</strong></span> 
     </span>
     <span class='ocr_line' id='line_1_22' title="bbox 189 1920 1363 1991; baseline 0.002 -18"><span class='ocrx_word' id='word_1_175' title='bbox 189 1936 249 1974; x_wconf 85' lang='lat' dir='ltr'><strong>esse</strong></span> <span class='ocrx_word' id='word_1_176' title='bbox 269 1920 419 1985; x_wconf 86' lang='lat' dir='ltr'><strong>occultum,</strong></span> <span class='ocrx_word' id='word_1_177' title='bbox 434 1922 499 1975; x_wconf 77' lang='lat' dir='ltr'><strong>ibid.</strong></span> <span class='ocrx_word' id='word_1_178' title='bbox 518 1937 560 1990; x_wconf 81' lang='lat' dir='ltr'><strong>sq.</strong></span> <span class='ocrx_word' id='word_1_179' title='bbox 576 1951 589 1964; x_wconf 96' lang='lat'>-</span> <span class='ocrx_word' id='word_1_180' title='bbox 606 1922 749 1983; x_wconf 78' lang='lat' dir='ltr'><strong>Quodnam</strong></span> <span class='ocrx_word' id='word_1_181' title='bbox 803 1921 921 1975; x_wconf 77' lang='lat' dir='ltr'><strong>senseris</strong></span> <span class='ocrx_word' id='word_1_182' title='bbox 938 1922 1108 1975; x_wconf 77' lang='lat' dir='ltr'><strong>matrimonii</strong></span> <span class='ocrx_word' id='word_1_183' title='bbox 1128 1939 1162 1975; x_wconf 88' lang='lat' dir='ltr'><strong>ex</strong></span> <span class='ocrx_word' id='word_1_184' title='bbox 1181 1921 1280 1983; x_wconf 81' lang='lat' dir='ltr'><strong>officio,</strong></span> <span class='ocrx_word' id='word_1_185' title='bbox 1299 1937 1363 1991; x_wconf 87' lang='lat' dir='ltr'><strong>pag.</strong></span> 
     </span>
     <span class='ocr_line' id='line_1_23' title="bbox 189 1991 1370 2063; baseline 0.003 -19"><span class='ocrx_word' id='word_1_186' title='bbox 189 1995 296 2045; x_wconf 83' lang='lat' dir='ltr'><strong>crimen</strong></span> <span class='ocrx_word' id='word_1_187' title='bbox 308 1994 449 2047; x_wconf 82' lang='lat' dir='ltr'><strong>occultum</strong></span> <span class='ocrx_word' id='word_1_188' title='bbox 468 1991 625 2047; x_wconf 87' lang='lat' dir='ltr'><strong>babendum</strong></span> <span class='ocrx_word' id='word_1_189' title='bbox 644 1996 689 2057; x_wconf 90' lang='grc'><strong>414,</strong></span> <span class='ocrx_word' id='word_1_190' title='bbox 702 2010 749 2063; x_wconf 87' lang='lat' dir='ltr'><strong>pa·</strong></span> <span class='ocrx_word' id='word_1_191' title='bbox 801 1992 866 2045; x_wconf 89' lang='grc'><strong>473.</strong></span> <span class='ocrx_word' id='word_1_192' title='bbox 891 2021 905 2035; x_wconf 90' lang='grc'><strong>-</strong></span> <span class='ocrx_word' id='word_1_193' title='bbox 924 1992 985 2047; x_wconf 91' lang='lat' dir='ltr'><strong>Non</strong></span> <span class='ocrx_word' id='word_1_194' title='bbox 1012 2001 1056 2048; x_wconf 88' lang='lat' dir='ltr'><strong>est</strong></span> <span class='ocrx_word' id='word_1_195' title='bbox 1080 1993 1237 2049; x_wconf 85' lang='lat' dir='ltr'><strong>necessario</strong></span> <span class='ocrx_word' id='word_1_196' title='bbox 1260 1994 1370 2049; x_wconf 65' lang='lat' dir='ltr'><strong>consti.</strong></span> 
     </span>
     <span class='ocr_line' id='line_1_24' title="bbox 187 2063 1364 2134; baseline 0.003 -19"><span class='ocrx_word' id='word_1_197' title='bbox 187 2063 319 2130; x_wconf 82' lang='lat' dir='ltr'><strong>gin.445.</strong></span> <span class='ocrx_word' id='word_1_198' title='bbox 339 2092 352 2104; x_wconf 93' lang='lat'><strong>·</strong></span> <span class='ocrx_word' id='word_1_199' title='bbox 372 2063 522 2117; x_wconf 83' lang='lat' dir='ltr'><strong>Refellilur</strong></span> <span class='ocrx_word' id='word_1_200' title='bbox 539 2066 634 2133; x_wconf 88' lang='lat' dir='ltr'><strong>opinio</strong></span> <span class='ocrx_word' id='word_1_201' title='bbox 652 2081 748 2119; x_wconf 88' lang='lat' dir='ltr'><strong>eorum</strong></span> <span class='ocrx_word' id='word_1_202' title='bbox 801 2064 922 2119; x_wconf 88' lang='lat' dir='ltr'><strong>tuendus</strong></span> <span class='ocrx_word' id='word_1_203' title='bbox 939 2082 1001 2119; x_wconf 90' lang='lat' dir='ltr'><strong>cum</strong></span> <span class='ocrx_word' id='word_1_204' title='bbox 1032 2066 1127 2120; x_wconf 86' lang='lat' dir='ltr'><strong>stabili</strong></span> <span class='ocrx_word' id='word_1_205' title='bbox 1151 2064 1252 2128; x_wconf 84' lang='lat' dir='ltr'><strong>officio,</strong></span> <span class='ocrx_word' id='word_1_206' title='bbox 1283 2064 1364 2134; x_wconf 89' lang='lat' dir='ltr'><strong>eique</strong></span> 
     </span>
     <span class='ocr_line' id='line_1_25' title="bbox 187 2134 1363 2205; baseline 0.003 -20"><span class='ocrx_word' id='word_1_207' title='bbox 187 2134 235 2203; x_wconf 89' lang='lat' dir='ltr'><strong>qui</strong></span> <span class='ocrx_word' id='word_1_208' title='bbox 258 2138 363 2200; x_wconf 83' lang='lat' dir='ltr'><strong>tenent,</strong></span> <span class='ocrx_word' id='word_1_209' title='bbox 383 2136 451 2188; x_wconf 84' lang='lat' dir='ltr'><strong>istas</strong></span> <span class='ocrx_word' id='word_1_210' title='bbox 468 2136 623 2190; x_wconf 87' lang='lat' dir='ltr'><strong>sententias</strong></span> <span class='ocrx_word' id='word_1_211' title='bbox 641 2137 706 2191; x_wconf 84' lang='lat' dir='ltr'><strong>ferri</strong></span> <span class='ocrx_word' id='word_1_212' title='bbox 721 2153 750 2191; x_wconf 90' lang='grc'><strong>4-</strong></span> <span class='ocrx_word' id='word_1_213' title='bbox 803 2136 912 2191; x_wconf 89' lang='lat' dir='ltr'><strong>utiliter</strong></span> <span class='ocrx_word' id='word_1_214' title='bbox 919 2136 1225 2205; x_wconf 80' lang='lat' dir='ltr'><strong>deputeturcdiunctns</strong></span> <span class='ocrx_word' id='word_1_215' title='bbox 1237 2153 1287 2190; x_wconf 91' lang='lat' dir='ltr'><strong>seu</strong></span> <span class='ocrx_word' id='word_1_216' title='bbox 1299 2136 1363 2189; x_wconf 91' lang='lat' dir='ltr'><strong>sub·</strong></span> 
     </span>
     <span class='ocr_line' id='line_1_26' title="bbox 187 2204 1363 2277; baseline 0.004 -20"><span class='ocrx_word' id='word_1_217' title='bbox 187 2204 254 2257; x_wconf 89' lang='lat' dir='ltr'><strong>tiam</strong></span> <span class='ocrx_word' id='word_1_218' title='bbox 274 2210 387 2275; x_wconf 90' lang='lat' dir='ltr'><strong>propter</strong></span> <span class='ocrx_word' id='word_1_219' title='bbox 403 2206 508 2259; x_wconf 82' lang='lat' dir='ltr'><strong>crimen</strong></span> <span class='ocrx_word' id='word_1_220' title='bbox 522 2208 672 2276; x_wconf 90' lang='lat' dir='ltr'><strong>publicum,</strong></span> <span class='ocrx_word' id='word_1_221' title='bbox 685 2224 748 2277; x_wconf 89' lang='lat' dir='ltr'><strong>pag.</strong></span> <span class='ocrx_word' id='word_1_222' title='bbox 802 2207 925 2264; x_wconf 87' lang='lat' dir='ltr'><strong>stitutus.</strong></span> <span class='ocrx_word' id='word_1_223' title='bbox 945 2224 1007 2277; x_wconf 89' lang='lat' dir='ltr'><strong>pag.</strong></span> <span class='ocrx_word' id='word_1_224' title='bbox 1026 2210 1087 2262; x_wconf 84' lang='grc'><strong>474.</strong></span> <span class='ocrx_word' id='word_1_225' title='bbox 1106 2236 1119 2249; x_wconf 92' lang='grc'>-</span> <span class='ocrx_word' id='word_1_226' title='bbox 1138 2206 1165 2260; x_wconf 92' lang='lat' dir='ltr'><strong>lu</strong></span> <span class='ocrx_word' id='word_1_227' title='bbox 1189 2223 1363 2277; x_wconf 90' lang='lat' dir='ltr'><strong>quacumque</strong></span> 
     </span>
     <span class='ocr_line' id='line_1_27' title="bbox 187 2275 1363 2349; baseline 0.003 -20"><span class='ocrx_word' id='word_1_228' title='bbox 187 2275 248 2331; x_wconf 91' lang='grc'><strong>446.</strong></span> <span class='ocrx_word' id='word_1_229' title='bbox 279 2280 304 2317; x_wconf 87' lang='grc'><strong>-“</strong></span> <span class='ocrx_word' id='word_1_230' title='bbox 319 2277 372 2332; x_wconf 86' lang='lat' dir='ltr'><strong>Sed</strong></span> <span class='ocrx_word' id='word_1_231' title='bbox 400 2276 502 2332; x_wconf 87' lang='lat' dir='ltr'><strong>sufficit</strong></span> <span class='ocrx_word' id='word_1_232' title='bbox 525 2280 598 2348; x_wconf 90' lang='lat' dir='ltr'><strong>quod</strong></span> <span class='ocrx_word' id='word_1_233' title='bbox 629 2294 664 2333; x_wconf 85' lang='lat' dir='ltr'><strong>ex</strong></span> <span class='ocrx_word' id='word_1_234' title='bbox 689 2279 748 2349; x_wconf 92' lang='lat' dir='ltr'><strong>plu·</strong></span> <span class='ocrx_word' id='word_1_235' title='bbox 801 2280 1117 2349; x_wconf 86' lang='lat' dir='ltr'><strong>instantiaeiusopera</strong></span> <span class='ocrx_word' id='word_1_236' title='bbox 1136 2280 1363 2345; x_wconf 85' lang='grc'><strong>4444444414444,</strong></span> 
     </span>
     <span class='ocr_line' id='line_1_28' title="bbox 188 2348 1364 2420; baseline 0.003 -21"><span class='ocrx_word' id='word_1_237' title='bbox 188 2348 265 2401; x_wconf 90' lang='lat' dir='ltr'><strong>ribus</strong></span> <span class='ocrx_word' id='word_1_238' title='bbox 283 2348 454 2411; x_wconf 88' lang='lat' dir='ltr'><strong>criminibus,</strong></span> <span class='ocrx_word' id='word_1_239' title='bbox 474 2366 558 2403; x_wconf 92' lang='lat' dir='ltr'><strong>unum</strong></span> <span class='ocrx_word' id='word_1_240' title='bbox 583 2354 692 2404; x_wconf 90' lang='lat' dir='ltr'><strong>tantum</strong></span> <span class='ocrx_word' id='word_1_241' title='bbox 711 2350 749 2405; x_wconf 89' lang='lat' dir='ltr'><strong>sit</strong></span> <span class='ocrx_word' id='word_1_242' title='bbox 801 2350 1050 2410; x_wconf 74' lang='lat' dir='ltr'><strong>ibid-Quomodo</strong></span> <span class='ocrx_word' id='word_1_243' title='bbox 1063 2349 1185 2420; x_wconf 88' lang='lat' dir='ltr'><strong>suppleri</strong></span> <span class='ocrx_word' id='word_1_244' title='bbox 1199 2350 1285 2418; x_wconf 85' lang='lat' dir='ltr'><strong>possit</strong></span> <span class='ocrx_word' id='word_1_245' title='bbox 1303 2351 1364 2403; x_wconf 88' lang='lat' dir='ltr'><strong>eius</strong></span> 
     </span>
     <span class='ocr_line' id='line_1_29' title="bbox 187 2420 1362 2491; baseline 0.001 -19"><span class='ocrx_word' id='word_1_246' title='bbox 187 2420 337 2485; x_wconf 82' lang='lat' dir='ltr'><strong>occultum,</strong></span> <span class='ocrx_word' id='word_1_247' title='bbox 356 2426 405 2473; x_wconf 89' lang='grc'><strong>444</strong></span> <span class='ocrx_word' id='word_1_248' title='bbox 424 2421 564 2475; x_wconf 84' lang='lat' dir='ltr'><strong>occultum</strong></span> <span class='ocrx_word' id='word_1_249' title='bbox 576 2439 638 2477; x_wconf 88' lang='grc'><strong>4444</strong></span> <span class='ocrx_word' id='word_1_250' title='bbox 651 2423 749 2491; x_wconf 90' lang='lat' dir='ltr'><strong>probe-</strong></span> <span class='ocrx_word' id='word_1_251' title='bbox 802 2421 929 2490; x_wconf 90' lang='lat' dir='ltr'><strong>legitima</strong></span> <span class='ocrx_word' id='word_1_252' title='bbox 947 2424 1089 2488; x_wconf 84' lang='lat' dir='ltr'><strong>absentia,</strong></span> <span class='ocrx_word' id='word_1_253' title='bbox 1105 2422 1171 2475; x_wconf 79' lang='lat' dir='ltr'><strong>ibid.</strong></span> <span class='ocrx_word' id='word_1_254' title='bbox 1190 2449 1200 2460; x_wconf 96' lang='lat'>·</span> <span class='ocrx_word' id='word_1_255' title='bbox 1218 2420 1362 2482; x_wconf 81' lang='lat' dir='ltr'><strong>Quodnam</strong></span> 
     </span>
     <span class='ocr_line' id='line_1_30' title="bbox 187 2488 1361 2563; baseline 0.001 -19"><span class='ocrx_word' id='word_1_256' title='bbox 187 2496 233 2544; x_wconf 89' lang='lat' dir='ltr'><strong>tur</strong></span> <span class='ocrx_word' id='word_1_257' title='bbox 253 2498 397 2562; x_wconf 86' lang='lat' dir='ltr'><strong>postquam</strong></span> <span class='ocrx_word' id='word_1_258' title='bbox 417 2492 445 2544; x_wconf 90' lang='lat' dir='ltr'><strong>in</strong></span> <span class='ocrx_word' id='word_1_259' title='bbox 464 2509 574 2547; x_wconf 84' lang='lat' dir='ltr'><strong>cassum</strong></span> <span class='ocrx_word' id='word_1_260' title='bbox 593 2488 693 2563; x_wconf 86' lang='lat' dir='ltr'><strong>coepta</strong></span> <span class='ocrx_word' id='word_1_261' title='bbox 710 2494 749 2547; x_wconf 89' lang='lat' dir='ltr'><strong>sit</strong></span> <span class='ocrx_word' id='word_1_262' title='bbox 800 2493 839 2545; x_wconf 86' lang='lat' dir='ltr'><strong>sit</strong></span> <span class='ocrx_word' id='word_1_263' title='bbox 856 2494 917 2548; x_wconf 87' lang='lat' dir='ltr'><strong>eius</strong></span> <span class='ocrx_word' id='word_1_264' title='bbox 940 2493 1077 2559; x_wconf 82' lang='lat' dir='ltr'><strong>officium,</strong></span> <span class='ocrx_word' id='word_1_265' title='bbox 1098 2493 1246 2563; x_wconf 88' lang='lat' dir='ltr'><strong>praecipue</strong></span> <span class='ocrx_word' id='word_1_266' title='bbox 1271 2492 1361 2563; x_wconf 88' lang='lat' dir='ltr'><strong>quoad</strong></span> 
     </span>
     <span class='ocr_line' id='line_1_31' title="bbox 183 2564 1363 2635; baseline 0 -17"><span class='ocrx_word' id='word_1_267' title='bbox 183 2564 313 2632; x_wconf 79' lang='lat' dir='ltr'><strong>probatio</strong></span> <span class='ocrx_word' id='word_1_268' title='bbox 325 2565 476 2630; x_wconf 74' lang='lat' dir='ltr'><strong>iudicialis,</strong></span> <span class='ocrx_word' id='word_1_269' title='bbox 488 2581 552 2635; x_wconf 89' lang='lat' dir='ltr'><strong>pag.</strong></span> <span class='ocrx_word' id='word_1_270' title='bbox 565 2566 626 2618; x_wconf 86' lang='grc'><strong>447.</strong></span> <span class='ocrx_word' id='word_1_271' title='bbox 639 2566 680 2619; x_wconf 84' lang='lat' dir='ltr'><strong>cf.</strong></span> <span class='ocrx_word' id='word_1_272' title='bbox 694 2566 749 2621; x_wconf 86' lang='lat' dir='ltr'><strong>De-</strong></span> <span class='ocrx_word' id='word_1_273' title='bbox 801 2582 901 2618; x_wconf 89' lang='lat' dir='ltr'><strong>munus</strong></span> <span class='ocrx_word' id='word_1_274' title='bbox 919 2565 1137 2635; x_wconf 84' lang='lat' dir='ltr'><strong>appellationem</strong></span> <span class='ocrx_word' id='word_1_275' title='bbox 1159 2564 1363 2633; x_wconf 88' lang='lat' dir='ltr'><strong>interponendi,</strong></span> 
     </span>
     <span class='ocr_line' id='line_1_32' title="bbox 187 2635 1360 2707; baseline 0.002 -20"><span class='ocrx_word' id='word_1_276' title='bbox 187 2635 294 2690; x_wconf 80' lang='lat' dir='ltr'><strong>ltcttms.</strong></span> <span class='ocrx_word' id='word_1_277' title='bbox 800 2653 864 2705; x_wconf 85' lang='lat' dir='ltr'><strong>pag.</strong></span> <span class='ocrx_word' id='word_1_278' title='bbox 877 2638 931 2690; x_wconf 84' lang='grc'><strong>475</strong></span> <span class='ocrx_word' id='word_1_279' title='bbox 941 2654 982 2707; x_wconf 86' lang='lat' dir='ltr'><strong>sq.</strong></span> <span class='ocrx_word' id='word_1_280' title='bbox 995 2666 1005 2677; x_wconf 93' lang='lat'><em>·</em></span> <span class='ocrx_word' id='word_1_281' title='bbox 1019 2638 1113 2692; x_wconf 88' lang='lat' dir='ltr'><strong>Poena</strong></span> <span class='ocrx_word' id='word_1_282' title='bbox 1125 2635 1264 2690; x_wconf 86' lang='lat' dir='ltr'><strong>nullitatis</strong></span> <span class='ocrx_word' id='word_1_283' title='bbox 1283 2640 1360 2689; x_wconf 84' lang='lat' dir='ltr'><strong>acto·</strong></span> 
     </span>
    </p>
   </div>
   <div class='ocr_carea' id='block_1_3' title="bbox 858 1778 1363 1849">
    <p class='ocr_par' dir='ltr' id='par_1_3' title="bbox 858 1778 1363 1849">
     <span class='ocr_line' id='line_1_33' title="bbox 858 1778 1363 1849; baseline 0.004 -18"><span class='ocrx_word' id='word_1_284' title='bbox 858 1780 997 1848; x_wconf 74' lang='lat' dir='ltr'><strong>Defensor</strong></span> <span class='ocrx_word' id='word_1_285' title='bbox 1015 1780 1188 1833; x_wconf 80' lang='lat' dir='ltr'><strong>matrimonii</strong></span> <span class='ocrx_word' id='word_1_286' title='bbox 1208 1795 1245 1832; x_wconf 77' lang='grc'><strong>44</strong></span> <span class='ocrx_word' id='word_1_287' title='bbox 1263 1778 1363 1849; x_wconf 78' lang='lat' dir='ltr'><strong>officie.</strong></span> 
     </span>
    </p>
   </div>
   <div class='ocr_carea' id='block_1_4' title="bbox 189 2776 748 2915">
    <p class='ocr_par' dir='ltr' id='par_1_4' title="bbox 189 2776 748 2915">
     <span class='ocr_line' id='line_1_34' title="bbox 240 2776 748 2847; baseline 0.006 -17"><span class='ocrx_word' id='word_1_288' title='bbox 240 2776 436 2831; x_wconf 69' lang='lat' dir='ltr'><strong>criminosi·</strong></span> <span class='ocrx_word' id='word_1_289' title='bbox 450 2793 581 2832; x_wconf 85' lang='lat' dir='ltr'><strong>accusare</strong></span> <span class='ocrx_word' id='word_1_290' title='bbox 600 2778 748 2847; x_wconf 89' lang='lat' dir='ltr'><strong>prohiben-</strong></span> 
     </span>
     <span class='ocr_line' id='line_1_35' title="bbox 189 2847 408 2915; baseline -0.005 -15"><span class='ocrx_word' id='word_1_291' title='bbox 189 2855 244 2910; x_wconf 82' lang='lat' dir='ltr'><strong>tur,</strong></span> <span class='ocrx_word' id='word_1_292' title='bbox 264 2863 327 2915; x_wconf 85' lang='lat' dir='ltr'><strong>pag.</strong></span> <span class='ocrx_word' id='word_1_293' title='bbox 349 2847 408 2900; x_wconf 85' lang='lat'><strong>187.</strong></span> 
     </span>
    </p>
   </div>
   <div class='ocr_carea' id='block_1_5' title="bbox 448 3027 479 3093">
    <p class='ocr_par' dir='ltr' id='par_1_5' title="bbox 448 3027 479 3093">
     <span class='ocr_line' id='line_1_36' title="bbox 448 3027 479 3093; baseline 0 0"><span class='ocrx_word' id='word_1_294' title='bbox 448 3027 479 3093; x_wconf 92' lang='lat' dir='ltr'><strong>D</strong></span> 
     </span>
    </p>
   </div>
   <div class='ocr_carea' id='block_1_6' title="bbox 184 3203 746 3486">
    <p class='ocr_par' dir='ltr' id='par_1_6' title="bbox 184 3203 746 3486">
     <span class='ocr_line' id='line_1_37' title="bbox 240 3203 745 3272; baseline 0.006 -16"><span class='ocrx_word' id='word_1_295' title='bbox 240 3203 411 3258; x_wconf 83' lang='lat' dir='ltr'><strong>Deccndium</strong></span> <span class='ocrx_word' id='word_1_296' title='bbox 429 3204 525 3256; x_wconf 80' lang='lat' dir='ltr'><strong>-Est</strong></span> <span class='ocrx_word' id='word_1_297' title='bbox 538 3207 646 3272; x_wconf 86' lang='lat' dir='ltr'><strong>tempus</strong></span> <span class='ocrx_word' id='word_1_298' title='bbox 659 3205 745 3260; x_wconf 81' lang='lat' dir='ltr'><strong>fatale</strong></span> 
     </span>
     <span class='ocr_line' id='line_1_38' title="bbox 186 3273 746 3343; baseline 0.005 -16"><span class='ocrx_word' id='word_1_299' title='bbox 186 3278 321 3328; x_wconf 85' lang='lat' dir='ltr'><strong>statutum</strong></span> <span class='ocrx_word' id='word_1_300' title='bbox 332 3273 365 3328; x_wconf 85' lang='lat' dir='ltr'><strong>ad</strong></span> <span class='ocrx_word' id='word_1_301' title='bbox 375 3273 570 3343; x_wconf 83' lang='lat' dir='ltr'><strong>appellandum</strong></span> <span class='ocrx_word' id='word_1_302' title='bbox 581 3279 611 3329; x_wconf 89' lang='lat' dir='ltr'><strong>et</strong></span> <span class='ocrx_word' id='word_1_303' title='bbox 622 3275 746 3330; x_wconf 86' lang='lat' dir='ltr'><strong>decurrit</strong></span> 
     </span>
     <span class='ocr_line' id='line_1_39' title="bbox 184 3345 746 3415; baseline 0.007 -17"><span class='ocrx_word' id='word_1_304' title='bbox 184 3361 201 3398; x_wconf 88' lang='lat' dir='ltr'><strong>a</strong></span> <span class='ocrx_word' id='word_1_305' title='bbox 219 3345 264 3398; x_wconf 90' lang='lat' dir='ltr'><strong>die</strong></span> <span class='ocrx_word' id='word_1_306' title='bbox 283 3345 396 3400; x_wconf 88' lang='lat' dir='ltr'><strong>habitae</strong></span> <span class='ocrx_word' id='word_1_307' title='bbox 415 3363 464 3415; x_wconf 85' lang='lat' dir='ltr'><strong>per</strong></span> <span class='ocrx_word' id='word_1_308' title='bbox 482 3361 622 3399; x_wconf 87' lang='lat' dir='ltr'><strong>cursorem</strong></span> <span class='ocrx_word' id='word_1_309' title='bbox 639 3347 672 3402; x_wconf 89' lang='lat' dir='ltr'><strong>de</strong></span> <span class='ocrx_word' id='word_1_310' title='bbox 685 3363 746 3402; x_wconf 88' lang='lat' dir='ltr'><strong>seu·</strong></span> 
     </span>
     <span class='ocr_line' id='line_1_40' title="bbox 186 3416 667 3486; baseline 0.004 -17"><span class='ocrx_word' id='word_1_311' title='bbox 186 3417 277 3470; x_wconf 88' lang='lat' dir='ltr'><strong>tentia</strong></span> <span class='ocrx_word' id='word_1_312' title='bbox 295 3417 422 3482; x_wconf 87' lang='lat' dir='ltr'><strong>notitiae,</strong></span> <span class='ocrx_word' id='word_1_313' title='bbox 442 3434 504 3486; x_wconf 85' lang='lat' dir='ltr'><strong>pag.</strong></span> <span class='ocrx_word' id='word_1_314' title='bbox 524 3416 587 3481; x_wconf 89' lang='grc'><strong>333,</strong></span> <span class='ocrx_word' id='word_1_315' title='bbox 606 3417 667 3472; x_wconf 88' lang='grc'><strong>413.</strong></span> 
     </span>
    </p>
   </div>
   <div class='ocr_carea' id='block_1_7' title="bbox 184 3558 746 3842">
    <p class='ocr_par' dir='ltr' id='par_1_7' title="bbox 184 3558 746 3842">
     <span class='ocr_line' id='line_1_41' title="bbox 238 3558 745 3615; baseline 0.008 -4"><span class='ocrx_word' id='word_1_316' title='bbox 238 3560 377 3615; x_wconf 84' lang='lat' dir='ltr'><strong>Decimae.</strong></span> <span class='ocrx_word' id='word_1_317' title='bbox 386 3589 400 3601; x_wconf 92' lang='lat'><strong>·</strong></span> <span class='ocrx_word' id='word_1_318' title='bbox 414 3559 468 3612; x_wconf 86' lang='lat' dir='ltr'><strong>Eas</strong></span> <span class='ocrx_word' id='word_1_319' title='bbox 486 3558 684 3615; x_wconf 86' lang='lat' dir='ltr'><strong>subtrahentes</strong></span> <span class='ocrx_word' id='word_1_320' title='bbox 695 3566 745 3615; x_wconf 89' lang='lat' dir='ltr'><strong>aut</strong></span> 
     </span>
     <span class='ocr_line' id='line_1_42' title="bbox 185 3629 744 3698; baseline 0.009 -17"><span class='ocrx_word' id='word_1_321' title='bbox 185 3629 368 3698; x_wconf 87' lang='lat' dir='ltr'><strong>impedientes</strong></span> <span class='ocrx_word' id='word_1_322' title='bbox 386 3631 642 3687; x_wconf 84' lang='lat' dir='ltr'><strong>excommunicandi</strong></span> <span class='ocrx_word' id='word_1_323' title='bbox 671 3637 744 3696; x_wconf 91' lang='lat' dir='ltr'><strong>sunt,</strong></span> 
     </span>
     <span class='ocr_line' id='line_1_43' title="bbox 184 3701 746 3773; baseline 0.005 -17"><span class='ocrx_word' id='word_1_324' title='bbox 184 3704 215 3756; x_wconf 88' lang='lat' dir='ltr'><strong>et</strong></span> <span class='ocrx_word' id='word_1_325' title='bbox 232 3702 255 3754; x_wconf 91' lang='lat' dir='ltr'><strong>si</strong></span> <span class='ocrx_word' id='word_1_326' title='bbox 270 3703 389 3770; x_wconf 87' lang='lat' dir='ltr'><strong>patroni,</strong></span> <span class='ocrx_word' id='word_1_327' title='bbox 403 3701 528 3773; x_wconf 82' lang='lat' dir='ltr'><strong>privandi</strong></span> <span class='ocrx_word' id='word_1_328' title='bbox 542 3703 602 3758; x_wconf 87' lang='lat' dir='ltr'><strong>iure</strong></span> <span class='ocrx_word' id='word_1_329' title='bbox 616 3710 746 3772; x_wconf 89' lang='lat' dir='ltr'><strong>patrona-</strong></span> 
     </span>
     <span class='ocr_line' id='line_1_44' title="bbox 186 3775 386 3842; baseline 0.02 -18"><span class='ocrx_word' id='word_1_330' title='bbox 186 3775 241 3838; x_wconf 84' lang='lat' dir='ltr'><strong>tus,</strong></span> <span class='ocrx_word' id='word_1_331' title='bbox 259 3790 322 3842; x_wconf 87' lang='lat' dir='ltr'><strong>pag.</strong></span> <span class='ocrx_word' id='word_1_332' title='bbox 344 3775 386 3828; x_wconf 83' lang='lat'><strong>92.</strong></span> 
     </span>
    </p>
   </div>
   <div class='ocr_carea' id='block_1_8' title="bbox 184 3889 745 4056">
    <p class='ocr_par' dir='ltr' id='par_1_8' title="bbox 184 3889 745 4056">
     <span class='ocr_line' id='line_1_45' title="bbox 237 3889 745 3986; baseline 0.004 -18"><span class='ocrx_word' id='word_1_333' title='bbox 237 3889 378 3986; x_wconf 73' lang='lat' dir='ltr'><strong>Defensio.</strong></span> <span class='ocrx_word' id='word_1_334' title='bbox 403 3944 440 3958; x_wconf 94' lang='lat'>—</span> <span class='ocrx_word' id='word_1_335' title='bbox 468 3915 542 3970; x_wconf 83' lang='lat' dir='ltr'><strong>Reus</strong></span> <span class='ocrx_word' id='word_1_336' title='bbox 571 3931 626 3970; x_wconf 89' lang='lat' dir='ltr'><strong>nou</strong></span> <span class='ocrx_word' id='word_1_337' title='bbox 652 3921 745 3984; x_wconf 91' lang='lat' dir='ltr'><strong>potest</strong></span> 
     </span>
     <span class='ocr_line' id='line_1_46' title="bbox 184 3986 743 4056; baseline 0.007 -18"><span class='ocrx_word' id='word_1_338' title='bbox 184 4000 349 4042; x_wconf 81' lang='lat' dir='ltr'><strong>renunciare</strong></span> <span class='ocrx_word' id='word_1_339' title='bbox 361 4004 427 4041; x_wconf 86' lang='lat' dir='ltr'><strong>suae</strong></span> <span class='ocrx_word' id='word_1_340' title='bbox 436 3986 602 4052; x_wconf 85' lang='lat' dir='ltr'><strong>defensioni,</strong></span> <span class='ocrx_word' id='word_1_341' title='bbox 609 4003 671 4056; x_wconf 85' lang='lat' dir='ltr'><strong>pag.</strong></span> <span class='ocrx_word' id='word_1_342' title='bbox 682 3987 743 4050; x_wconf 84' lang='lat'><strong>316.</strong></span> 
     </span>
    </p>
   </div>
   <div class='ocr_carea' id='block_1_9' title="bbox 798 2707 1362 3491">
    <p class='ocr_par' dir='ltr' id='par_1_9' title="bbox 798 2707 1362 3491">
     <span class='ocr_line' id='line_1_47' title="bbox 801 2707 1361 2764; baseline 0.002 -4"><span class='ocrx_word' id='word_1_343' title='bbox 801 2711 862 2761; x_wconf 88' lang='lat' dir='ltr'><strong>riuu</strong></span> <span class='ocrx_word' id='word_1_344' title='bbox 874 2709 1028 2762; x_wconf 88' lang='lat' dir='ltr'><strong>constituta</strong></span> <span class='ocrx_word' id='word_1_345' title='bbox 1045 2713 1088 2764; x_wconf 88' lang='grc'><strong>444</strong></span> <span class='ocrx_word' id='word_1_346' title='bbox 1106 2709 1128 2761; x_wconf 89' lang='grc'><strong>41</strong></span> <span class='ocrx_word' id='word_1_347' title='bbox 1142 2713 1207 2760; x_wconf 88' lang='lat' dir='ltr'><strong>acta</strong></span> <span class='ocrx_word' id='word_1_348' title='bbox 1222 2707 1361 2761; x_wconf 88' lang='lat' dir='ltr'><strong>instruan-</strong></span> 
     </span>
     <span class='ocr_line' id='line_1_48' title="bbox 800 2778 1362 2834; baseline -0.002 -2"><span class='ocrx_word' id='word_1_349' title='bbox 800 2785 847 2832; x_wconf 88' lang='lat' dir='ltr'><strong>tur</strong></span> <span class='ocrx_word' id='word_1_350' title='bbox 864 2795 919 2833; x_wconf 91' lang='lat' dir='ltr'><strong>non</strong></span> <span class='ocrx_word' id='word_1_351' title='bbox 939 2780 992 2834; x_wconf 86' lang='grc'><strong>4144</strong></span> <span class='ocrx_word' id='word_1_352' title='bbox 1011 2780 1099 2833; x_wconf 86' lang='grc'><strong>414440</strong></span> <span class='ocrx_word' id='word_1_353' title='bbox 1110 2780 1254 2832; x_wconf 81' lang='lat' dir='ltr'><strong>defensore</strong></span> <span class='ocrx_word' id='word_1_354' title='bbox 1267 2778 1362 2831; x_wconf 89' lang='lat' dir='ltr'><strong>matri·</strong></span> 
     </span>
     <span class='ocr_line' id='line_1_49' title="bbox 799 2851 1361 2920; baseline 0.002 -18"><span class='ocrx_word' id='word_1_355' title='bbox 799 2851 895 2916; x_wconf 93' lang='lat' dir='ltr'><strong>monii,</strong></span> <span class='ocrx_word' id='word_1_356' title='bbox 915 2866 980 2920; x_wconf 89' lang='lat' dir='ltr'><strong>pag.</strong></span> <span class='ocrx_word' id='word_1_357' title='bbox 1000 2852 1061 2903; x_wconf 88' lang='grc'><strong>477.</strong></span> <span class='ocrx_word' id='word_1_358' title='bbox 1080 2880 1093 2891; x_wconf 93' lang='grc'>-</span> <span class='ocrx_word' id='word_1_359' title='bbox 1111 2851 1200 2904; x_wconf 87' lang='lat' dir='ltr'><strong>Debet</strong></span> <span class='ocrx_word' id='word_1_360' title='bbox 1217 2854 1361 2919; x_wconf 87' lang='lat' dir='ltr'><strong>praestare</strong></span> 
     </span>
     <span class='ocr_line' id='line_1_50' title="bbox 799 2920 1362 2991; baseline 0.005 -17"><span class='ocrx_word' id='word_1_361' title='bbox 799 2921 996 2986; x_wconf 86' lang='lat' dir='ltr'><strong>iuramentum,</strong></span> <span class='ocrx_word' id='word_1_362' title='bbox 1007 2921 1089 2976; x_wconf 91' lang='lat' dir='ltr'><strong>initio</strong></span> <span class='ocrx_word' id='word_1_363' title='bbox 1108 2937 1260 2991; x_wconf 88' lang='lat' dir='ltr'><strong>processus,</strong></span> <span class='ocrx_word' id='word_1_364' title='bbox 1273 2920 1362 2977; x_wconf 87' lang='lat' dir='ltr'><strong>tideli-</strong></span> 
     </span>
     <span class='ocr_line' id='line_1_51' title="bbox 799 2991 1360 3056; baseline 0.002 -11"><span class='ocrx_word' id='word_1_365' title='bbox 799 2995 844 3046; x_wconf 87' lang='lat' dir='ltr'><strong>ter</strong></span> <span class='ocrx_word' id='word_1_366' title='bbox 861 2992 981 3046; x_wconf 85' lang='lat' dir='ltr'><strong>officium</strong></span> <span class='ocrx_word' id='word_1_367' title='bbox 1005 3011 1085 3047; x_wconf 90' lang='lat' dir='ltr'><strong>suum</strong></span> <span class='ocrx_word' id='word_1_368' title='bbox 1110 2991 1245 3056; x_wconf 90' lang='lat' dir='ltr'><strong>obeundi,</strong></span> <span class='ocrx_word' id='word_1_369' title='bbox 1263 2993 1330 3047; x_wconf 83' lang='lat' dir='ltr'><strong>ibid.</strong></span> <span class='ocrx_word' id='word_1_370' title='bbox 1349 3020 1360 3033; x_wconf 93' lang='lat'><strong>·</strong></span> 
     </span>
     <span class='ocr_line' id='line_1_52' title="bbox 800 3062 1361 3136; baseline 0.004 -21"><span class='ocrx_word' id='word_1_371' title='bbox 800 3063 840 3118; x_wconf 89' lang='lat' dir='ltr'><strong>De</strong></span> <span class='ocrx_word' id='word_1_372' title='bbox 853 3064 913 3118; x_wconf 89' lang='lat' dir='ltr'><strong>eius</strong></span> <span class='ocrx_word' id='word_1_373' title='bbox 922 3065 1056 3131; x_wconf 88' lang='lat' dir='ltr'><strong>mercede,</strong></span> <span class='ocrx_word' id='word_1_374' title='bbox 1067 3065 1176 3136; x_wconf 89' lang='lat' dir='ltr'><strong>quando</strong></span> <span class='ocrx_word' id='word_1_375' title='bbox 1185 3067 1215 3118; x_wconf 89' lang='lat' dir='ltr'><strong>et</strong></span> <span class='ocrx_word' id='word_1_376' title='bbox 1223 3062 1361 3134; x_wconf 89' lang='lat' dir='ltr'><strong>quomodo</strong></span> 
     </span>
     <span class='ocr_line' id='line_1_53' title="bbox 799 3134 1361 3205; baseline 0.002 -17"><span class='ocrx_word' id='word_1_377' title='bbox 799 3135 837 3188; x_wconf 92' lang='lat' dir='ltr'><strong>sit</strong></span> <span class='ocrx_word' id='word_1_378' title='bbox 856 3135 881 3188; x_wconf 91' lang='lat' dir='ltr'><strong>ei</strong></span> <span class='ocrx_word' id='word_1_379' title='bbox 901 3136 1103 3198; x_wconf 80' lang='lat' dir='ltr'><strong>constituenda,</strong></span> <span class='ocrx_word' id='word_1_380' title='bbox 1122 3137 1188 3188; x_wconf 83' lang='lat' dir='ltr'><strong>ibid.</strong></span> <span class='ocrx_word' id='word_1_381' title='bbox 1207 3151 1246 3205; x_wconf 79' lang='lat' dir='ltr'><strong>ap.</strong></span> <span class='ocrx_word' id='word_1_382' title='bbox 1265 3163 1276 3175; x_wconf 95' lang='lat'>·</span> <span class='ocrx_word' id='word_1_383' title='bbox 1295 3134 1361 3195; x_wconf 90' lang='lat' dir='ltr'><strong>Qui·</strong></span> 
     </span>
     <span class='ocr_line' id='line_1_54' title="bbox 799 3205 1361 3277; baseline 0.004 -18"><span class='ocrx_word' id='word_1_384' title='bbox 799 3207 915 3259; x_wconf 84' lang='lat' dir='ltr'><strong>bosnam</strong></span> <span class='ocrx_word' id='word_1_385' title='bbox 932 3207 959 3258; x_wconf 89' lang='lat' dir='ltr'><strong>in</strong></span> <span class='ocrx_word' id='word_1_386' title='bbox 974 3208 1074 3270; x_wconf 88' lang='lat' dir='ltr'><strong>causis,</strong></span> <span class='ocrx_word' id='word_1_387' title='bbox 1087 3206 1256 3277; x_wconf 81' lang='lat' dir='ltr'><strong>matrimonii</strong></span> <span class='ocrx_word' id='word_1_388' title='bbox 1267 3205 1361 3261; x_wconf 82' lang='lat' dir='ltr'><strong>delen·</strong></span> 
     </span>
     <span class='ocr_line' id='line_1_55' title="bbox 799 3278 1359 3348; baseline 0.002 -19"><span class='ocrx_word' id='word_1_389' title='bbox 799 3292 844 3332; x_wconf 85' lang='lat' dir='ltr'><strong>sor</strong></span> <span class='ocrx_word' id='word_1_390' title='bbox 872 3279 984 3332; x_wconf 90' lang='lat' dir='ltr'><strong>intersit</strong></span> <span class='ocrx_word' id='word_1_391' title='bbox 1013 3283 1139 3348; x_wconf 90' lang='lat' dir='ltr'><strong>oportet,</strong></span> <span class='ocrx_word' id='word_1_392' title='bbox 1167 3294 1229 3347; x_wconf 90' lang='lat' dir='ltr'><strong>pag.</strong></span> <span class='ocrx_word' id='word_1_393' title='bbox 1258 3278 1321 3331; x_wconf 87' lang='grc'><strong>478.</strong></span> <span class='ocrx_word' id='word_1_394' title='bbox 1348 3305 1359 3318; x_wconf 86' lang='grc'><em>·</em></span> 
     </span>
     <span class='ocr_line' id='line_1_56' title="bbox 800 3348 1358 3418; baseline 0.002 -15"><span class='ocrx_word' id='word_1_395' title='bbox 800 3348 901 3403; x_wconf 87' lang='lat' dir='ltr'><strong>Utrum</strong></span> <span class='ocrx_word' id='word_1_396' title='bbox 920 3355 988 3417; x_wconf 83' lang='lat' dir='ltr'><strong>agat</strong></span> <span class='ocrx_word' id='word_1_397' title='bbox 1007 3355 1099 3418; x_wconf 88' lang='lat' dir='ltr'><strong>partes</strong></span> <span class='ocrx_word' id='word_1_398' title='bbox 1120 3349 1223 3404; x_wconf 88' lang='grc'><strong>4440414</strong></span> <span class='ocrx_word' id='word_1_399' title='bbox 1250 3349 1358 3404; x_wconf 85' lang='grc'><strong>444441</strong></span> 
     </span>
     <span class='ocr_line' id='line_1_57' title="bbox 798 3420 1151 3491; baseline -0.008 -17"><span class='ocrx_word' id='word_1_400' title='bbox 798 3424 827 3474; x_wconf 92' lang='lat' dir='ltr'><strong>et</strong></span> <span class='ocrx_word' id='word_1_401' title='bbox 845 3420 990 3490; x_wconf 91' lang='lat' dir='ltr'><strong>quomodo,</strong></span> <span class='ocrx_word' id='word_1_402' title='bbox 1009 3438 1072 3491; x_wconf 86' lang='lat' dir='ltr'><strong>pag.</strong></span> <span class='ocrx_word' id='word_1_403' title='bbox 1091 3421 1151 3473; x_wconf 91' lang='grc'><strong>479.</strong></span> 
     </span>
    </p>
   </div>
   <div class='ocr_carea' id='block_1_10' title="bbox 797 3560 1360 3917">
    <p class='ocr_par' dir='ltr' id='par_1_10' title="bbox 797 3560 1360 3917">
     <span class='ocr_line' id='line_1_58' title="bbox 852 3560 1360 3630; baseline 0 -15"><span class='ocrx_word' id='word_1_404' title='bbox 852 3562 894 3616; x_wconf 83' lang='lat' dir='ltr'><strong>De</strong></span> <span class='ocrx_word' id='word_1_405' title='bbox 909 3579 993 3617; x_wconf 83' lang='lat' dir='ltr'><strong>emor</strong></span> <span class='ocrx_word' id='word_1_406' title='bbox 1010 3567 1062 3617; x_wconf 81' lang='lat' dir='ltr'><strong>ret.</strong></span> <span class='ocrx_word' id='word_1_407' title='bbox 1081 3589 1117 3603; x_wconf 91' lang='lat'>-</span> <span class='ocrx_word' id='word_1_408' title='bbox 1134 3561 1188 3630; x_wconf 90' lang='lat' dir='ltr'><strong>lpsi</strong></span> <span class='ocrx_word' id='word_1_409' title='bbox 1214 3560 1299 3630; x_wconf 87' lang='lat' dir='ltr'><strong>plena</strong></span> <span class='ocrx_word' id='word_1_410' title='bbox 1316 3565 1360 3615; x_wconf 87' lang='lat' dir='ltr'><strong>est</strong></span> 
     </span>
     <span class='ocr_line' id='line_1_59' title="bbox 797 3632 1360 3703; baseline -0.002 -18"><span class='ocrx_word' id='word_1_411' title='bbox 797 3647 849 3686; x_wconf 91' lang='lat' dir='ltr'><strong>con</strong></span> <span class='ocrx_word' id='word_1_412' title='bbox 901 3633 972 3688; x_wconf 86' lang='lat' dir='ltr'><strong>enda</strong></span> <span class='ocrx_word' id='word_1_413' title='bbox 982 3635 1097 3688; x_wconf 87' lang='lat' dir='ltr'><strong>libertas</strong></span> <span class='ocrx_word' id='word_1_414' title='bbox 1106 3632 1264 3703; x_wconf 85' lang='lat' dir='ltr'><strong>alloquendi</strong></span> <span class='ocrx_word' id='word_1_415' title='bbox 1272 3647 1360 3698; x_wconf 88' lang='lat' dir='ltr'><strong>reum,</strong></span> 
     </span>
     <span class='ocr_line' id='line_1_60' title="bbox 798 3704 1359 3774; baseline 0.004 -18"><span class='ocrx_word' id='word_1_416' title='bbox 798 3719 862 3772; x_wconf 90' lang='lat' dir='ltr'><strong>pag.</strong></span> <span class='ocrx_word' id='word_1_417' title='bbox 881 3704 943 3758; x_wconf 79' lang='lat'><strong>320.</strong></span> <span class='ocrx_word' id='word_1_418' title='bbox 962 3735 973 3744; x_wconf 92' lang='lat'>·</span> <span class='ocrx_word' id='word_1_419' title='bbox 994 3705 1048 3774; x_wconf 89' lang='lat' dir='ltr'><strong>Ipsi</strong></span> <span class='ocrx_word' id='word_1_420' title='bbox 1072 3704 1116 3759; x_wconf 89' lang='lat' dir='ltr'><strong>vel</strong></span> <span class='ocrx_word' id='word_1_421' title='bbox 1143 3708 1274 3757; x_wconf 85' lang='lat' dir='ltr'><strong>accusato</strong></span> <span class='ocrx_word' id='word_1_422' title='bbox 1293 3709 1359 3758; x_wconf 87' lang='lat' dir='ltr'><strong>ante</strong></span> 
     </span>
     <span class='ocr_line' id='line_1_61' title="bbox 797 3773 1359 3845; baseline 0 -17"><span class='ocrx_word' id='word_1_423' title='bbox 797 3777 965 3829; x_wconf 86' lang='lat' dir='ltr'><strong>sententiam</strong></span> <span class='ocrx_word' id='word_1_424' title='bbox 984 3778 1028 3830; x_wconf 92' lang='lat' dir='ltr'><strong>ius</strong></span> <span class='ocrx_word' id='word_1_425' title='bbox 1050 3781 1093 3829; x_wconf 87' lang='lat' dir='ltr'><strong>eet</strong></span> <span class='ocrx_word' id='word_1_426' title='bbox 1116 3780 1146 3830; x_wconf 86' lang='lat' dir='ltr'><strong>et</strong></span> <span class='ocrx_word' id='word_1_427' title='bbox 1171 3773 1359 3845; x_wconf 82' lang='lat' dir='ltr'><strong>privilegium,</strong></span> 
     </span>
     <span class='ocr_line' id='line_1_62' title="bbox 800 3845 1229 3917; baseline 0.002 -20"><span class='ocrx_word' id='word_1_428' title='bbox 800 3845 898 3900; x_wconf 90' lang='lat' dir='ltr'><strong>ultimo</strong></span> <span class='ocrx_word' id='word_1_429' title='bbox 917 3847 988 3913; x_wconf 90' lang='lat' dir='ltr'><strong>loco,</strong></span> <span class='ocrx_word' id='word_1_430' title='bbox 1007 3846 1145 3917; x_wconf 87' lang='lat' dir='ltr'><strong>loquendi,</strong></span> <span class='ocrx_word' id='word_1_431' title='bbox 1164 3848 1229 3902; x_wconf 82' lang='lat' dir='ltr'><strong>ibid.</strong></span> 
     </span>
    </p>
   </div>
   <div class='ocr_carea' id='block_1_11' title="bbox 851 3986 1359 4058">
    <p class='ocr_par' dir='ltr' id='par_1_11' title="bbox 851 3986 1359 4058">
     <span class='ocr_line' id='line_1_63' title="bbox 851 3986 1359 4058; baseline -0.006 -15"><span class='ocrx_word' id='word_1_432' title='bbox 851 3989 980 4058; x_wconf 77' lang='lat' dir='ltr'><strong>Definitio</strong></span> <span class='ocrx_word' id='word_1_433' title='bbox 993 4005 1121 4042; x_wconf 72' lang='lat' dir='ltr'><strong>causae·</strong></span> <span class='ocrx_word' id='word_1_434' title='bbox 1133 3987 1173 4042; x_wconf 92' lang='lat' dir='ltr'><strong>De</strong></span> <span class='ocrx_word' id='word_1_435' title='bbox 1181 4004 1282 4041; x_wconf 90' lang='lat' dir='ltr'><strong>caueae</strong></span> <span class='ocrx_word' id='word_1_436' title='bbox 1291 3986 1359 4040; x_wconf 87' lang='lat' dir='ltr'><strong>defi·</strong></span> 
     </span>
    </p>
   </div>
   <div class='ocr_carea' id='block_1_12' title="bbox 182 4055 1358 4484">
    <p class='ocr_par' dir='ltr' id='par_1_12' title="bbox 183 4055 1357 4200">
     <span class='ocr_line' id='line_1_64' title="bbox 185 4055 1357 4130; baseline 0.002 -21"><span class='ocrx_word' id='word_1_437' title='bbox 185 4082 196 4096; x_wconf 94' lang='lat'>·</span> <span class='ocrx_word' id='word_1_438' title='bbox 209 4055 340 4112; x_wconf 80' lang='lat' dir='ltr'><strong>Facultas</strong></span> <span class='ocrx_word' id='word_1_439' title='bbox 349 4075 379 4114; x_wconf 89' lang='grc'><strong>44</strong></span> <span class='ocrx_word' id='word_1_440' title='bbox 390 4057 554 4114; x_wconf 79' lang='lat' dir='ltr'><strong>defendendi</strong></span> <span class='ocrx_word' id='word_1_441' title='bbox 567 4075 616 4112; x_wconf 87' lang='lat' dir='ltr'><strong>reo</strong></span> <span class='ocrx_word' id='word_1_442' title='bbox 625 4065 668 4114; x_wconf 88' lang='lat' dir='ltr'><strong>est</strong></span> <span class='ocrx_word' id='word_1_443' title='bbox 680 4075 743 4114; x_wconf 92' lang='lat' dir='ltr'><strong>con·</strong></span> <span class='ocrx_word' id='word_1_444' title='bbox 798 4058 913 4126; x_wconf 87' lang='lat' dir='ltr'><strong>uitione,</strong></span> <span class='ocrx_word' id='word_1_445' title='bbox 927 4075 989 4128; x_wconf 90' lang='lat' dir='ltr'><strong>pag.</strong></span> <span class='ocrx_word' id='word_1_446' title='bbox 1003 4061 1056 4114; x_wconf 86' lang='grc'><strong>407</strong></span> <span class='ocrx_word' id='word_1_447' title='bbox 1069 4076 1109 4130; x_wconf 87' lang='lat' dir='ltr'><strong>sq.</strong></span> <span class='ocrx_word' id='word_1_448' title='bbox 1128 4060 1191 4113; x_wconf 79' lang='lat' dir='ltr'><strong>-Gt</strong></span> <span class='ocrx_word' id='word_1_449' title='bbox 1208 4060 1357 4114; x_wconf 80' lang='lat' dir='ltr'><strong>Sententia.</strong></span> 
     </span>
     <span class='ocr_line' id='line_1_65' title="bbox 183 4127 745 4200; baseline 0.004 -19"><span class='ocrx_word' id='word_1_450' title='bbox 183 4127 305 4184; x_wconf 86' lang='lat' dir='ltr'><strong>cedenda</strong></span> <span class='ocrx_word' id='word_1_451' title='bbox 329 4130 357 4182; x_wconf 92' lang='lat' dir='ltr'><strong>in</strong></span> <span class='ocrx_word' id='word_1_452' title='bbox 382 4146 548 4200; x_wconf 83' lang='lat' dir='ltr'><strong>quacunque</strong></span> <span class='ocrx_word' id='word_1_453' title='bbox 576 4135 655 4198; x_wconf 89' lang='lat' dir='ltr'><strong>parte</strong></span> <span class='ocrx_word' id='word_1_454' title='bbox 683 4146 745 4199; x_wconf 90' lang='lat' dir='ltr'><strong>pro-</strong></span> 
     </span>
    </p>

    <p class='ocr_par' dir='ltr' id='par_1_13' title="bbox 182 4199 1358 4484">
     <span class='ocr_line' id='line_1_66' title="bbox 182 4199 1358 4272; baseline 0 -18"><span class='ocrx_word' id='word_1_455' title='bbox 182 4214 277 4254; x_wconf 85' lang='lat' dir='ltr'><strong>cessus</strong></span> <span class='ocrx_word' id='word_1_456' title='bbox 294 4200 353 4255; x_wconf 87' lang='grc'><strong>4144</strong></span> <span class='ocrx_word' id='word_1_457' title='bbox 375 4201 541 4272; x_wconf 69' lang='lat' dir='ltr'><strong>sequenter,</strong></span> <span class='ocrx_word' id='word_1_458' title='bbox 569 4201 628 4255; x_wconf 86' lang='lat' dir='ltr'><strong>sive</strong></span> <span class='ocrx_word' id='word_1_459' title='bbox 654 4203 743 4268; x_wconf 76' lang='lat' dir='ltr'><strong>minti,</strong></span> <span class='ocrx_word' id='word_1_460' title='bbox 852 4199 1358 4256; x_wconf 73' lang='lat' dir='ltr'><strong>Delictum.-Veuereadelictain</strong></span> 
     </span>
     <span class='ocr_line' id='line_1_67' title="bbox 182 4271 1358 4342; baseline 0 -18"><span class='ocrx_word' id='word_1_461' title='bbox 182 4286 244 4339; x_wconf 85' lang='lat' dir='ltr'><strong>pag.</strong></span> <span class='ocrx_word' id='word_1_462' title='bbox 254 4271 316 4324; x_wconf 90' lang='grc'><strong>317.</strong></span> <span class='ocrx_word' id='word_1_463' title='bbox 331 4271 396 4325; x_wconf 85' lang='grc'><strong>-144</strong></span> <span class='ocrx_word' id='word_1_464' title='bbox 408 4271 576 4326; x_wconf 78' lang='lat' dir='ltr'><strong>defensionis</strong></span> <span class='ocrx_word' id='word_1_465' title='bbox 593 4289 683 4342; x_wconf 87' lang='lat' dir='ltr'><strong>neque</strong></span> <span class='ocrx_word' id='word_1_466' title='bbox 696 4288 744 4326; x_wconf 91' lang='lat' dir='ltr'><strong>reo</strong></span> <span class='ocrx_word' id='word_1_467' title='bbox 797 4277 900 4338; x_wconf 89' lang='lat' dir='ltr'><strong>cestus,</strong></span> <span class='ocrx_word' id='word_1_468' title='bbox 910 4274 1010 4342; x_wconf 89' lang='lat' dir='ltr'><strong>stupri,</strong></span> <span class='ocrx_word' id='word_1_469' title='bbox 1018 4271 1148 4326; x_wconf 87' lang='lat' dir='ltr'><strong>adulterii</strong></span> <span class='ocrx_word' id='word_1_470' title='bbox 1162 4278 1228 4326; x_wconf 88' lang='lat' dir='ltr'><strong>sunt</strong></span> <span class='ocrx_word' id='word_1_471' title='bbox 1239 4271 1358 4325; x_wconf 88' lang='lat' dir='ltr'><strong>crimina</strong></span> 
     </span>
     <span class='ocr_line' id='line_1_68' title="bbox 183 4343 1357 4413; baseline 0 -17"><span class='ocrx_word' id='word_1_472' title='bbox 183 4344 310 4398; x_wconf 81' lang='lat' dir='ltr'><strong>confesso</strong></span> <span class='ocrx_word' id='word_1_473' title='bbox 322 4347 365 4398; x_wconf 88' lang='grc'><strong>444</strong></span> <span class='ocrx_word' id='word_1_474' title='bbox 389 4343 589 4412; x_wconf 88' lang='lat' dir='ltr'><strong>denegandum,</strong></span> <span class='ocrx_word' id='word_1_475' title='bbox 604 4359 666 4413; x_wconf 86' lang='lat' dir='ltr'><strong>pag.</strong></span> <span class='ocrx_word' id='word_1_476' title='bbox 679 4343 742 4399; x_wconf 90' lang='grc'><strong>318.</strong></span> <span class='ocrx_word' id='word_1_477' title='bbox 798 4344 938 4399; x_wconf 88' lang='lat' dir='ltr'><strong>contraria</strong></span> <span class='ocrx_word' id='word_1_478' title='bbox 957 4345 1011 4398; x_wconf 90' lang='lat' dir='ltr'><strong>iuri</strong></span> <span class='ocrx_word' id='word_1_479' title='bbox 1030 4349 1148 4398; x_wconf 89' lang='lat' dir='ltr'><strong>naturae</strong></span> <span class='ocrx_word' id='word_1_480' title='bbox 1163 4351 1193 4398; x_wconf 89' lang='grc'><strong>44</strong></span> <span class='ocrx_word' id='word_1_481' title='bbox 1205 4353 1282 4398; x_wconf 87' lang='grc'><strong>44440</strong></span> <span class='ocrx_word' id='word_1_482' title='bbox 1295 4343 1357 4397; x_wconf 88' lang='lat' dir='ltr'><strong>usui</strong></span> 
     </span>
     <span class='ocr_line' id='line_1_69' title="bbox 183 4413 1358 4484; baseline 0 -17"><span class='ocrx_word' id='word_1_483' title='bbox 183 4442 197 4456; x_wconf 93' lang='lat'><strong>·</strong></span> <span class='ocrx_word' id='word_1_484' title='bbox 216 4413 261 4468; x_wconf 89' lang='lat' dir='ltr'><strong>lus</strong></span> <span class='ocrx_word' id='word_1_485' title='bbox 278 4414 446 4470; x_wconf 80' lang='lat' dir='ltr'><strong>detensionis</strong></span> <span class='ocrx_word' id='word_1_486' title='bbox 464 4420 654 4484; x_wconf 86' lang='lat' dir='ltr'><strong>comparatum</strong></span> <span class='ocrx_word' id='word_1_487' title='bbox 680 4431 743 4470; x_wconf 88' lang='lat' dir='ltr'><strong>curn</strong></span> <span class='ocrx_word' id='word_1_488' title='bbox 797 4415 899 4469; x_wconf 81' lang='lat' dir='ltr'><strong>uirium</strong></span> <span class='ocrx_word' id='word_1_489' title='bbox 918 4415 1089 4470; x_wconf 88' lang='lat' dir='ltr'><strong>naturalium</strong></span> <span class='ocrx_word' id='word_1_490' title='bbox 1116 4415 1304 4470; x_wconf 86' lang='lat' dir='ltr'><strong>ordinatarum</strong></span> <span class='ocrx_word' id='word_1_491' title='bbox 1323 4413 1358 4468; x_wconf 94' lang='lat' dir='ltr'><strong>ad</strong></span> 
     </span>
    </p>
   </div>
   <div class='ocr_carea' id='block_1_13' title="bbox 0 0 1680 5100">
    <p class='ocr_par' dir='ltr' id='par_1_14' title="bbox 0 0 1680 5100">
     <span class='ocr_line' id='line_1_70' title="bbox 0 0 1680 5100; baseline 0 3"><span class='ocrx_word' id='word_1_492' title='bbox 0 0 1680 5100; x_wconf 95' lang='lat' dir='ltr'><strong> </strong></span> 
     </span>
    </p>
   </div>
  </div>
 </body>
</html>
