3350 5100
533 324 577 370 un
600 323 756 371 onnrorrs
778 325 822 371 nr
846 323 966 371 ronnrs
1275 302 1339 370 135

155 445 384 520 decernantnr,
401 454 435 512 et
457 447 651 512 ordinentur
665 467 739 514 cnm
754 447 902 513 omnibus
924 451 958 514 et
979 445 1116 532 singulis
1132 445 1208 511 inde
1223 446 1338 530 quovis

153 571 251 636 modo
273 573 418 656 sequutis
432 577 466 637 et
480 572 775 656 quomodocumque
791 571 976 656 sequuturis
990 573 1120 636 omnino
1136 569 1236 652 nulla,
1252 571 1339 636 inva-

146 685 229 768 lida,
254 697 374 772 inania,
392 697 489 762 irrita
511 701 544 761 et
565 716 586 761 a
607 715 674 762 non
696 695 890 762 habentibus
905 700 1096 781 potestatem
1113 693 1339 761 damnabiliter

151 827 315 889 attentata
336 823 433 888 etde
454 822 543 890 facto
565 830 804 909 praesumpta...
829 841 934 888 esse...
958 807 1163 887 decemimus
1186 826 1249 888 etc.
1267 842 1299 885 ›.

246 947 285 1010 ln
308 947 395 1012 banc
418 947 526 1013 Gonst.
547 947 668 1031 aliquid
690 947 865 1014 advertere
887 951 1041 1032 praestat,
1065 965 1130 1010 uon
1154 967 1214 1031 pro
1238 946 1338 1032 expli·

151 1071 259 1136 canda
281 1072 505 1138 ecclesiastica
521 1072 701 1157 disciplina,
717 1073 781 1138 hac
804 1071 845 1138 de
868 1092 923 1144 re,
948 1071 1005 1137 sed
1027 1072 1069 1137 ad
1091 1071 1338 1157 intelligentiam

150 1214 333 1278 poenarum
356 1214 439 1280 quae
461 1198 611 1263 sanciunt
629 1216 695 1262 non
717 1215 939 1281 quaecumque
955 1196 1012 1262 sed
1027 1195 1184 1260 nonnulla
1199 1194 1340 1260 admissa

151 1322 311 1404 graviora
344 1328 460 1387 contra
489 1321 575 1387 hanc
605 1321 819 1408 disciplinam.
850 1323 978 1388 Etenim
1010 1321 1074 1386 hac
1106 1321 1339 1386 Constitutione

150 1445 344 1512 declaratur
372 1453 406 1512 et
435 1445 584 1513 firmatur
613 1449 664 1512 ius
693 1467 880 1520 commune,
906 1449 1105 1513 constituens
1129 1447 1339 1512 Vicariorum

150 1571 389 1656 Capitularinm
417 1573 655 1659 deputationum
683 1577 717 1640 et
742 1571 901 1646 officium,
927 1574 960 1637 in
983 1573 1112 1657 primis,
1137 1571 1336 1643 decernens,

149 1713 258 1778 neque
274 1695 381 1778 quoad
396 1702 521 1780 tempus
531 1715 636 1779 neque
648 1695 751 1780 quoad
768 1695 1021 1761 iurisdictionem
1034 1694 1231 1760 ordinariam
1245 1692 1336 1779 Capi-

149 1820 252 1884 tulum
286 1820 406 1886 limites
436 1840 559 1906 ponere
589 1840 700 1906 posse,
725 1819 780 1886 sed
809 1823 921 1907 poenis
952 1820 1063 1905 plectit
1093 1821 1217 1886 crimen
1240 1821 1274 1884 in
1298 1838 1338 1884 eo

148 1945 329 2011 admissum
344 1952 380 2012 ut
391 1947 542 2014 Ecclesia
555 1967 685 2013 uacans
699 1947 916 2028 concedatur,
931 1945 1162 2028 transferatur
1178 1944 1215 2010 in
1230 1945 1338 2012 nomi·

149 2078 274 2136 mum
289 2090 351 2136 aen
368 2075 629 2154 praesentatum
651 2091 675 2136 a
692 2077 860 2154 potestate
875 2071 974 2152 laica,
990 2071 1028 2136 id
1050 2076 1099 2138 est
1121 2091 1143 2137 a
1166 2070 1338 2153 supremis

148 2214 273 2260 rernm
292 2195 515 2278 publicarum
536 2193 820 2266 moderatoribus,
837 2201 1024 2279 antequam
1046 2193 1095 2259 ita
1118 2192 1286 2259 norninati
1305 2198 1337 2258 et

143 2321 363 2400 praesentati
385 2319 601 2386 exhibuerint
624 2320 743 2385 literas
765 2318 989 2400 Apostotioas.

239 2443 374 2508 Poenas
391 2448 498 2507 antem
515 2444 697 2515 incurrunt,
715 2441 831 2508 conrei
844 2441 1056 2524 principales
1072 2459 1130 2506 seu
1145 2439 1337 2526 Dipnitates

148 2575 181 2633 et
203 2569 366 2635 canonici
389 2586 626 2635 coucaonurss
651 2574 683 2633 et
707 2586 1008 2642 rasusrnnanrns;
1033 2571 1066 2632 et
1089 2567 1148 2651 ipsi
1168 2564 1337 2631 nominati

148 2700 181 2758 et
190 2694 410 2777 praesentati
429 2711 676 2766 suscrrrauras
694 2694 763 2757 sive
778 2711 839 2777 per
854 2712 898 2763 se,
915 2692 983 2757 sive
999 2710 1059 2776 per
1075 2689 1173 2755 alium
1189 2690 1336 2776 regimen
1467 2780 1468 2783 Ἴ

148 2809 468 2892 Ecclesiarum;nec
490 2836 556 2881 non
579 2818 691 2882 conrei
714 2816 906 2895 accessorii,
922 2835 979 2880 seu
1003 2816 1056 2899 qui
1079 2814 1212 2879 intrusis
1231 2832 1335 2896 prae-

148 2944 264 3009 missis
281 2941 479 3025 paramini,
503 2942 556 3007 oet
578 2941 767 3013 aemilium,
791 2940 988 3022 consitium,
1011 2940 1169 3023 savorem
1186 2938 1335 3023 praesti·

149 3069 253 3133 terim
284 3068 433 3133 cuiusvis
463 3071 587 3141 statas,
615 3067 927 3149 praeeminentiae,
951 3064 1127 3151 dipnitatis
1148 3065 1288 3148 suerint.
1316 3101 1333 3113 -

148 3194 303 3257 lamvero
334 3194 369 3256 in
398 3198 492 3257 textu
516 3192 757 3277 distinguuntur
784 3192 978 3278 Dipnitates
1004 3196 1037 3256 et
1062 3192 1234 3273 Oenomai,
1259 3193 1335 3276 quia

150 3339 271 3384 resera
293 3320 328 3382 in
352 3318 501 3403 capitulis
524 3318 703 3404 Dignitates
726 3338 746 3381 a
770 3318 941 3383 canonicis
963 3318 1115 3403 distingui
1139 3318 1253 3390 solent,
1278 3316 1334 3383 sed

148 3445 352 3527 potissimum
364 3444 439 3525 quia
452 3444 506 3507 ubi
517 3442 659 3526 capitula
674 3444 848 3507 constituta
865 3461 929 3505 non
945 3444 1027 3517 sint;
1044 3461 1136 3507 secus
1153 3438 1336 3527 effugerent

148 3586 271 3651 poanm
286 3567 335 3631 illi
350 3568 404 3649 qui
420 3567 470 3630 ius
485 3566 607 3631 habent
623 3564 800 3651 recipiendi
816 3570 850 3631 et
867 3564 1119 3650 recognoscendi
1133 3564 1245 3629 literas
1258 3584 1334 3649 pro-

148 3691 293 3762 visionis,
310 3690 429 3773 quique
455 3690 529 3753 iure
552 3690 669 3753 merito
685 3689 864 3772 Dignitates
880 3688 1095 3773 appellantur.
1113 3722 1130 3735 -
1149 3688 1222 3752 Hac
1238 3687 1333 3751 etiam

148 3813 188 3878 de
211 3832 314 3879 causa
336 3815 370 3876 in
393 3818 486 3878 textu
500 3814 731 3895 suspensionis
754 3814 844 3878 tatae
867 3832 887 3876 a
911 3812 1018 3877 Const.
1035 3812 1100 3894 Ap.
1118 3809 1216 3876 Sedis
1236 3828 1336 3894 supra

148 3957 295 4024 expenso
311 3958 344 4002 n.
360 3937 416 4018 90,
432 3943 646 4003 recensentur
662 3937 820 4021 capitula,
838 3937 1047 4017 Monasteria,
1064 3934 1192 4019 aliique
1207 3953 1334 4001 omnes.

242 4064 374 4127 Poenae
397 4068 504 4162 autem
528 4062 681 4126 feruntur
704 4066 894 4145 sequentes:

288 4186 320 4268 l)
343 4186 425 4249 Tum
448 4184 672 4267 delinquentes
691 4183 906 4267 principales
930 4188 997 4249 tum
1020 4184 1201 4249 accessorii
1225 4185 1335 4247 incur-

150 4314 229 4374 runt
251 4309 620 4374 excommunicationem
643 4310 664 4372 t.
688 4313 770 4373 sent.
796 4307 937 4390 speciali
959 4307 1061 4373 modo
1084 4306 1204 4390 Papae
1226 4325 1335 4373 reser-

151 4437 279 4498 natam.
