3350 5100
343 289 409 353 334
859 309 941 355 rsus
967 308 1000 354 u.

345 436 378 496 at
412 430 559 497 Glem3
593 432 624 495 b.
650 438 671 497 t.
697 431 809 507 Quare
845 432 907 496 hoc
934 432 1135 497 decendium
1166 432 1284 497 dictum
1317 440 1366 495 est
1396 439 1527 515 tempus

343 558 425 624 utile
447 558 609 642 ignoranti
633 576 696 619 non
721 556 901 622 decurrens
925 559 956 620 in
981 576 1037 621 suo
1062 558 1164 636 initio,
1189 562 1223 622 at
1247 558 1278 621 in
1304 577 1363 622 suo
1382 556 1526 621 decursu
1635 590 1636 595 κ

343 682 541 747 continuum
564 687 597 744 at
614 681 888 763 peremptorium
904 680 1182 765 comprehendens
1200 679 1268 745 dies
1284 700 1411 764 quoque
1428 680 1528 745 ies-ia·

342 811 401 879 tos,
426 806 510 890 quod
533 826 553 869 a
575 770 681 870 iudice
704 826 808 888 oeque
832 805 962 870 diminui
988 824 1092 888 oeque
1116 808 1286 890 prorogari
1311 806 1409 869 valet.
1436 840 1453 853 ·
1481 810 1526 869 Al

237 930 241 936 ’
342 932 438 997 hodie
461 932 674 997 attendendus
693 937 741 996 est
764 939 826 997 art.
844 932 887 995 37
911 933 964 997 cit.
990 933 1123 996 instita
1146 950 1340 1018 expressus:
1366 930 1528 1001 «Quoad
1636 952 1637 967 ¹

341 1058 605 1141 appellationem
614 1063 799 1123 sanantur
811 1076 955 1124 normae
969 1063 1114 1123 statutae
1126 1076 1149 1123 a
1167 1064 1270 1124 const.
1290 1062 1342 1121 Au
1360 1076 1526 1137 amissa,-

343 1201 396 1249 uls
414 1204 440 1248 s.
453 1203 498 1247 m.
513 1183 686 1249 Benedicti
698 1183 793 1252 XIV,
808 1182 858 1248 30
872 1183 991 1249 ellantii
1005 1182 1275 1268 oceanoque
1291 1184 1404 1248 editae
1420 1183 1462 1248 ab
1476 1182 1526 1246 H.

343 1310 378 1394 S.
400 1309 434 1375 C.
458 1309 496 1374 in
518 1310 651 1375 decreto
676 1308 744 1374 diei
767 1309 809 1373 18
833 1308 985 1375 Decernb.
1008 1292 1099 1375 1835
1123 1313 1155 1374 et
1179 1308 1311 1374 litterae
1335 1309 1527 1375 circulares

342 1433 411 1498 diei
432 1434 451 1496 1
473 1434 619 1519 Aupasli
642 1432 727 1499 1851
743 1454 773 1497 a.
800 1434 897 1517 Atqui
926 1435 958 1497 in
990 1435 1042 1497 cit.
1068 1434 1209 1498 Decreta
1238 1452 1268 1497 a.
1296 1434 1383 1499 1835
1406 1439 1469 1497 art.
1499 1433 1527 1495 2

341 1561 477 1620 cavetur
502 1557 659 1621 «Decem
674 1556 747 1621 dies
761 1556 943 1621 numerari
965 1556 1127 1638 incipient
1149 1574 1220 1621 non
1237 1576 1259 1620 a
1276 1556 1340 1627 die,
1358 1574 1426 1639 qsto
1448 1574 1527 1621 sen-

342 1681 446 1745 tentia
469 1682 540 1745 lato
563 1686 619 1752 est,
644 1682 705 1747 sed
732 1701 755 1747 a
782 1681 847 1775 die.
872 1701 939 1767 quo
969 1700 1028 1747 reo
1060 1684 1111 1747 uel
1144 1683 1217 1747 aas
1254 1682 1428 1763 deformari
1454 1701 1526 1763 per
1637 1766 1638 1771 ἵ

304 1865 308 1872 .
341 1791 524 1867 cunsoauu'
543 1802 751 1870 dennndato
773 1802 841 1885 fuit
859 1824 888 1865 ».

430 1924 505 1990 288.
532 1928 568 1991 ln
585 1924 821 1995 criminalibus
844 1907 908 1991 non
932 1923 1025 1991 secus
1047 1946 1087 1991 ac
1102 1929 1136 1993 iu
1153 1896 1317 2008 ciuilibus
1333 1928 1522 2011 appellatio-

342 2050 392 2113 nis
415 2050 464 2114 ius
486 2052 675 2134 cuicumque
700 2056 732 2114 et
763 2050 910 2115 omnibus
933 2052 965 2115 in
997 2044 1110 2115 causis
1133 2053 1305 2136 competit.
1331 2057 1440 2135 utpote
1470 2053 1523 2115 ius

340 2195 361 2238 a
372 2180 490 2239 natura
501 2182 731 2260 comparatum,
746 2175 829 2259 quod
843 2196 906 2240 non
921 2176 1113 2261 intelligitur
1129 2196 1148 2239 a
1164 2196 1222 2241 suo
1239 2178 1397 2241 exercitio
1414 2176 1524 2260 prohi-

341 2300 442 2382 bitum
472 2303 532 2366 uisi
564 2322 718 2387 expressa
749 2302 811 2366 hoc
840 2301 985 2366 edicatur
1017 2303 1088 2367 iure
1122 2302 1270 2388 positivo.
1296 2301 1452 2384 Equidem
1481 2301 1523 2366 de

341 2427 521 2493 levioribus
548 2427 644 2492 etiam
677 2428 791 2498 causis,
817 2428 908 2491 iussit
933 2426 1124 2491 Alexander
1153 2425 1215 2507 ΙΙΙ,
1240 2444 1314 2509 cap.
1340 2426 1374 2489 11
1400 2428 1448 2490 tit.
1471 2426 1523 2491 De

339 2572 421 2636 app.
446 2555 488 2618 X.
515 2552 601 2618 «De
622 2552 908 2635 appellationibus
928 2572 994 2635 pro
1011 2553 1123 2618 causis
1138 2553 1289 2618 minimis
1312 2553 1520 2636 interpositis

340 2679 498 2744 uolumus
520 2683 550 2743 te
572 2683 686 2743 lenem
708 2678 801 2762 qnod
823 2678 871 2743 eis
887 2675 964 2763 (pro
980 2697 1196 2764 quacurnque
1213 2679 1277 2745 levi
1293 2698 1399 2746 casua
1421 2681 1520 2764 fiant)
1639 2667 1640 2700 ³

339 2823 411 2871 non
433 2804 547 2869 minus
570 2808 618 2868 esi
639 2821 746 2888 quam
769 2804 799 2868 si
810 2821 877 2885 pro
893 2802 1080 2870 moionbus
1095 2803 1229 2885 (iacnt,
1247 2803 1476 2885 &ferendum
1490 2828 1518 2868 ›.
1639 2789 1640 2822 Ι

340 2930 386 2994 At
407 2947 505 2993 causa
528 2929 609 2994 leuis
632 2927 861 2992 confundenda
884 2947 947 2992 non
971 2933 1020 2992 est
1043 2947 1115 2992 cum
1140 2927 1359 3012 appellatione
1389 2927 1518 3010 friuola

339 3058 371 3120 el
392 3052 625 3135 frustratoria,
649 3072 774 3136 quaen
802 3031 908 3117 iudice
933 3051 1106 3118 nullimode
1130 3051 1329 3118 admittenda
1360 3061 1419 3134 est,
1449 3074 1517 3140 arg.

341 3196 410 3261 cap.
428 3173 721 3258 deprehensibilis.
736 3211 750 3222 -
767 3174 816 3240 De
840 3175 963 3258 appell.
988 3175 1022 3239 X
1043 3173 1099 3260 (1).
1127 3175 1238 3260 ltaque
1261 3183 1396 3261 propter
1419 3175 1518 3260 quod·

339 3317 476 3382 cumque
499 3316 675 3381 gravamen
698 3298 766 3359 sive
789 3296 996 3362 iudicialiter
1023 3298 1090 3362 sive
1117 3296 1427 3364 eatraiudicialitcr
1454 3297 1520 3362 illa-

340 3429 417 3494 tum,
442 3421 552 3488 uerbis
573 3427 630 3486 aut
649 3421 754 3503 facto,
778 3421 878 3486 veluti
901 3441 947 3488 ea
966 3421 1105 3504 publica
1129 3421 1376 3508 reclarpulione
1401 3423 1454 3486 val
1477 3441 1519 3486 ex

339 3554 513 3634 praecepto
536 3546 669 3612 vacandi
686 3546 922 3629 spiritualibus
935 3547 1106 3613 coercitils
1122 3548 1154 3611 in
1171 3565 1307 3632 poenam
1320 3565 1378 3610 sau
1394 3549 1427 3610 in
1445 3567 1518 3612 eor-

339 3674 517 3738 rectionem
540 3671 856 3756 morum,appellare
879 3671 927 3736 ias
951 3676 1009 3736 est.
1034 3655 1159 3736 Verum
1183 3690 1216 3735 n.
1242 3671 1349 3756 inseq.
1374 3670 1517 3737 dicemus

339 3795 465 3881 quando
480 3795 652 3881 appellatio
663 3792 782 3859 babeat
793 3800 916 3859 tautum
928 3795 1080 3879 epitolam
1095 3763 1333 3860 devolutioum.
1348 3793 1397 3860 Gi.
1414 3795 1517 3860 Bouix

338 3917 698 4004 wfflstpm

416 4113 457 4183 (Ι)
476 4113 600 4174 Quanam
621 4114 730 4168 ratione
748 4114 859 4167 dicatur
878 4113 906 4166 in
925 4113 1117 4167 criminalibus
1130 4112 1268 4183 appellari
1288 4113 1375 4166 etiam
1388 4131 1405 4166 a
1419 4129 1514 4182 grava·

337 4222 413 4276 mine
433 4222 529 4275 sutum
549 4221 760 4276 eutraiudieioli
781 4219 905 4289 explicat
923 4217 1172 4289 Schmalngrueber
1194 4221 1232 4273 tit.
1258 4220 1299 4274 Dc
1320 4219 1514 4290 appellanti?

335 4348 363 4385 n.
377 4329 425 4394 17,
443 4327 591 4384 advertens
604 4344 664 4383 asae
676 4343 828 4398 gravamen
842 4327 1059 4382 entraiudiciale
1077 4327 1155 4394 illud,
1168 4327 1242 4398 quod
1261 4330 1305 4382 eet
1323 4327 1457 4392 futurum,
1469 4323 1512 4380 aad

334 4451 353 4488 a
370 4433 511 4490 sententia
529 4431 653 4485 iudiciali
671 4447 726 4486 uon
746 4435 790 4486 est
807 4447 898 4502 nequa
917 4431 1030 4486 illatum
1049 4445 1138 4501 nequa
1157 4431 1364 4486 comminatum.
