3350 5100
338 285 406 351 542
846 300 930 349 PARS
960 303 1011 351 111.

339 424 466 508 quando
482 426 605 489 crimen
621 424 707 489 illius
722 424 764 488 sit
778 426 948 511 gravitatis
971 430 1004 489 et
1026 432 1164 490 naturae
1186 431 1222 491 ut
1240 427 1379 509 suspicio
1393 428 1519 491 oriatur

340 549 380 615 de
395 549 524 615 haeresi
539 548 572 615 iu
589 551 733 615 oriminis
756 556 904 624 auctore;
921 550 1059 632 denique
1075 548 1175 615 libros
1190 549 1359 615 erroribus
1382 549 1519 615 iniectos

340 674 529 739 examinare
545 680 577 737 et
593 670 798 758 proscribere
813 675 847 738 in
862 672 1021 738 mandatis
1043 672 1143 739 habet
1164 676 1310 757 quamvis
1324 673 1388 739 hoc
1403 695 1520 739 munus

339 798 435 863 bodie
450 800 649 883 potissimum
666 800 837 884 expleatur
852 798 915 864 aS.
930 799 1190 883 Gongregatione
1206 799 1335 863 Indicis.
1348 799 1521 884 Cognoscit

340 926 436 989 etiam
456 922 495 989 de
520 924 625 989 causis
648 923 937 1003 matrimonialibus
952 942 971 987 a
988 923 1119 989 Summo
1140 921 1298 989 Pontiflce
1321 944 1364 989 ex
1386 923 1520 1009 speciali

210 1062 216 1075 ·
340 1047 564 1111 commissione
579 1048 609 1111 ei
625 1046 833 1117 demandatis.
858 1046 983 1129 quoties
1006 1046 1143 1128 qualitas
1165 1064 1283 1111 causam
1298 1051 1355 1112 aut
1369 1066 1521 1131 persona·

340 1188 411 1231 rum
433 1187 495 1231 non
520 1168 667 1233 admittat
683 1169 821 1236 formam
838 1188 1009 1252 processus
1025 1168 1184 1254 publicam
1205 1170 1237 1232 in
1254 1169 1285 1235 S.
1302 1168 1424 1254 Congu.
1443 1168 1522 1233 Gou-

340 1295 406 1358 cilii
429 1294 614 1363 adhibitam.
632 1330 649 1343 ·
668 1294 821 1370 Quamvis
845 1296 931 1360 enim
955 1297 1051 1360 etiam
1074 1295 1157 1381 apud
1178 1296 1209 1361 S.
1227 1295 1520 1381 Congregationem

340 1418 475 1484 Concilii
500 1438 617 1483 causae
640 1419 703 1486 aab
728 1427 855 1486 secreta
879 1420 1050 1503 aliquando
1073 1425 1222 1505 agantur.
1250 1425 1358 1487 tamen
1382 1438 1455 1483 uon·
1474 1425 1522 1483 est
1634 1493 1635 1498 ἵ

339 1550 499 1608 secretum
523 1543 687 1617 iuratum,
711 1564 768 1609 seu
792 1564 856 1608 non
881 1550 930 1609 est
952 1551 1114 1610 secretum
1139 1544 1173 1609 S.
1200 1543 1320 1629 Officii.
1634 1515 1635 1528 ἵ

429 1666 462 1751 2)
487 1666 651 1741 Quatenus
676 1672 724 1733 est
739 1666 917 1753 Collegium
933 1667 1057 1733 ordinis
1072 1668 1337 1734 administrabat
1356 1666 1523 1753 dispensat

341 1792 621 1877 abimpedimeuto
630 1792 800 1858 dirimente
809 1792 1005 1879 disparitatis
1014 1793 1119 1858 cultus
1130 1797 1188 1858 aut
1197 1792 1392 1877 impediente
1400 1794 1522 1857 mixtae

340 1918 507 2003 religionis
523 1923 555 1984 et
571 1920 667 1983 etiam
683 1918 723 1983 ab
740 1920 811 1985 aliis
824 1919 1058 2004 impedimentis
1070 1939 1152 2004 quae
1163 1918 1248 1985 forte
1260 1939 1333 1983 cum
1344 1919 1410 1984 hoc
1425 1922 1524 2004 impe·

341 2042 490 2115 dimento.
504 2044 537 2106 in
555 2062 641 2134 casu,
656 2045 897 2129 coniunguntur
911 2049 967 2110 aut
983 2033 1114 2109 normas
1125 2046 1271 2129 suggerit
1286 2044 1456 2129 Episcopis
1467 2049 1523 2108 aut

340 2187 399 2251 pro
423 2168 485 2231 rite
509 2166 656 2232 ineundis
679 2170 900 2240 matrimoniis.
918 2170 962 2235 uti
982 2169 1110 2253 peregit
1131 2168 1311 2234 decernens
1332 2187 1522 2253 processum

341 2289 574 2357 conficiendum
605 2294 652 2357 ad
678 2294 898 2376 probandam
926 2300 1036 2359 statas
1063 2293 1250 2360 libertatem
1279 2298 1336 2359 aut
1365 2313 1426 2377 pro
1458 2294 1521 2358 rite

340 2416 438 2480 nullis
461 2415 676 2497 declarandis,
694 2419 727 2482 in
742 2436 836 2501 quem
854 2438 986 2501 scopum
1002 2416 1050 2482 ad
1075 2416 1278 2483 Ordiaarios
1299 2415 1387 2481 ritus
1405 2415 1521 2482 Orien

341 2540 419 2604 talis
442 2540 528 2606 dedit
551 2542 727 2626 appositam
752 2521 1005 2606 Instructionem
1028 2562 1086 2606 suo
1108 2541 1180 2606 loco
1203 2542 1411 2606 recensitam.
1429 2577 1450 2588 -
1468 2541 1521 2606 lli·

329 2669 472 2748 spensat
487 2684 507 2728 a
522 2664 607 2732 uotis
621 2665 835 2746 commnione,
849 2672 962 2751 utputa
980 2666 1168 2751 Religiosos,
1185 2664 1357 2750 aliquando
1369 2665 1522 2730 diaconos

341 2791 437 2860 etiam
450 2795 506 2854 aut
522 2789 750 2867 subdiaconos3
775 2795 809 2856 at
824 2791 1014 2857 Sacerdotes
1037 2812 1102 2856 non
1122 2791 1204 2856 solet
1219 2791 1417 2876 dispensare.
1435 2793 1520 2856 Item

340 2913 503 2998 dispensat
518 2914 559 2980 ab
575 2915 782 2981 observantia
796 2916 1011 2982 abstinentiae
1022 2923 1079 2980 aut
1089 2916 1210 2982 ieiunii.
1224 2917 1276 2980 Ex
1292 2916 1407 3001 regula
1421 2936 1523 3001 gene-

341 3039 412 3112 rali,
438 3041 555 3124 quippe
579 3041 793 3126 congregatio
818 3043 992 3107 constituta
1014 3042 1170 3127 profore
1194 3049 1335 3108 calmae
1358 3041 1523 3128 dispensat

331 3169 463 3229 tanturn
488 3165 592 3249 quoad
609 3185 661 3230 res
675 3165 746 3249 fori
761 3167 915 3250 catenam
930 3186 1034 3251 quare
1052 3169 1084 3230 in
1102 3187 1192 3232 more
1215 3166 1314 3232 habet
1336 3168 1467 3232 mittere
1482 3165 1522 3232 ad

341 3288 375 3356 S.
407 3289 694 3356 Paenitentiariam
721 3292 971 3374 empeditioaem
1003 3291 1275 3376 dispensationum
1302 3311 1382 3376 quas
1408 3291 1522 3358 eadem

341 3411 461 3498 Congu.
486 3415 667 3480 concedere
691 3415 922 3481 deliberaverit
943 3416 1125 3510 oratoribus
1144 3418 1208 3500 qui,
1223 3415 1353 3482 reticita
1372 3415 1522 3490 nomine,

341 3557 511 3603 recursum
535 3539 575 3603 ad
598 3541 699 3625 ipsam
731 3541 915 3607 habuerint.
947 3541 1009 3608 Sed
1033 3544 1173 3607 maxime
1204 3543 1274 3607 eius
1302 3542 1448 3606 muneris
1475 3547 1525 3607 est

342 3665 482 3727 examini
513 3662 672 3728 subiicere
703 3663 878 3739 doctrinas,
902 3667 1137 3750 propositiones
1164 3665 1334 3751 generales
1360 3665 1387 3728 si
1414 3664 1524 3748 aliquo

341 3805 456 3850 errore
475 3784 562 3852 infici
580 3786 758 3862 videantur,
776 3789 969 3873 easdemque
992 3793 1018 3855 si
1042 3811 1122 3875 opus
1145 3792 1195 3871 sit,
1220 3789 1375 3874 reprobat
1397 3793 1455 3854 aut
1477 3790 1525 3854 nti

342 3911 521 3994 offensivas
532 3912 676 3993 piarum
692 3915 842 3994 auriam,
862 3921 1023 3999 tamquam
1041 3933 1203 3981 moneas
1218 3921 1278 3980 aut
1293 3913 1427 3979 tamesi
1436 3932 1524 3994 pro·
1634 3964 1635 3969 η

340 4035 472 4116 mimae,
501 4041 534 4098 et
565 4039 608 4101 ita
640 4059 753 4122 porro;
777 4040 829 4104 vel
854 4042 950 4104 etiam
984 4039 1157 4125 respondet
1188 4039 1311 4103 directe
1343 4036 1525 4120 quaestioni
1634 4106 1635 4121 p

257 4145 261 4154 ’
342 4157 523 4228 doctrinali.
537 4163 580 4222 aui
596 4159 720 4224 scilicet
732 4161 840 4244 aliqua
855 4163 1030 4258 propositio
1045 4167 1115 4228 tuto
1131 4161 1239 4226 doceri
1252 4160 1361 4245 possit,
1382 4159 1525 4224 edocens

341 4277 452 4346 fideles
475 4302 517 4346 an
542 4284 583 4348 sit
606 4290 720 4350 contra
744 4283 839 4349 fidem
862 4293 919 4350 aut
941 4285 1041 4350 bonos
1065 4305 1181 4350 mores.

431 4405 505 4469 533.
532 4405 664 4471 Demum
689 4407 855 4473 enodanda
879 4415 929 4474 est
952 4410 1095 4493 quaestio
1119 4409 1159 4473 de
1184 4409 1295 4473 valore
1323 4407 1522 4472 decisionum
1634 4414 1635 4499 l
