3350 5100
307 273 351 336 48
827 294 913 341 rues
937 294 960 341 1.

305 418 368 479 art
396 419 503 480 cclcc.
534 420 649 479 contra
679 435 753 480 reos
783 418 940 482 simoniae
970 417 1069 482 realis
1095 401 1129 483 in
1163 414 1340 482 beneficiis.
1374 416 1485 490 Quare

306 536 486 619 complices
507 539 662 602 simoniae
685 537 920 604 confidentialis
934 540 998 604 bac
1013 559 1153 606 censura
1170 561 1234 605 non
1250 547 1412 606 tenentur.

439 659 473 745 2)
497 661 632 726 Collatio
666 633 814 728 beneficii
848 669 900 729 est
928 665 1027 729 nullo
1049 671 1083 728 et
1105 661 1298 730 beneficium
1331 669 1483 728 censetur

306 803 436 850 vacans.

441 909 474 993 3)
498 911 677 975 Praeterea
701 911 881 977 huiusmodi
908 914 1074 978 simoniaci
1101 914 1280 998 puniuntur
1303 913 1484 996 privatione

307 1037 376 1120 ipso
400 1037 471 1099 iure
494 1037 692 1102 incurrenda
726 1041 867 1103 omnium
899 1039 1128 1105 beneficiorum
1157 1044 1191 1103 et
1221 1037 1421 1102 inhabilitate
1442 1035 1485 1100 nd

306 1161 496 1229 beneficium
521 1167 697 1230 simoniace
719 1165 871 1230 collatum
888 1165 976 1231 etad
991 1165 1153 1250 quaelibet
1175 1165 1250 1235 alia,
1267 1166 1357 1228 iuxta
1375 1162 1484 1229 osnes

307 1288 339 1354 S.
366 1289 414 1352 Pii
440 1288 482 1369 V,
505 1287 703 1355 Rorncncm
727 1290 943 1376 Pontificem,
966 1311 1049 1374 quae
1078 1297 1187 1354 mmen
1219 1305 1419 1374 poenaeue
1451 1289 1485 1351 in

306 1412 380 1477 foro
394 1413 521 1497 quidem
542 1418 690 1486 externo,
707 1416 771 1478 vim
788 1414 909 1479 habent
925 1415 1217 1480 antecedentiam
1236 1414 1359 1479 iudicis
1372 1412 1483 1478 decto-

305 1539 485 1604 retortam.

441 1661 474 1746 4)
499 1660 694 1727 Beneficium
718 1683 798 1728 vero
820 1665 859 1727 in
881 1648 1086 1747 confidentia
1109 1644 1278 1748 acceptum
1303 1667 1353 1726 est
1376 1678 1486 1724 reser-

306 1791 414 1851 vatum
440 1787 586 1850 Romano
611 1785 771 1851 Pontifici.
797 1786 902 1852 Hodie
926 1787 1002 1852 huic
1027 1788 1240 1852 reservationi
1264 1786 1393 1851 obstare
1416 1804 1485 1870 pos·

307 1917 380 1977 sunt
403 1910 609 1976 concordata.

397 2035 450 2098 34.
469 2035 575 2099 Const.
594 2035 657 2118 Ap.
675 2033 751 2100 Sed.
770 2036 920 2120 percellit
934 2037 994 2114 sub
1010 2057 1042 2100 n.
1058 2038 1091 2102 X
1107 2057 1231 2102 excom.
1250 2037 1341 2121 simp.
1360 2053 1484 2099 reserv.

308 2161 348 2224 R.
368 2161 403 2223 P.
422 2197 438 2206 -
465 2159 551 2226 Reos
573 2161 739 2228 simoniae
760 2163 865 2226 reales
888 2162 929 2228 ob
952 2163 1145 2248 inpressum
1164 2164 1202 2228 in
1222 2162 1444 2246 Relipiocem.
1464 2195 1483 2207 -

307 2285 432 2348 Verum
457 2285 538 2349 haec
554 2305 693 2350 censura
713 2287 862 2372 percellit
877 2287 980 2351 solum
998 2289 1191 2370 recipientes
1206 2288 1345 2372 pretium
1360 2290 1483 2369 tempo·

307 2408 378 2472 rale
396 2428 461 2491 pro
485 2409 558 2492 ipso
582 2415 671 2476 statu
685 2408 856 2494 Relipioso
879 2430 937 2475 seu
960 2431 1020 2495 pro
1043 2413 1192 2495 ingressu
1215 2413 1247 2474 in
1270 2409 1484 2496 Religionem

307 2553 381 2597 nam
412 2533 538 2600 ratione
573 2532 813 2601 alimentorum
844 2535 947 2619 quoad
979 2537 1143 2603 moniales.
1170 2537 1214 2600 uti
1250 2534 1485 2619 explicavimus
1514 2571 1516 2574 -

306 2678 338 2722 n.
355 2658 407 2727 29.
424 2657 546 2723 licitum
563 2664 610 2723 est
628 2658 747 2741 aliquid
767 2660 925 2742 accipere.
945 2660 1035 2733 Quod
1056 2659 1095 2723 ad
1111 2662 1200 2724 viros
1218 2658 1294 2723 iure
1309 2657 1485 2725 communi

306 2783 502 2867 permittitur
529 2786 651 2848 tantum
676 2802 696 2846 a
718 2783 869 2855 novitiis,
893 2804 953 2868 pro
976 2785 1134 2849 novitiatu
1156 2784 1338 2861 dumtaxat,
1362 2779 1483 2863 aliquid

306 2906 452 2989 exigere.
479 2940 496 2953 -
524 2907 698 2972 Praeterea
726 2909 885 2992 recipiens
900 2910 1017 2975 amittit
1039 2910 1088 2972 ius
1112 2907 1289 2992 recipiendi
1313 2905 1484 2990 professio·

306 3046 364 3092 nes
389 3028 557 3111 religiosas
581 3035 613 3093 et
636 3036 784 3114 receptus
809 3031 947 3097 babetur
970 3052 1029 3116 pro
1054 3052 1117 3095 non
1142 3030 1306 3116 profess03
1331 3028 1388 3094 sed
1411 3032 1484 3113 post

306 3154 497 3217 sententiam
521 3152 778 3218 declaratoriam.

378 3306 379 3309 ¹
397 3275 540 3359 Uterque
563 3297 619 3342 seu
634 3279 795 3362 recipiens
818 3285 851 3342 et
875 3284 1024 3363 receptus
1040 3285 1114 3343 sunt
1129 3300 1147 3343 a
1163 3280 1360 3343 monasterio
1375 3276 1484 3361 expel-

306 3400 391 3465 lendi
413 3409 447 3464 ut
466 3400 679 3466 detrudantur
694 3404 727 3466 in
744 3402 917 3467 arctiorem
937 3403 1058 3477 locum;
1076 3404 1121 3466 ita
1137 3401 1333 3474 Lehmlruhl.
1352 3401 1379 3474 l,
1396 3399 1482 3467 402.

306 3524 362 3591 sed
387 3530 476 3590 notat
499 3526 586 3591 Santi
605 3527 635 3591 b.
654 3532 674 3591 t.
691 3547 724 3591 n.
743 3528 793 3600 61,
816 3527 901 3592 hanc
925 3547 1059 3611 poenam
1082 3528 1179 3594 tacite
1202 3527 1359 3592 sublatam
1382 3525 1483 3589 fuisse

307 3671 350 3715 ex
382 3651 489 3717 Const.
517 3653 695 3716 Innocentii
722 3653 771 3716 lV
796 3672 814 3715 ‹
838 3652 928 3720 Solet
959 3672 1151 3717 concere»
1177 3654 1210 3717 in
1235 3673 1297 3736 qua
1328 3652 1418 3717 nulla
1447 3649 1485 3716 fit

306 3777 426 3840 mentio
449 3776 544 3840 buius
568 3796 690 3861 poenae
713 3776 900 3860 iampridem
926 3778 1129 3857 constitutae,
1146 3796 1219 3859 cop.
1238 3775 1296 3849 40,
1322 3776 1353 3840 b.
1370 3781 1392 3842 t.

396 3901 449 3967 35.
475 3900 524 3965 Ad
549 3900 644 3976 haec,
668 3921 885 3986 quoscumque
908 3923 982 3967 reos
1009 3903 1163 3967 simoniae
1187 3904 1257 3967 sive
1283 3902 1387 3968 realis
1414 3902 1484 3967 sive

306 4024 552 4109 confidentialir
575 4031 702 4089 constat
724 4044 796 4090 esse
818 4024 955 4090 infames
977 4024 1112 4090 infamia
1135 4027 1215 4091 iuris
1240 4022 1295 4109 (l).

396 4306 436 4375 (l)
457 4307 564 4362 Poenae
585 4307 659 4362 letae
678 4314 743 4364 stunt
762 4311 790 4363 in
809 4314 976 4379 peragentes
992 4310 1188 4363 commercium
1207 4308 1240 4363 de
1259 4307 1410 4376 rescriptis,
1423 4308 1484 4363 sive

306 4414 415 4484 gratiss
433 4414 491 4468 sive
511 4415 643 4479 iustitiae,
656 4417 814 4471 obtinendis
832 4416 905 4485 apud
923 4415 951 4469 S.
966 4416 1079 4483 Sedem,·
1098 4416 1212 4471 item¹in
1232 4413 1382 4483 complices
1399 4413 1484 4468 buius

1672 3710 1674 3801 i
