3350 5100
539 335 584 382 us
609 334 764 382 onnrcrrs
785 335 830 383 nr
854 335 973 384 ronuta
1298 319 1338 388 71

165 465 271 523 autem
294 457 391 523 hodie
413 458 542 524 videtur
564 461 671 544 opinio
693 479 806 526 eoram
823 462 877 544 qui
892 465 1006 526 tenent
1029 479 1201 526 censuram
1222 462 1342 528 resolvi

164 581 255 662 sacto
267 583 549 658 dertunciationia
563 586 638 669 quia
649 585 683 650 in
696 584 827 670 Synodo
839 585 1018 654 Albaueusi
1029 605 1058 650 a.
1071 583 1166 668 1886,
1181 587 1218 652 P.
1228 587 1255 660 1,
1268 606 1296 652 a.
1310 589 1341 660 5,

164 708 233 772 n.-3
256 714 406 773 cavetur:
433 729 649 776 «censuram
671 711 785 794 ipsam
803 731 871 796 pen
885 711 1183 779 denunciationem
1199 731 1342 780 sessore.

162 831 194 896 S.
212 831 253 898 0.
276 835 296 896 1
317 833 396 899 Feb.
413 833 507 899 1871.
515 855 543 898 s»
568 835 631 901 Sed
656 834 740 900 haec
762 837 929 922 responsio
953 836 985 903 S.
1010 835 1050 904 Ο.
1073 841 1123 902 est
1145 842 1201 902 aut
1227 857 1342 923 parum

162 957 240 1020 nota
254 963 311 1022 aut
325 957 430 1040 dubia,
445 978 528 1044 quae
549 967 608 1026 aut
620 960 715 1026 latuit
730 958 938 1034 D'Annibala
956 961 1124 1034 Aventini,
1141 965 1197 1026 aut
1212 961 1341 1028 eosdem

162 1100 227 1145 nou
251 1083 362 1148 movit„

251 1211 296 1272 At
316 1226 443 1274 nonien
465 1207 586 1272 dantes
607 1207 703 1272 aliam
719 1207 879 1294 praebere
894 1207 1012 1274 debent
1029 1207 1283 1276 satisfactionem
1306 1214 1341 1276 ut

161 1331 384 1398 absolvantur.

250 1458 419 1525 Absolutio
448 1465 556 1525 autem
585 1465 770 1544 apeoccto
802 1461 989 1524 necessario
1020 1456 1254 1544 expostulanda
1281 1464 1339 1538 est,

160 1585 222 1647 etsi
245 1600 386 1649 censura
406 1584 551 1650 resoluta
572 1585 624 1650 vel
647 1583 794 1649 absoluta
817 1583 933 1659 fuerim
958 1585 1020 1650 imo
1047 1583 1186 1668 amplior
1217 1582 1338 1648 satista-

159 1709 224 1772 c‘tio
239 1710 417 1791 requiritur
439 1727 499 1793 pro
520 1708 721 1774 absolutione
740 1713 971 1792 peccatorum,
988 1714 1021 1773 et
1036 1707 1167 1792 planum
1184 1713 1240 1772 est.
1259 1707 1339 1774 con·

161 1832 238 1897 ditio
268 1834 351 1899 solet
380 1835 550 1920 assignari,
574 1843 708 1920 praeter
736 1833 1033 1906 denunciationem,
1063 1837 1098 1898 ut
1128 1832 1339 1917 abrumpatur

160 1977 379 2042 quaecumque
402 1959 607 2024 conversatio
631 1979 704 2024 cum
728 1959 885 2030 sectariis,
911 1960 955 2024 uti
980 1959 1071 2024 iussit
1094 1959 1125 2025 S.
1148 1953 1210 2024 Off.
1235 1957 1291 2023 alie
1314 1958 1337 2023 5

160 2085 241 2150 ruit
254 2083 356 2150 1837.
373 2085 500 2151 uorum
523 2087 570 2151 un
593 2092 684 2153 notat
704 2083 904 2151 oxsnnnan
921 2083 1028 2169 (som.
1052 2104 1085 2149 u.
1103 2083 1181 2157 391,
1205 2088 1273 2150 nu.
1291 2056 1336 2168 ti,

160 2211 278 2275 harum
293 2217 457 2276 sectarum
473 2211 663 2296 transfugae
678 2230 714 2276 se
729 2215 897 2295 exponunt
912 2211 1002 2276 necis
1015 2209 1179 2295 periculo:
1204 2214 1259 2273 aut
1282 2209 1337 2273 alii

160 2333 253 2399 valde
277 2336 372 2420 gravi
387 2335 587 2402 incommodo
603 2336 711 2420 alege
727 2336 895 2400 Ecclesiae
918 2335 1096 2411 enimenim
1114 2353 1214 2418 quare
1230 2335 1256 2400 si
1273 2354 1337 2400 non

159 2459 264 2524 obstat
277 2461 327 2530 ius
342 2461 493 2526 naturale
508 2459 549 2527 ob
564 2461 743 2547 periculum
755 2461 985 2546 perversionis.
999 2461 1070 2544 quis
1086 2459 1210 2525 absolvi
1223 2464 1336 2544 potest,

158 2588 304 2670 quamvis
327 2587 444 2662 adhuc,
460 2588 590 2653 timidus
607 2595 639 2654 et
659 2588 789 2667 invitus,
814 2594 925 2655 coetus
949 2586 1093 2653 celebret
1112 2588 1335 2659 sectariorum,

159 2720 282 2778 remoto
304 2717 414 2779 tamea
437 2712 599 2778 scandcio.

245 2838 301 2903 50.
325 2836 463 2922 Speciali
488 2857 628 2903 censura
659 2835 1002 2903 excommunicationis
1033 2838 1156 2902 notavit
1180 2836 1214 2903 S.
1237 2836 1337 2903 Sedes

157 2961 326 3044 quamdam
350 2963 549 3036 societatem,
569 2961 703 3027 decreto
726 2961 789 3026 diei
813 2962 833 3025 4
858 2962 941 3045 Aug.
960 2960 1046 3025 1876
1069 2962 1113 3027 ita
1137 2960 1333 3028 distinctam:

159 3084 275 3166 «ipso
306 3084 397 3165 sacto
427 3085 612 3151 incurrunt
646 3083 1032 3151 excommunicationem
1062 3082 1202 3166 spectati
1232 3084 1336 3151 modo

156 3207 256 3275 Rom.
273 3209 374 3275 Pont.
397 3215 618 3283 reservatam,
636 3229 753 3275 ornnes
775 3214 807 3275 et
829 3208 957 3295 sinputi
979 3227 1154 3275 socrnrsrr
1179 3227 1335 3277 curnonr·

157 3509 309 3565 habentur:
327 3509 399 3566 «Ne
417 3511 480 3582 quis
497 3526 564 3565 uero
582 3510 670 3564 errori
689 3510 767 3564 locus
780 3510 830 3564 fiat
843 3526 928 3581 quum
941 3508 1117 3563 iudicandum
1130 3511 1186 3564 erit
1197 3526 1334 3580 quaenam

155 3632 189 3670 ex
208 3615 255 3670 his
272 3616 436 3686 perniciosis
452 3616 538 3672 sectis
556 3632 703 3683 censurae,
715 3631 786 3687 quse
798 3633 866 3671 vero
881 3616 1062 3687 prohibitioni
1075 3621 1183 3670 tantum
1198 3616 1334 3671 obnoxiae

155 3724 220 3789 siut,
239 3728 348 3778 certum
365 3724 503 3793 imprimis
520 3729 573 3790 est,
591 3724 882 3779 excommunicatione
902 3724 1063 3779 tutassent.
1082 3723 1213 3777 mulctari
1232 3738 1333 3777 masso·

157 3826 256 3893 uicum,
268 3826 394 3898 aliasque
403 3828 467 3883 eius
478 3828 591 3897 genem
603 3832 703 3894 metae,
716 3844 789 3899 quse
801 3840 860 3897 cap.
875 3829 900 3893 2,
918 3845 945 3881 n.
959 3829 976 3883 t
995 3826 1091 3883 Consi.
1105 3830 1156 3897 Ap.
1172 3828 1252 3881 Sedit
1264 3826 1335 3881 desi·

156 3936 425 4003 guantur-,quaeque
443 3937 544 3987 contra
560 3932 713 4007 Ecclesiam
732 3933 778 3989 vel
798 3932 940 4001 legitimas
958 3936 1112 4003 potestates
1129 3930 1334 3999 machinantur,

156 4037 213 4093 sire
232 4038 260 4092 id
278 4038 361 4105 ctam,
378 4040 440 4095 sive
457 4039 550 4109 palam
568 4041 696 4106 fecerint,
713 4040 773 4095 sive
791 4040 945 4110 exegerint,
965 4040 1024 4095 sivo
1041 4056 1096 4095 non
1116 4056 1134 4093 a
1150 4040 1208 4093 suis
1220 4040 1335 4095 asseclis

156 4148 256 4201 secreti
274 4146 401 4201 servandi
415 4146 611 4202 iuramentum.
625 4147 746 4202 Praeter
764 4149 832 4201 istos
844 4152 909 4201 suunt
928 4152 957 4203 et
975 4145 1049 4201 aliae
1061 4152 1155 4202 sectae
1168 4146 1334 4217 prohibitae,

157 4258 240 4323 utque
256 4254 309 4306 sub
327 4254 421 4322 gravis
439 4253 538 4323 culpae
557 4259 637 4309 reatu
656 4253 795 4319 vitandae,
808 4253 883 4308 iuter
901 4270 970 4324 quas
983 4253 1131 4324 praecipue
1149 4254 1333 4309 recensendae

157 4357 225 4414 ittae
238 4374 341 4425 omnes,
352 4374 424 4428 qnae
440 4359 460 4411 'o
478 4360 661 4413 sectatoribus
679 4368 817 4414 secretum
830 4360 937 4412 nemini
951 4360 1144 4429 pandendum,
1157 4369 1185 4415 et
1201 4360 1333 4413 omnimo·

157 4466 222 4517 dam
239 4464 425 4519 obedientiam
442 4464 560 4519 occultis
577 4464 694 4519 tunsus
708 4468 921 4535 praestandam,
940 4467 1125 4520 iureiurando
1144 4467 1260 4536 eaipunt
1271 4479 1296 4521 t.
