3350 5100
500 321 543 366 ns
568 320 709 366 mnrcns
731 311 985 366 cnlulrtstlflUS.
1265 297 1331 362 203

154 452 311 531 gerentur
333 447 467 510 solemni
500 449 682 510 iuramento
706 445 746 508 de
769 464 827 509 suo
849 463 985 509 munere
1012 440 1151 508 fideliter
1174 441 1328 512 obeundo,

153 555 234 654 quod
268 572 487 636 iuramentum
522 572 554 637 S.
584 572 720 636 Carolus
752 570 785 633 in
819 569 911 636 Actis
942 571 1065 634 Erotes,
1099 565 1327 634 Mediolanum.

151 703 240 778 port.
265 698 299 769 4,
324 697 371 761 tit.
397 697 447 762 De
469 696 577 779 officio
602 695 752 761 Promea.
778 694 864 760 Fisc.
889 701 919 758 et
943 691 1053 758 Snust.
1077 692 1239 756 exhornat
1269 691 1332 756 hac

152 821 387 884 admonitione:
419 821 667 885 ‹Meminerint
693 839 730 884 se
759 837 831 885 esse
861 824 1092 903 procuratores
1121 818 1269 881 veritatis
1300 821 1332 880 et

152 965 215 1010 non
241 945 369 1011 debere
400 945 458 1010 sub
492 947 561 1010 eius
592 946 709 1030 clypeo
734 946 925 1009 innocentes
949 945 1143 1028 opprimere,
1167 941 1220 1006 vel
1251 941 1332 1006 alias

152 1089 222 1134 esse
246 1072 280 1134 in
305 1089 404 1134 causa
431 1076 466 1134 ut
497 1071 568 1154 quis
594 1070 763 1134 calumniis
786 1068 994 1154 fatigetur».
1019 1065 1200 1132 Praeterea
1228 1065 1334 1130 refert

153 1194 387 1279 Van-Espen.,
416 1195 438 1258 l.
471 1195 524 1259 eit.
557 1213 593 1258 n.
625 1193 695 1274 17.,
726 1193 904 1278 promoturi
940 1212 997 1256 seu
1032 1190 1195 1257 aduocato
1230 1185 1332 1252 fiscali

152 1318 339 1384 adiunctum
361 1318 462 1383 fuisse
481 1323 745 1400 procuratorem
764 1315 921 1394 fiscalem,
938 1321 973 1380 ut
995 1315 1079 1380 alter
1101 1315 1234 1380 alterius
1257 1331 1332 1396 ope·

153 1463 220 1507 ram
245 1451 281 1507 et
303 1443 484 1529 compleret
506 1447 539 1507 et
561 1443 797 1507 moderaretur.
823 1478 841 1490 -

240 1568 316 1638 Sed,
330 1573 497 1652 postquam
509 1568 646 1632 invaluit
657 1566 823 1653 systhema
834 1567 984 1632 macutum
995 1563 1257 1644 ocerannum,
1272 1580 1333 1645 quo

154 1693 270 1757 melius
292 1691 550 1776 distingueretur
571 1711 687 1756 munus
702 1693 902 1756 accusatoris
925 1709 982 1754 eeu
1005 1689 1200 1774 promotoris
1222 1705 1242 1750 a
1265 1705 1331 1749 mu-

154 1837 232 1882 nere
247 1815 377 1888 iudicis,
392 1822 541 1881 actorum
556 1817 727 1880 instructio
742 1817 775 1879 in
794 1833 950 1900 processu
965 1814 1149 1897 inquisitiva
1164 1811 1334 1876 commissa

157 1941 216 2005 fuit
229 1941 341 2007 iudici
354 1940 559 2007 instructori
582 1959 640 2006 seu
662 1940 896 2007 commarceio
903 1959 918 2022 ,·
934 1941 988 2023 qui
1004 1957 1120 2023 nempe
1135 1935 1333 2022 potissimum

153 2066 191 2130 ad
221 2067 412 2131 instantiam
444 2069 639 2152 promotoris
666 2063 735 2130 flsc.
762 2069 836 2129 acta
866 2083 1036 2150 processus
1060 2060 1198 2127 conticit.
1224 2095 1242 2109 -
1267 2061 1333 2124 Iste

153 2191 249 2257 index
265 2193 447 2257 instructor
469 2197 519 2256 eet
542 2189 689 2257 officialis
711 2192 880 2257 distinctus
894 2197 962 2255 tum
979 2188 1118 2254 uindice
1133 2190 1187 2271 qui
1203 2191 1334 2251 senten·

152 2318 227 2378 tiam
243 2315 339 2380 ferre
355 2315 460 2385 debet,
475 2322 542 2380 tum
560 2322 795 2400 apromotore;
811 2299 905 2381 etita
920 2320 994 2380 acta
1008 2313 1179 2384 iudicialia,
1192 2311 1332 2376 maxime

154 2439 351 2521 inquisitiva,
375 2438 529 2505 videntur
545 2441 677 2504 omnino
699 2440 806 2504 aliena
828 2459 848 2502 a
872 2457 1072 2523 quacumque
1095 2439 1334 2522 praeoccupata

154 2566 315 2649 opinione,
342 2564 397 2628 vel
423 2583 444 2628 a
470 2565 583 2648 quovis
613 2564 717 2630 studio
740 2566 891 2650 partium,
916 2583 1014 2647 quum
1037 2582 1102 2627 non
1131 2564 1334 2639 instruantur

154 2708 258 2773 neque
282 2708 305 2753 a
327 2688 434 2754 iudice
456 2708 565 2773 neque
590 2689 631 2754 ab
661 2696 861 2754 accusatore.
894 2687 934 2753 In
968 2690 1069 2754 lnrlr.
1101 2687 1170 2751 ΕΕ.
1199 2690 1231 2751 el
1260 2682 1333 2748 ΕΗ.

155 2819 218 2876 ort.
239 2812 286 2877 12
310 2817 460 2878 cavetur:
489 2812 707 2880 ‹Procesrus
729 2814 892 2896 confectio
918 2812 1082 2881 committi
1100 2815 1210 2896 potest
1232 2808 1336 2875 alicui

153 2937 261 3018 probo
285 2943 390 3021 atque
404 2938 527 3005 idoneo
544 2939 775 3010 ecclesiastico,
792 2940 949 3005 adstante
964 2937 1119 3005 actuario
1134 2957 1167 2999 o.
1184 2936 1251 2999 Iste
1265 2930 1335 2996 offi-

156 3062 246 3127 cialis
261 3066 402 3126 vocatur
425 3062 533 3127 uadem
554 3062 740 3130 instructor
761 3082 820 3127 seu
843 3062 1108 3135 commutarint,
1122 3061 1212 3125 cuius
1227 3064 1334 3123 tamen

157 3187 359 3253 montio.
376 3163 419 3250 ηε
434 3186 626 3252 iudiciorum
646 3186 808 3273 expeditio
823 3186 1019 3251 renuerem·
1034 3184 1204 3256 aimanor,
1221 3202 1335 3248 consu·
1454 3176 1456 3181 ’

156 3311 234 3378 litur
257 3313 316 3378 sed
340 3332 405 3376 uon
429 3314 637 3397 praecipitur.

246 3437 323 3501 143.
349 3436 576 3511 Quamobrem,
600 3456 644 3501 ex
671 3439 742 3502 iure
768 3438 915 3522 positivo,
940 3456 1002 3521 quo
1031 3435 1126 3500 hodie
1148 3436 1195 3499 uti
1219 3433 1338 3499 debent

158 3562 280 3640 curiae,
297 3564 456 3644 expressa
477 3562 534 3626 lex
549 3563 637 3627 facta
652 3562 712 3626 fuit
727 3561 940 3626 constituendi
956 3566 1172 3647 promotorem
1189 3559 1338 3643 &colem

159 3680 239 3768 (arg.
257 3684 313 3747 cit.
330 3683 409 3747 lust.
426 3682 494 3747 EE.
511 3688 544 3749 et
567 3684 663 3769 Ru),
680 3690 714 3748 at
737 3685 931 3748 examussim
955 3702 1020 3747 non
1037 3683 1170 3747 fuerunt
1186 3680 1338 3765 explicati

158 3813 259 3887 actus,
276 3805 540 3894 obligationesfet
554 3809 627 3873 iura
642 3808 755 3891 quibus
770 3788 965 3892 promotoris
980 3812 1121 3893 potestas
1136 3806 1337 3877 continetur;

160 3932 295 4015 proinde
323 3932 479 3997 eiusmodi
495 3952 623 3998 *munus
649 3935 846 4018 potissimum
877 3932 1086 3999 determinari
1113 3932 1201 3996 valet
1229 3930 1339 3995 habita

161 4058 286 4121 ratione
313 4053 409 4121 officii
439 4059 640 4122 accusatoris
670 4060 702 4121 in
733 4057 850 4122 iudicio
878 4056 1047 4121 criminali.
1076 4055 1237 4139 Siquidem
1265 4074 1337 4141 pro-

160 4184 275 4251 motor,
292 4180 361 4244 sive
378 4180 521 4264 inquirat
537 4182 606 4244 sive
621 4185 761 4251 accuset,
779 4181 889 4265 explet
904 4184 1013 4265 partes
1033 4180 1128 4251 illius,
1146 4181 1199 4263 qui
1214 4181 1335 4244 instau-

161 4308 212 4367 rat
234 4303 439 4368 criminalem
460 4303 650 4369 delictorum
666 4305 910 4385 insecutionem,
929 4310 963 4368 ut
984 4304 1032 4367 rei
1056 4303 1251 4371 iudicialiter
1266 4324 1340 4369 con-

162 4430 235 4491 victi
260 4426 385 4493 debitae
407 4429 501 4493 luant
522 4448 651 4513 poenas.
953 4396 956 4401 Ι
