3350 5100
309 296 375 361 284
771 376 776 381 Α
821 314 906 361 raas
931 312 966 359 11.

311 438 404 503 Iuris
418 438 456 502 in
479 437 503 502 6
529 436 775 519 «inspicimus
797 438 835 501 in
859 436 1013 517 obscuris
1034 436 1127 521 quod
1150 444 1197 501 est
1219 435 1437 502 imisimilius
1458 440 1489 500 et

309 565 402 649 qnod
420 566 626 649 plerumque
647 564 723 649 fleri
747 562 966 629 commovit».
993 563 1104 637 Quare
1127 559 1254 627 definiri
1277 565 1383 647 potest
1401 561 1489 625 notio

311 689 430 760 iudicii,
453 694 612 772 quatenus
635 694 685 754 est
711 688 941 756 ‹amiectura
969 707 1014 755 en
1042 689 1157 773 atiquo
1187 687 1279 771 sacto
1311 692 1386 753 orta
1413 692 1445 753 et
1468 706 1490 752 a

237 828 242 839 ·
310 815 382 899 Iepe
397 819 457 877 aut
472 831 494 877 a
509 812 623 879 iudice
637 813 787 898 attepata
802 812 849 877 ad
864 812 1115 878 adstruendam
1130 811 1183 877 rei
1198 810 1321 878 dubiae
1340 810 1442 895 fidem
1458 831 1488 873 s.

398 938 475 1003 217.
503 936 602 1003 Modo
631 935 813 1002 definienda
844 944 893 1003 est
920 938 1081 1021 quaestio:
1111 942 1216 1001 utrum
1246 935 1360 1003 adsim
1387 952 1489 1019 prae-

309 1061 517 1143 sumptiones
539 1060 627 1126 iuris
649 1060 688 1125 in
712 1055 975 1126 criminalibus?
989 1096 1007 1109 ·
1025 1060 1067 1125 at
1085 1062 1386 1143 praesumptiones
1404 1058 1491 1125 iuris

310 1184 426 1249 haberi
452 1186 485 1249 iu
513 1204 552 1249 re
574 1185 735 1250 criminali
757 1184 924 1250 videretur
950 1204 1016 1249 non
1043 1183 1278 1271 ambigendum,
1304 1184 1379 1269 quia
1405 1184 1491 1249 iuter

311 1305 451 1391 reputas
473 1306 566 1370 Iuris
589 1305 627 1370 in
642 1305 674 1379 6,
691 1308 814 1392 reputa
835 1305 921 1370 VIII
933 1295 1034 1371 iubet(
1051 1304 1195 1373 «Semel
1218 1306 1340 1379 matus,
1357 1321 1491 1387 semper

308 1430 546 1513 praesumitur
568 1449 639 1497 esse
660 1433 774 1497 matus
789 1452 820 1495 r.
845 1430 908 1497 Sed
924 1452 942 1496 e
959 1436 1074 1497 contra
1098 1466 1116 1479 -
1140 1450 1240 1498 nemo
1252 1428 1490 1514 praesumitur

312 1557 426 1621 mains
439 1556 507 1621 m'si
518 1554 686 1639 probetur
693 1576 708 1638 ,·
730 1562 902 1639 utrumque
917 1576 999 1621 vero
1022 1557 1214 1641 principium
1230 1557 1372 1641 pertiuet
1387 1554 1427 1619 ad
1443 1555 1492 1618 ius

313 1681 473 1762 naturale,
496 1682 599 1766 magis
622 1700 716 1764 quam
740 1680 781 1745 ad
804 1682 854 1746 ius
878 1682 1060 1766 positivum.
1079 1682 1158 1746 Nam
1182 1682 1245 1746 liae
1269 1679 1403 1767 regulae
1426 1696 1490 1744 uon

313 1807 513 1871 constituunt
538 1805 702 1889 promime
730 1810 763 1870 et
785 1806 822 1870 in
846 1810 1000 1873 concreto
1024 1806 1162 1890 aliquem
1190 1804 1412 1891 probatIonem
1436 1803 1491 1869 sed

313 1947 527 1995 commanem
549 1928 720 2013 quamdam
743 1948 855 1995 rarum
879 1929 1094 1995 conditionem
1119 1929 1330 2007 manifestant
1346 1931 1491 1994 innixam

313 2052 377 2115 iuri
399 2050 550 2115 naturali.
569 2050 641 2116 Hoc
656 2056 765 2117 autem
789 2053 839 2117 ius
862 2072 926 2117 nou
943 2052 1031 2117 valet
1046 2054 1244 2118 constituere
1260 2053 1491 2137 praesumptio·

313 2194 388 2240 nem
419 2174 504 2240 unde
535 2174 665 2259 aliquod
695 2174 817 2242 factum
849 2182 1037 2243 concretum
1066 2178 1276 2242 criminosum
1306 2177 1410 2261 potius
1436 2177 1492 2240 uni

313 2318 409 2384 quem
440 2299 534 2364 alteri
565 2301 741 2383 imputetur
767 2300 814 2366 ad
839 2319 999 2383 poenam,
1024 2302 1141 2387 quippe
1168 2301 1364 2387 propositum
1388 2299 1492 2365 deliu-

313 2422 430 2508 quendi
454 2443 518 2489 nou
535 2426 754 2509 praesumitur
768 2426 831 2490 uisi
853 2424 1018 2510 probetur.
1036 2425 1145 2501 Quare
1167 2430 1370 2491 autumamus
1391 2444 1491 2509 prae·

315 2551 525 2634 sumptiones
546 2551 634 2617 iuris
658 2571 723 2615 non
745 2553 860 2637 vigere
891 2554 924 2616 iu
950 2572 986 2617 re
1013 2553 1184 2626 criminali,
1209 2553 1315 2637 prouti
1338 2555 1372 2617 in
1395 2551 1493 2624 civ'di,

314 2679 391 2761 quia
422 2678 639 2762 praesumptio
669 2679 751 2742 iuris
779 2679 813 2741 in
836 2677 985 2742 civilibus
1012 2680 1140 2764 saepius
1167 2685 1216 2744 est
1241 2679 1367 2760 positio
1390 2677 1492 2757 iuris,

312 2801 412 2865 veluti
436 2801 572 2867 intentio
595 2819 690 2884 quam
713 2799 835 2865 habeut
858 2801 992 2886 parochi
1019 2800 1185 2866 fundamm
1210 2804 1242 2865 iu
1266 2803 1337 2866 iure
1363 2800 1404 2866 ad
1427 2800 1492 2866 col·

313 2925 459 3010 ligandas
482 2925 633 2990 decimas.
647 2925 708 2992 Est
722 2945 802 2990 vero
817 2925 1013 2992 universalis
1029 2932 1062 2991 et
1079 2927 1250 2992 autsimul
1267 2933 1405 3011 tangens
1428 2927 1493 2990 siu·

314 3049 406 3136 gulos
434 3050 518 3114 haec
547 3051 782 3135 praesumptio;
810 3050 885 3115 dum
909 3071 928 3115 e
952 3057 1083 3126 contra,
1114 3053 1147 3116 iu
1178 3051 1399 3117 criminalibus
1428 3069 1493 3114 non

313 3183 417 3264 potest
425 3177 539 3243 haberi
552 3177 704 3242 eiusmodi
716 3179 841 3262 positio,
850 3179 967 3263 quippe
980 3180 1104 3243 ortmen
1116 3198 1181 3243 non
1193 3179 1248 3244 ius
1260 3178 1316 3245 sed
1327 3177 1494 3245 iniuriam

314 3305 468 3368 continet.
490 3337 508 3350 -
526 3301 636 3376 Quare
651 3303 948 3386 praesumptiones
962 3303 1050 3368 iuris
1066 3304 1099 3367 in
1116 3323 1153 3367 re
1169 3303 1329 3368 criminali
1347 3306 1495 3387 spectant

314 3427 354 3492 ad
366 3426 521 3491 moralem
537 3445 753 3492 communem
764 3426 979 3492 conditionem
992 3426 1218 3512 delinquentis,
1232 3427 1332 3492 veluti
1348 3425 1388 3491 ad
1403 3431 1493 3492 aete·

312 3557 389 3632 tem,
406 3549 490 3615 uude
514 3551 567 3632 qui
583 3551 754 3634 septimum
769 3568 890 3615 anuum
907 3551 1047 3616 excessit
1063 3551 1282 3635 praesumitur
1297 3549 1359 3615 doli
1378 3569 1492 3635 capax.

315 3675 396 3740 Item
421 3707 439 3720 -
463 3673 567 3738 semet
589 3673 703 3738 mdns
723 3691 860 3755 semper
877 3672 1116 3756 praesumitur
1138 3673 1251 3738 matus
1268 3691 1362 3738 -sou
1387 3673 1494 3736 animo

314 3801 446 3881 paratus
461 3794 501 3860 ad
518 3794 786 3878 delinquendum
806 3794 863 3860 sed
888 3793 962 3859 dum
978 3794 1012 3858 iu
1029 3814 1065 3859 re
1081 3795 1168 3860 civili
1184 3794 1400 3880 praesumptio
1415 3793 1495 3860 iuris

313 3920 452 3986 habetur
469 3938 537 4002 pro
560 3920 701 3986 ueritate
724 3920 787 3985 nisi
803 3920 970 3986 contraria
993 3919 1183 4006 probatione
1207 3920 1357 3994 elidetur,
1372 3921 1406 3984 in
1430 3920 1493 3986 cri·

314 4044 485 4110 miualibus
497 4044 652 4110 eiusmodi
667 4045 895 4131 praesumptio,
909 4046 1025 4131 quippe
1036 4051 1169 4112 remota
1185 4050 1218 4110 et
1232 4044 1413 4127 abstracta,
1429 4063 1494 4109 non

315 4167 430 4253 probat
446 4169 593 4236 roitatem
610 4168 667 4233 sed
688 4173 736 4234 est
759 4169 897 4255 simplex
920 4168 1073 4234 indicium
1097 4175 1153 4235 aut
1175 4169 1324 4255 suspicio,
1342 4187 1434 4253 quae,
1454 4165 1495 4231 ad

315 4313 484 4375 summum,
511 4292 693 4376 aliquando,
718 4313 778 4378 pro
804 4293 877 4359 aliis
900 4292 1067 4368 adiunctis,
1093 4299 1142 4359 est
1166 4299 1230 4358 tam
1261 4294 1372 4378 gravis
1395 4297 1431 4357 ut
1454 4292 1496 4356 sit

315 4418 398 4480 ratio
421 4413 587 4482 sufficiens
605 4417 765 4499 publicae
787 4417 1023 4484 accusationis.
