<?xml version="1.0" encoding="UTF-8"?>
<!DOCTYPE html PUBLIC "-//W3C//DTD XHTML 1.0 Transitional//EN"
    "http://www.w3.org/TR/xhtml1/DTD/xhtml1-transitional.dtd">
<html xmlns="http://www.w3.org/1999/xhtml" xml:lang="en" lang="en">
 <head>
  <title>
</title>
<meta http-equiv="Content-Type" content="text/html;charset=utf-8" />
  <meta name='ocr-system' content='tesseract 3.04.00' />
  <meta name='ocr-capabilities' content='ocr_page ocr_carea ocr_par ocr_line ocrx_word'/>
</head>
<body>
  <div class='ocr_page' id='page_1' title='image "./praelectionesin00legagoog_0218.png"; bbox 0 0 3350 5100; ppageno 0'>
   <div class='ocr_carea' id='block_1_1' title="bbox 856 268 998 315">
    <p class='ocr_par' dir='ltr' id='par_1_1' title="bbox 856 268 998 315">
     <span class='ocr_line' id='line_1_1' title="bbox 856 268 998 315; baseline -0.021 -2"><span class='ocrx_word' id='word_1_1' title='bbox 856 268 939 315; x_wconf 76' lang='lat' dir='ltr'><strong>PARS</strong></span> <span class='ocrx_word' id='word_1_2' title='bbox 963 269 998 313; x_wconf 88' lang='lat'><strong>11.</strong></span> 
     </span>
    </p>
   </div>
   <div class='ocr_carea' id='block_1_2' title="bbox 838 534 1030 600">
    <p class='ocr_par' dir='ltr' id='par_1_2' title="bbox 838 534 1030 600">
     <span class='ocr_line' id='line_1_2' title="bbox 838 534 1030 600; baseline -0.026 0"><span class='ocrx_word' id='word_1_3' title='bbox 838 534 951 600; x_wconf 74' lang='lat' dir='ltr'><strong>Carur</strong></span> <span class='ocrx_word' id='word_1_4' title='bbox 972 534 1030 597; x_wconf 83' lang='lat' dir='ltr'><strong>IV.</strong></span> 
     </span>
    </p>
   </div>
   <div class='ocr_carea' id='block_1_3' title="bbox 811 710 1064 763">
    <p class='ocr_par' dir='ltr' id='par_1_3' title="bbox 811 710 1064 763">
     <span class='ocr_line' id='line_1_3' title="bbox 811 710 1064 763; baseline -0.008 -2"><span class='ocrx_word' id='word_1_5' title='bbox 811 710 861 763; x_wconf 84' lang='lat' dir='ltr'><strong>DE</strong></span> <span class='ocrx_word' id='word_1_6' title='bbox 894 710 1064 763; x_wconf 83' lang='lat' dir='ltr'><strong>IUlllCE.</strong></span> 
     </span>
    </p>
   </div>
   <div class='ocr_carea' id='block_1_4' title="bbox 346 884 1522 1295">
    <p class='ocr_par' dir='ltr' id='par_1_4' title="bbox 346 884 1522 1295">
     <span class='ocr_line' id='line_1_4' title="bbox 346 884 1521 986; baseline -0.005 -26"><span class='ocrx_word' id='word_1_7' title='bbox 346 884 562 963; x_wconf 73' lang='lat' dir='ltr'><strong>summarium.</strong></span> <span class='ocrx_word' id='word_1_8' title='bbox 583 936 620 947; x_wconf 93' lang='lat'>-</span> <span class='ocrx_word' id='word_1_9' title='bbox 642 907 697 986; x_wconf 84' lang='grc'><strong>151.</strong></span> <span class='ocrx_word' id='word_1_10' title='bbox 719 906 821 961; x_wconf 89' lang='lat' dir='ltr'><strong>Utrum</strong></span> <span class='ocrx_word' id='word_1_11' title='bbox 840 905 961 958; x_wconf 91' lang='lat' dir='ltr'><strong>iudicum</strong></span> <span class='ocrx_word' id='word_1_12' title='bbox 981 905 1120 959; x_wconf 88' lang='lat' dir='ltr'><strong>ordinatio</strong></span> <span class='ocrx_word' id='word_1_13' title='bbox 1139 906 1167 959; x_wconf 87' lang='lat' dir='ltr'><strong>in</strong></span> <span class='ocrx_word' id='word_1_14' title='bbox 1186 922 1216 958; x_wconf 88' lang='lat' dir='ltr'><strong>re</strong></span> <span class='ocrx_word' id='word_1_15' title='bbox 1236 904 1311 958; x_wconf 88' lang='lat' dir='ltr'><strong>civili</strong></span> <span class='ocrx_word' id='word_1_16' title='bbox 1339 909 1369 957; x_wconf 89' lang='lat' dir='ltr'><strong>et</strong></span> <span class='ocrx_word' id='word_1_17' title='bbox 1388 901 1521 957; x_wconf 88' lang='lat' dir='ltr'><strong>criminali</strong></span> 
     </span>
     <span class='ocr_line' id='line_1_5' title="bbox 434 1010 1522 1081; baseline -0.008 -12"><span class='ocrx_word' id='word_1_18' title='bbox 434 1014 532 1069; x_wconf 87' lang='lat' dir='ltr'><strong>eadem</strong></span> <span class='ocrx_word' id='word_1_19' title='bbox 550 1014 596 1067; x_wconf 92' lang='lat' dir='ltr'><strong>sit.</strong></span> <span class='ocrx_word' id='word_1_20' title='bbox 611 1043 647 1055; x_wconf 94' lang='lat'><em>-</em></span> <span class='ocrx_word' id='word_1_21' title='bbox 668 1014 725 1068; x_wconf 75' lang='lat'><strong>152</strong></span> <span class='ocrx_word' id='word_1_22' title='bbox 741 1014 779 1067; x_wconf 89' lang='lat' dir='ltr'><strong>De</strong></span> <span class='ocrx_word' id='word_1_23' title='bbox 792 1013 892 1066; x_wconf 83' lang='lat' dir='ltr'><strong>iudicis</strong></span> <span class='ocrx_word' id='word_1_24' title='bbox 911 1014 1107 1081; x_wconf 79' lang='lat' dir='ltr'><strong>competentia.</strong></span> <span class='ocrx_word' id='word_1_25' title='bbox 1121 1040 1155 1051; x_wconf 98' lang='lat'><em>-</em></span> <span class='ocrx_word' id='word_1_26' title='bbox 1171 1010 1229 1066; x_wconf 85' lang='lat'>153.</span> <span class='ocrx_word' id='word_1_27' title='bbox 1244 1012 1282 1065; x_wconf 88' lang='lat' dir='ltr'><strong>De</strong></span> <span class='ocrx_word' id='word_1_28' title='bbox 1295 1010 1426 1080; x_wconf 84' lang='lat' dir='ltr'><strong>personis</strong></span> <span class='ocrx_word' id='word_1_29' title='bbox 1438 1024 1522 1061; x_wconf 84' lang='lat' dir='ltr'><strong>accos·</strong></span> 
     </span>
     <span class='ocr_line' id='line_1_6' title="bbox 437 1116 1521 1191; baseline -0.007 -16"><span class='ocrx_word' id='word_1_30' title='bbox 437 1122 519 1175; x_wconf 85' lang='lat' dir='ltr'><strong>soriis</strong></span> <span class='ocrx_word' id='word_1_31' title='bbox 531 1138 603 1191; x_wconf 86' lang='lat' dir='ltr'><strong>quae</strong></span> <span class='ocrx_word' id='word_1_32' title='bbox 616 1121 734 1175; x_wconf 91' lang='lat' dir='ltr'><strong>iudicem</strong></span> <span class='ocrx_word' id='word_1_33' title='bbox 748 1121 890 1174; x_wconf 83' lang='lat' dir='ltr'><strong>adiuvant.</strong></span> <span class='ocrx_word' id='word_1_34' title='bbox 902 1149 936 1160; x_wconf 95' lang='lat'><em>-</em></span> <span class='ocrx_word' id='word_1_35' title='bbox 952 1120 1010 1174; x_wconf 82' lang='grc'><strong>154.</strong></span> <span class='ocrx_word' id='word_1_36' title='bbox 1025 1120 1176 1173; x_wconf 88' lang='lat' dir='ltr'><strong>Actuarius</strong></span> <span class='ocrx_word' id='word_1_37' title='bbox 1191 1118 1352 1173; x_wconf 86' lang='lat' dir='ltr'><strong>necessario</strong></span> <span class='ocrx_word' id='word_1_38' title='bbox 1366 1116 1521 1187; x_wconf 79' lang='lat' dir='ltr'><strong>requiritur.</strong></span> 
     </span>
     <span class='ocr_line' id='line_1_7' title="bbox 437 1224 1521 1295; baseline -0.009 -13"><span class='ocrx_word' id='word_1_39' title='bbox 437 1256 471 1269; x_wconf 93' lang='lat'><em>—</em></span> <span class='ocrx_word' id='word_1_40' title='bbox 485 1227 543 1282; x_wconf 84' lang='grc'><strong>155.</strong></span> <span class='ocrx_word' id='word_1_41' title='bbox 554 1227 637 1283; x_wconf 84' lang='lat' dir='ltr'><strong>ludex</strong></span> <span class='ocrx_word' id='word_1_42' title='bbox 647 1228 798 1281; x_wconf 87' lang='lat' dir='ltr'><strong>instructor</strong></span> <span class='ocrx_word' id='word_1_43' title='bbox 808 1232 851 1282; x_wconf 85' lang='lat' dir='ltr'><strong>est</strong></span> <span class='ocrx_word' id='word_1_44' title='bbox 862 1230 924 1281; x_wconf 81' lang='lat' dir='ltr'><strong>iure</strong></span> <span class='ocrx_word' id='word_1_45' title='bbox 933 1229 1011 1295; x_wconf 84' lang='lat' dir='ltr'><strong>posit.</strong></span> <span class='ocrx_word' id='word_1_46' title='bbox 1023 1225 1155 1279; x_wconf 84' lang='lat' dir='ltr'><strong>inhabilis</strong></span> <span class='ocrx_word' id='word_1_47' title='bbox 1165 1226 1218 1279; x_wconf 89' lang='lat' dir='ltr'><strong>nisi</strong></span> <span class='ocrx_word' id='word_1_48' title='bbox 1229 1226 1266 1278; x_wconf 79' lang='lat' dir='ltr'><strong>sit</strong></span> <span class='ocrx_word' id='word_1_49' title='bbox 1276 1226 1403 1279; x_wconf 82' lang='lat' dir='ltr'><strong>clericus</strong></span> <span class='ocrx_word' id='word_1_50' title='bbox 1412 1224 1521 1277; x_wconf 80' lang='lat' dir='ltr'><strong>coelebs.</strong></span> 
     </span>
    </p>
   </div>
   <div class='ocr_carea' id='block_1_5' title="bbox 438 1386 1521 1473">
    <p class='ocr_par' dir='ltr' id='par_1_5' title="bbox 438 1386 1521 1473">
     <span class='ocr_line' id='line_1_8' title="bbox 438 1386 1521 1473; baseline -0.005 -19"><span class='ocrx_word' id='word_1_51' title='bbox 438 1390 513 1455; x_wconf 85' lang='grc'><strong>151.</strong></span> <span class='ocrx_word' id='word_1_52' title='bbox 538 1392 584 1454; x_wconf 87' lang='lat' dir='ltr'><strong>De</strong></span> <span class='ocrx_word' id='word_1_53' title='bbox 607 1390 721 1459; x_wconf 85' lang='lat' dir='ltr'><strong>iudice.</strong></span> <span class='ocrx_word' id='word_1_54' title='bbox 738 1394 897 1473; x_wconf 89' lang='lat' dir='ltr'><strong>quatenus</strong></span> <span class='ocrx_word' id='word_1_55' title='bbox 919 1395 968 1453; x_wconf 88' lang='lat' dir='ltr'><strong>est</strong></span> <span class='ocrx_word' id='word_1_56' title='bbox 992 1406 1130 1473; x_wconf 85' lang='lat' dir='ltr'><strong>persona</strong></span> <span class='ocrx_word' id='word_1_57' title='bbox 1154 1390 1341 1453; x_wconf 87' lang='lat' dir='ltr'><strong>necessaria</strong></span> <span class='ocrx_word' id='word_1_58' title='bbox 1363 1389 1396 1451; x_wconf 85' lang='lat' dir='ltr'><strong>in</strong></span> <span class='ocrx_word' id='word_1_59' title='bbox 1413 1386 1521 1450; x_wconf 88' lang='lat' dir='ltr'><strong>iudicio</strong></span> 
     </span>
    </p>
   </div>
   <div class='ocr_carea' id='block_1_6' title="bbox 349 1512 1522 1724">
    <p class='ocr_par' dir='ltr' id='par_1_6' title="bbox 349 1512 1522 1724">
     <span class='ocr_line' id='line_1_9' title="bbox 349 1512 1522 1599; baseline -0.003 -20"><span class='ocrx_word' id='word_1_60' title='bbox 349 1514 474 1599; x_wconf 90' lang='lat' dir='ltr'><strong>pollens</strong></span> <span class='ocrx_word' id='word_1_61' title='bbox 501 1515 629 1599; x_wconf 90' lang='lat' dir='ltr'><strong>publica</strong></span> <span class='ocrx_word' id='word_1_62' title='bbox 657 1518 850 1580; x_wconf 89' lang='lat' dir='ltr'><strong>auctoritate</strong></span> <span class='ocrx_word' id='word_1_63' title='bbox 882 1514 1063 1581; x_wconf 62' lang='lat' dir='ltr'><strong>ordinaria</strong></span> <span class='ocrx_word' id='word_1_64' title='bbox 1093 1514 1145 1578; x_wconf 86' lang='lat' dir='ltr'><strong>rel</strong></span> <span class='ocrx_word' id='word_1_65' title='bbox 1175 1513 1342 1599; x_wconf 69' lang='lat' dir='ltr'><strong>delegata,</strong></span> <span class='ocrx_word' id='word_1_66' title='bbox 1374 1512 1408 1575; x_wconf 87' lang='lat' dir='ltr'><strong>vi</strong></span> <span class='ocrx_word' id='word_1_67' title='bbox 1438 1513 1522 1576; x_wconf 88' lang='lat' dir='ltr'><strong>cuius</strong></span> 
     </span>
     <span class='ocr_line' id='line_1_10' title="bbox 349 1636 1521 1724; baseline -0.002 -22"><span class='ocrx_word' id='word_1_68' title='bbox 349 1637 558 1724; x_wconf 80' lang='lat' dir='ltr'><strong>distinguitur</strong></span> <span class='ocrx_word' id='word_1_69' title='bbox 587 1638 628 1704; x_wconf 90' lang='lat' dir='ltr'><strong>ab</strong></span> <span class='ocrx_word' id='word_1_70' title='bbox 658 1638 805 1711; x_wconf 77' lang='lat' dir='ltr'><strong>arbitris,</strong></span> <span class='ocrx_word' id='word_1_71' title='bbox 840 1641 901 1702; x_wconf 90' lang='lat' dir='ltr'><strong>iam</strong></span> <span class='ocrx_word' id='word_1_72' title='bbox 932 1638 1141 1703; x_wconf 84' lang='lat' dir='ltr'><strong>disseruimus</strong></span> <span class='ocrx_word' id='word_1_73' title='bbox 1172 1638 1205 1700; x_wconf 93' lang='lat' dir='ltr'><strong>in</strong></span> <span class='ocrx_word' id='word_1_74' title='bbox 1238 1636 1373 1723; x_wconf 90' lang='lat' dir='ltr'><strong>Proleg.</strong></span> <span class='ocrx_word' id='word_1_75' title='bbox 1398 1636 1472 1701; x_wconf 89' lang='lat' dir='ltr'><strong>Vol.</strong></span> <span class='ocrx_word' id='word_1_76' title='bbox 1498 1636 1521 1707; x_wconf 79' lang='lat'><strong>1,</strong></span> 
     </span>
    </p>
   </div>
   <div class='ocr_carea' id='block_1_7' title="bbox 351 1761 1627 1849">
    <p class='ocr_par' dir='ltr' id='par_1_7' title="bbox 351 1761 1627 1849">
     <span class='ocr_line' id='line_1_11' title="bbox 351 1761 1627 1849; baseline 0 -22"><span class='ocrx_word' id='word_1_77' title='bbox 351 1783 382 1827; x_wconf 87' lang='lat' dir='ltr'><strong>n.</strong></span> <span class='ocrx_word' id='word_1_78' title='bbox 394 1764 439 1828; x_wconf 79' lang='lat'><strong>72</strong></span> <span class='ocrx_word' id='word_1_79' title='bbox 451 1784 495 1848; x_wconf 85' lang='lat' dir='ltr'><strong>sq.</strong></span> <span class='ocrx_word' id='word_1_80' title='bbox 514 1764 609 1829; x_wconf 90' lang='lat' dir='ltr'><strong>Modo</strong></span> <span class='ocrx_word' id='word_1_81' title='bbox 626 1765 792 1848; x_wconf 79' lang='lat' dir='ltr'><strong>explicare</strong></span> <span class='ocrx_word' id='word_1_82' title='bbox 808 1763 961 1829; x_wconf 85' lang='lat' dir='ltr'><strong>debemus</strong></span> <span class='ocrx_word' id='word_1_83' title='bbox 974 1782 1056 1847; x_wconf 86' lang='lat' dir='ltr'><strong>quae</strong></span> <span class='ocrx_word' id='word_1_84' title='bbox 1072 1762 1250 1849; x_wconf 81' lang='lat' dir='ltr'><strong>singularia</strong></span> <span class='ocrx_word' id='word_1_85' title='bbox 1265 1768 1342 1828; x_wconf 88' lang='lat' dir='ltr'><strong>sunt</strong></span> <span class='ocrx_word' id='word_1_86' title='bbox 1357 1764 1392 1826; x_wconf 91' lang='lat' dir='ltr'><strong>in</strong></span> <span class='ocrx_word' id='word_1_87' title='bbox 1407 1761 1521 1840; x_wconf 80' lang='lat' dir='ltr'><strong>iudice,</strong></span> <span class='ocrx_word' id='word_1_88' title='bbox 1626 1810 1627 1817; x_wconf 37' lang='lat'>1</span> 
     </span>
    </p>
   </div>
   <div class='ocr_carea' id='block_1_8' title="bbox 350 1889 1522 2477">
    <p class='ocr_par' dir='ltr' id='par_1_8' title="bbox 350 1889 1077 1955">
     <span class='ocr_line' id='line_1_12' title="bbox 350 1889 1077 1955; baseline 0 -3"><span class='ocrx_word' id='word_1_89' title='bbox 350 1895 473 1955; x_wconf 88' lang='lat' dir='ltr'><strong>attenta</strong></span> <span class='ocrx_word' id='word_1_90' title='bbox 496 1889 686 1954; x_wconf 90' lang='lat' dir='ltr'><strong>iudiciorum</strong></span> <span class='ocrx_word' id='word_1_91' title='bbox 710 1890 926 1953; x_wconf 83' lang='lat' dir='ltr'><strong>criminalium</strong></span> <span class='ocrx_word' id='word_1_92' title='bbox 950 1894 1077 1954; x_wconf 88' lang='lat' dir='ltr'><strong>natura.</strong></span> 
     </span>
    </p>

    <p class='ocr_par' dir='ltr' id='par_1_9' title="bbox 352 2012 1521 2347">
     <span class='ocr_line' id='line_1_13' title="bbox 370 2012 1521 2098; baseline -0.001 -22"><span class='ocrx_word' id='word_1_93' title='bbox 370 2071 372 2076; x_wconf 79' lang='grc'>,</span> <span class='ocrx_word' id='word_1_94' title='bbox 443 2014 479 2076; x_wconf 88' lang='lat' dir='ltr'><strong>[n</strong></span> <span class='ocrx_word' id='word_1_95' title='bbox 503 2015 614 2098; x_wconf 91' lang='lat' dir='ltr'><strong>primis</strong></span> <span class='ocrx_word' id='word_1_96' title='bbox 633 2016 805 2097; x_wconf 16' lang='lat' dir='ltr'><strong>&#39;quaeritur</strong></span> <span class='ocrx_word' id='word_1_97' title='bbox 827 2034 880 2093; x_wconf 88' lang='lat' dir='ltr'><strong>an,</strong></span> <span class='ocrx_word' id='word_1_98' title='bbox 905 2015 976 2078; x_wconf 88' lang='lat' dir='ltr'><strong>iura</strong></span> <span class='ocrx_word' id='word_1_99' title='bbox 1000 2015 1170 2083; x_wconf 83' lang='lat' dir='ltr'><strong>communi,</strong></span> <span class='ocrx_word' id='word_1_100' title='bbox 1196 2012 1293 2077; x_wconf 80' lang='lat' dir='ltr'><strong>iudex</strong></span> <span class='ocrx_word' id='word_1_101' title='bbox 1315 2012 1521 2083; x_wconf 79' lang='lat' dir='ltr'><strong>ordinarius,</strong></span> 
     </span>
     <span class='ocr_line' id='line_1_14' title="bbox 352 2134 1521 2222; baseline -0.003 -22"><span class='ocrx_word' id='word_1_102' title='bbox 352 2137 407 2217; x_wconf 90' lang='lat' dir='ltr'><strong>qui</strong></span> <span class='ocrx_word' id='word_1_103' title='bbox 429 2137 619 2204; x_wconf 88' lang='lat' dir='ltr'><strong>constitutus</strong></span> <span class='ocrx_word' id='word_1_104' title='bbox 642 2144 691 2202; x_wconf 86' lang='lat' dir='ltr'><strong>est</strong></span> <span class='ocrx_word' id='word_1_105' title='bbox 713 2157 772 2222; x_wconf 91' lang='lat' dir='ltr'><strong>pro</strong></span> <span class='ocrx_word' id='word_1_106' title='bbox 795 2139 901 2202; x_wconf 86' lang='lat' dir='ltr'><strong>causis</strong></span> <span class='ocrx_word' id='word_1_107' title='bbox 924 2136 1071 2203; x_wconf 89' lang='lat' dir='ltr'><strong>civilibus</strong></span> <span class='ocrx_word' id='word_1_108' title='bbox 1094 2134 1312 2220; x_wconf 82' lang='lat' dir='ltr'><strong>expediendis,</strong></span> <span class='ocrx_word' id='word_1_109' title='bbox 1338 2134 1423 2200; x_wconf 88' lang='lat' dir='ltr'><strong>idem</strong></span> <span class='ocrx_word' id='word_1_110' title='bbox 1452 2154 1521 2199; x_wconf 90' lang='lat' dir='ltr'><strong>con·</strong></span> 
     </span>
     <span class='ocr_line' id='line_1_15' title="bbox 352 2259 1520 2347; baseline 0.001 -23"><span class='ocrx_word' id='word_1_111' title='bbox 352 2263 482 2327; x_wconf 90' lang='lat' dir='ltr'><strong>stitutus</strong></span> <span class='ocrx_word' id='word_1_112' title='bbox 503 2267 676 2328; x_wconf 85' lang='lat' dir='ltr'><strong>censeatur</strong></span> <span class='ocrx_word' id='word_1_113' title='bbox 699 2265 795 2327; x_wconf 84' lang='lat' dir='ltr'><strong>etiam</strong></span> <span class='ocrx_word' id='word_1_114' title='bbox 819 2282 879 2347; x_wconf 89' lang='lat' dir='ltr'><strong>pro</strong></span> <span class='ocrx_word' id='word_1_115' title='bbox 902 2261 1124 2327; x_wconf 80' lang='lat' dir='ltr'><strong>criminalibus</strong></span> <span class='ocrx_word' id='word_1_116' title='bbox 1147 2263 1251 2326; x_wconf 87' lang='lat' dir='ltr'><strong>causis</strong></span> <span class='ocrx_word' id='word_1_117' title='bbox 1281 2259 1482 2325; x_wconf 89' lang='lat' dir='ltr'><strong>deliniendis.</strong></span> <span class='ocrx_word' id='word_1_118' title='bbox 1505 2294 1520 2306; x_wconf 93' lang='lat'>-</span> 
     </span>
    </p>

    <p class='ocr_par' dir='ltr' id='par_1_10' title="bbox 443 2386 1522 2477">
     <span class='ocr_line' id='line_1_16' title="bbox 443 2386 1522 2477; baseline -0.005 -26"><span class='ocrx_word' id='word_1_119' title='bbox 443 2388 557 2467; x_wconf 90' lang='lat' dir='ltr'><strong>Porro,</strong></span> <span class='ocrx_word' id='word_1_120' title='bbox 574 2389 647 2471; x_wconf 92' lang='lat' dir='ltr'><strong>quia</strong></span> <span class='ocrx_word' id='word_1_121' title='bbox 661 2388 824 2453; x_wconf 83' lang='lat' dir='ltr'><strong>diversum</strong></span> <span class='ocrx_word' id='word_1_122' title='bbox 845 2393 894 2453; x_wconf 90' lang='lat' dir='ltr'><strong>est</strong></span> <span class='ocrx_word' id='word_1_123' title='bbox 909 2387 1080 2457; x_wconf 84' lang='lat' dir='ltr'><strong>obiectum,</strong></span> <span class='ocrx_word' id='word_1_124' title='bbox 1096 2387 1178 2451; x_wconf 89' lang='lat' dir='ltr'><strong>nihil</strong></span> <span class='ocrx_word' id='word_1_125' title='bbox 1194 2386 1346 2477; x_wconf 67' lang='lat' dir='ltr'><strong>prohibet</strong></span> <span class='ocrx_word' id='word_1_126' title='bbox 1362 2388 1522 2470; x_wconf 87' lang='lat' dir='ltr'><strong>quominus</strong></span> 
     </span>
    </p>
   </div>
   <div class='ocr_carea' id='block_1_9' title="bbox 352 2510 1627 2598">
    <p class='ocr_par' dir='ltr' id='par_1_11' title="bbox 352 2510 1627 2598">
     <span class='ocr_line' id='line_1_17' title="bbox 352 2510 1627 2598; baseline -0.002 -24"><span class='ocrx_word' id='word_1_127' title='bbox 352 2511 451 2577; x_wconf 83' lang='lat' dir='ltr'><strong>iudex</strong></span> <span class='ocrx_word' id='word_1_128' title='bbox 473 2513 507 2576; x_wconf 91' lang='lat' dir='ltr'><strong>in</strong></span> <span class='ocrx_word' id='word_1_129' title='bbox 522 2531 638 2578; x_wconf 84' lang='lat' dir='ltr'><strong>causas</strong></span> <span class='ocrx_word' id='word_1_130' title='bbox 660 2513 846 2578; x_wconf 83' lang='lat' dir='ltr'><strong>criminales</strong></span> <span class='ocrx_word' id='word_1_131' title='bbox 869 2517 1053 2598; x_wconf 89' lang='lat' dir='ltr'><strong>competens</strong></span> <span class='ocrx_word' id='word_1_132' title='bbox 1077 2531 1141 2576; x_wconf 89' lang='lat' dir='ltr'><strong>non</strong></span> <span class='ocrx_word' id='word_1_133' title='bbox 1163 2529 1266 2595; x_wconf 87' lang='lat' dir='ltr'><strong>aeque</strong></span> <span class='ocrx_word' id='word_1_134' title='bbox 1286 2517 1472 2596; x_wconf 84' lang='lat' dir='ltr'><strong>competens</strong></span> <span class='ocrx_word' id='word_1_135' title='bbox 1486 2510 1523 2574; x_wconf 91' lang='lat' dir='ltr'><strong>sit</strong></span> <span class='ocrx_word' id='word_1_136' title='bbox 1626 2548 1627 2582; x_wconf 69' lang='lat'>3</span> 
     </span>
    </p>
   </div>
   <div class='ocr_carea' id='block_1_10' title="bbox 352 2637 1521 2722">
    <p class='ocr_par' dir='ltr' id='par_1_12' title="bbox 352 2637 1521 2722">
     <span class='ocr_line' id='line_1_18' title="bbox 352 2637 1521 2722; baseline -0.002 -22"><span class='ocrx_word' id='word_1_137' title='bbox 352 2638 386 2701; x_wconf 91' lang='lat' dir='ltr'><strong>in</strong></span> <span class='ocrx_word' id='word_1_138' title='bbox 409 2638 529 2709; x_wconf 82' lang='lat' dir='ltr'><strong>civiles.</strong></span> <span class='ocrx_word' id='word_1_139' title='bbox 553 2639 659 2722; x_wconf 88' lang='lat' dir='ltr'><strong>prouti</strong></span> <span class='ocrx_word' id='word_1_140' title='bbox 682 2638 875 2704; x_wconf 84' lang='lat' dir='ltr'><strong>observatur</strong></span> <span class='ocrx_word' id='word_1_141' title='bbox 897 2637 981 2722; x_wconf 88' lang='lat' dir='ltr'><strong>apud</strong></span> <span class='ocrx_word' id='word_1_142' title='bbox 1005 2638 1176 2703; x_wconf 89' lang='lat' dir='ltr'><strong>nonnullos</strong></span> <span class='ocrx_word' id='word_1_143' title='bbox 1199 2637 1333 2722; x_wconf 89' lang='lat' dir='ltr'><strong>populns</strong></span> <span class='ocrx_word' id='word_1_144' title='bbox 1353 2657 1397 2702; x_wconf 83' lang='lat' dir='ltr'><strong>ex</strong></span> <span class='ocrx_word' id='word_1_145' title='bbox 1417 2655 1521 2701; x_wconf 87' lang='lat' dir='ltr'><strong>eorum</strong></span> 
     </span>
    </p>
   </div>
   <div class='ocr_carea' id='block_1_11' title="bbox 353 2761 1621 2849">
    <p class='ocr_par' dir='ltr' id='par_1_13' title="bbox 353 2761 1621 2849">
     <span class='ocr_line' id='line_1_19' title="bbox 353 2761 1621 2849; baseline 0 -24"><span class='ocrx_word' id='word_1_146' title='bbox 353 2763 483 2846; x_wconf 89' lang='lat' dir='ltr'><strong>politica</strong></span> <span class='ocrx_word' id='word_1_147' title='bbox 511 2765 748 2829; x_wconf 88' lang='lat' dir='ltr'><strong>constitutione.</strong></span> <span class='ocrx_word' id='word_1_148' title='bbox 778 2763 842 2830; x_wconf 89' lang='lat' dir='ltr'><strong>Sed</strong></span> <span class='ocrx_word' id='word_1_149' title='bbox 874 2766 1005 2848; x_wconf 87' lang='lat' dir='ltr'><strong>passim,</strong></span> <span class='ocrx_word' id='word_1_150' title='bbox 1036 2783 1100 2828; x_wconf 90' lang='lat' dir='ltr'><strong>non</strong></span> <span class='ocrx_word' id='word_1_151' title='bbox 1133 2763 1214 2828; x_wconf 87' lang='lat' dir='ltr'><strong>solet</strong></span> <span class='ocrx_word' id='word_1_152' title='bbox 1244 2763 1402 2849; x_wconf 80' lang='lat' dir='ltr'><strong>distingui</strong></span> <span class='ocrx_word' id='word_1_153' title='bbox 1434 2761 1522 2827; x_wconf 83' lang='lat' dir='ltr'><strong>iudex</strong></span> <span class='ocrx_word' id='word_1_154' title='bbox 1620 2805 1621 2810; x_wconf 19' lang='grc' dir='ltr'><strong>κ</strong></span> 
     </span>
    </p>
   </div>
   <div class='ocr_carea' id='block_1_12' title="bbox 354 2886 1627 3723">
    <p class='ocr_par' dir='ltr' id='par_1_14' title="bbox 354 2886 1627 3723">
     <span class='ocr_line' id='line_1_20' title="bbox 355 2886 1627 2971; baseline -0.002 -19"><span class='ocrx_word' id='word_1_155' title='bbox 355 2886 463 2952; x_wconf 68' lang='lat' dir='ltr'><strong>mollis</strong></span> <span class='ocrx_word' id='word_1_156' title='bbox 484 2907 504 2950; x_wconf 91' lang='lat' dir='ltr'><strong>a</strong></span> <span class='ocrx_word' id='word_1_157' title='bbox 526 2887 632 2953; x_wconf 87' lang='lat' dir='ltr'><strong>iudice</strong></span> <span class='ocrx_word' id='word_1_158' title='bbox 648 2887 842 2971; x_wconf 67' lang='lat' dir='ltr'><strong>atmiacli5</strong></span> <span class='ocrx_word' id='word_1_159' title='bbox 861 2893 894 2952; x_wconf 89' lang='lat' dir='ltr'><strong>et</strong></span> <span class='ocrx_word' id='word_1_160' title='bbox 917 2888 979 2952; x_wconf 89' lang='lat' dir='ltr'><strong>hnc</strong></span> <span class='ocrx_word' id='word_1_161' title='bbox 994 2888 1117 2953; x_wconf 90' lang='lat' dir='ltr'><strong>obtinet</strong></span> <span class='ocrx_word' id='word_1_162' title='bbox 1131 2889 1203 2952; x_wconf 91' lang='lat' dir='ltr'><strong>iure</strong></span> <span class='ocrx_word' id='word_1_163' title='bbox 1223 2889 1391 2952; x_wconf 88' lang='lat' dir='ltr'><strong>canonico.</strong></span> <span class='ocrx_word' id='word_1_164' title='bbox 1410 2887 1521 2960; x_wconf 88' lang='lat' dir='ltr'><strong>Quam·</strong></span> <span class='ocrx_word' id='word_1_165' title='bbox 1619 2911 1627 2956; x_wconf 57' lang='grc'><strong>1</strong></span> 
     </span>
     <span class='ocr_line' id='line_1_21' title="bbox 355 3010 1627 3098; baseline 0.005 -24"><span class='ocrx_word' id='word_1_166' title='bbox 355 3010 467 3076; x_wconf 89' lang='lat' dir='ltr'><strong>obrem</strong></span> <span class='ocrx_word' id='word_1_167' title='bbox 483 3013 547 3076; x_wconf 90' lang='lat' dir='ltr'><strong>huc</strong></span> <span class='ocrx_word' id='word_1_168' title='bbox 562 3012 737 3078; x_wconf 84' lang='lat' dir='ltr'><strong>referenda</strong></span> <span class='ocrx_word' id='word_1_169' title='bbox 756 3020 830 3079; x_wconf 91' lang='lat' dir='ltr'><strong>sunt</strong></span> <span class='ocrx_word' id='word_1_170' title='bbox 849 3032 932 3096; x_wconf 86' lang='lat' dir='ltr'><strong>quae</strong></span> <span class='ocrx_word' id='word_1_171' title='bbox 955 3013 1187 3098; x_wconf 81' lang='lat' dir='ltr'><strong>explicavimus</strong></span> <span class='ocrx_word' id='word_1_172' title='bbox 1210 3013 1253 3078; x_wconf 88' lang='lat' dir='ltr'><strong>cle</strong></span> <span class='ocrx_word' id='word_1_173' title='bbox 1275 3013 1385 3097; x_wconf 76' lang='lat' dir='ltr'><strong>officio</strong></span> <span class='ocrx_word' id='word_1_174' title='bbox 1408 3012 1523 3078; x_wconf 68' lang='lat' dir='ltr'><strong>iudico</strong></span> <span class='ocrx_word' id='word_1_175' title='bbox 1623 3077 1627 3080; x_wconf 74' lang='grc'><strong>,,</strong></span> 
     </span>
     <span class='ocr_line' id='line_1_22' title="bbox 354 3135 1627 3222; baseline 0.001 -24"><span class='ocrx_word' id='word_1_176' title='bbox 354 3135 388 3199; x_wconf 91' lang='lat' dir='ltr'><strong>iu</strong></span> <span class='ocrx_word' id='word_1_177' title='bbox 414 3137 542 3222; x_wconf 89' lang='lat' dir='ltr'><strong>Proleg.</strong></span> <span class='ocrx_word' id='word_1_178' title='bbox 570 3138 642 3202; x_wconf 91' lang='lat' dir='ltr'><strong>Vol.</strong></span> <span class='ocrx_word' id='word_1_179' title='bbox 660 3141 684 3208; x_wconf 92' lang='grc' dir='ltr'><strong>Ι,</strong></span> <span class='ocrx_word' id='word_1_180' title='bbox 709 3140 731 3202; x_wconf 89' lang='grc'><strong>1.</strong></span> <span class='ocrx_word' id='word_1_181' title='bbox 755 3159 782 3204; x_wconf 88' lang='lat' dir='ltr'><strong>c.</strong></span> <span class='ocrx_word' id='word_1_182' title='bbox 808 3138 860 3203; x_wconf 90' lang='lat' dir='ltr'><strong>ubi</strong></span> <span class='ocrx_word' id='word_1_183' title='bbox 885 3139 1117 3222; x_wconf 87' lang='lat' dir='ltr'><strong>explicavimus</strong></span> <span class='ocrx_word' id='word_1_184' title='bbox 1140 3137 1253 3202; x_wconf 86' lang='lat' dir='ltr'><strong>iudicis</strong></span> <span class='ocrx_word' id='word_1_185' title='bbox 1268 3137 1416 3222; x_wconf 77' lang='lat' dir='ltr'><strong>officium</strong></span> <span class='ocrx_word' id='word_1_186' title='bbox 1433 3140 1521 3203; x_wconf 86' lang='lat' dir='ltr'><strong>etiam</strong></span> <span class='ocrx_word' id='word_1_187' title='bbox 1623 3149 1627 3208; x_wconf 67' lang='grc' dir='ltr'>ῑ</span> 
     </span>
     <span class='ocr_line' id='line_1_23' title="bbox 355 3261 1627 3350; baseline 0.002 -26"><span class='ocrx_word' id='word_1_188' title='bbox 355 3263 393 3324; x_wconf 86' lang='lat' dir='ltr'><strong>in</strong></span> <span class='ocrx_word' id='word_1_189' title='bbox 412 3261 460 3350; x_wconf 78' lang='lat' dir='ltr'><strong>iia,</strong></span> <span class='ocrx_word' id='word_1_190' title='bbox 480 3281 564 3346; x_wconf 88' lang='lat' dir='ltr'><strong>quae</strong></span> <span class='ocrx_word' id='word_1_191' title='bbox 585 3266 748 3347; x_wconf 86' lang='lat' dir='ltr'><strong>pertinent</strong></span> <span class='ocrx_word' id='word_1_192' title='bbox 770 3263 811 3329; x_wconf 90' lang='lat' dir='ltr'><strong>ad</strong></span> <span class='ocrx_word' id='word_1_193' title='bbox 834 3283 948 3330; x_wconf 86' lang='lat' dir='ltr'><strong>causas</strong></span> <span class='ocrx_word' id='word_1_194' title='bbox 972 3284 1014 3329; x_wconf 86' lang='lat' dir='ltr'><strong>ex</strong></span> <span class='ocrx_word' id='word_1_195' title='bbox 1037 3263 1142 3330; x_wconf 81' lang='lat' dir='ltr'><strong>nobili</strong></span> <span class='ocrx_word' id='word_1_196' title='bbox 1161 3261 1272 3349; x_wconf 60' lang='lat' dir='ltr'><strong>officio</strong></span> <span class='ocrx_word' id='word_1_197' title='bbox 1293 3262 1521 3329; x_wconf 80' lang='lat' dir='ltr'><strong>instaurandas.</strong></span> <span class='ocrx_word' id='word_1_198' title='bbox 1626 3305 1627 3326; x_wconf 55' lang='grc'><strong>1</strong></span> 
     </span>
     <span class='ocr_line' id='line_1_24' title="bbox 357 3386 1522 3472; baseline 0.002 -24"><span class='ocrx_word' id='word_1_199' title='bbox 357 3386 468 3467; x_wconf 91' lang='lat' dir='ltr'><strong>quales</strong></span> <span class='ocrx_word' id='word_1_200' title='bbox 490 3393 564 3452; x_wconf 87' lang='lat' dir='ltr'><strong>sunt</strong></span> <span class='ocrx_word' id='word_1_201' title='bbox 587 3407 704 3452; x_wconf 86' lang='lat' dir='ltr'><strong>causae</strong></span> <span class='ocrx_word' id='word_1_202' title='bbox 726 3389 928 3467; x_wconf 81' lang='lat' dir='ltr'><strong>criminales:</strong></span> <span class='ocrx_word' id='word_1_203' title='bbox 954 3389 1029 3453; x_wconf 87' lang='lat' dir='ltr'><strong>item</strong></span> <span class='ocrx_word' id='word_1_204' title='bbox 1053 3389 1118 3452; x_wconf 82' lang='lat' dir='ltr'><strong>hu&#39;c</strong></span> <span class='ocrx_word' id='word_1_205' title='bbox 1141 3393 1289 3472; x_wconf 87' lang='lat' dir='ltr'><strong>spectant</strong></span> <span class='ocrx_word' id='word_1_206' title='bbox 1313 3407 1398 3472; x_wconf 87' lang='lat' dir='ltr'><strong>quae</strong></span> <span class='ocrx_word' id='word_1_207' title='bbox 1420 3389 1450 3451; x_wconf 93' lang='lat' dir='ltr'><strong>iu</strong></span> <span class='ocrx_word' id='word_1_208' title='bbox 1475 3405 1522 3472; x_wconf 77' lang='lat' dir='ltr'><strong>pe·</strong></span> 
     </span>
     <span class='ocr_line' id='line_1_25' title="bbox 357 3511 1523 3598; baseline 0 -24"><span class='ocrx_word' id='word_1_209' title='bbox 357 3528 440 3575; x_wconf 82' lang='lat' dir='ltr'><strong>nere</strong></span> <span class='ocrx_word' id='word_1_210' title='bbox 462 3511 502 3575; x_wconf 91' lang='lat' dir='ltr'><strong>de</strong></span> <span class='ocrx_word' id='word_1_211' title='bbox 517 3511 718 3576; x_wconf 86' lang='lat' dir='ltr'><strong>ordinatione</strong></span> <span class='ocrx_word' id='word_1_212' title='bbox 733 3511 874 3577; x_wconf 92' lang='lat' dir='ltr'><strong>iudicum</strong></span> <span class='ocrx_word' id='word_1_213' title='bbox 889 3532 946 3576; x_wconf 86' lang='lat' dir='ltr'><strong>seu</strong></span> <span class='ocrx_word' id='word_1_214' title='bbox 962 3511 1001 3576; x_wconf 90' lang='lat' dir='ltr'><strong>de</strong></span> <span class='ocrx_word' id='word_1_215' title='bbox 1017 3514 1232 3596; x_wconf 85' lang='lat' dir='ltr'><strong>competentia</strong></span> <span class='ocrx_word' id='word_1_216' title='bbox 1247 3513 1380 3578; x_wconf 81' lang='lat' dir='ltr'><strong>ratione</strong></span> <span class='ocrx_word' id='word_1_217' title='bbox 1399 3511 1523 3598; x_wconf 76' lang='lat' dir='ltr'><strong>produc</strong></span> 
     </span>
     <span class='ocr_line' id='line_1_26' title="bbox 357 3635 1520 3723; baseline 0.002 -25"><span class='ocrx_word' id='word_1_218' title='bbox 357 3635 559 3704; x_wconf 69' lang='lat' dir='ltr'><strong>hierarchica</strong></span> <span class='ocrx_word' id='word_1_219' title='bbox 580 3638 790 3703; x_wconf 89' lang='lat' dir='ltr'><strong>disseruimus</strong></span> <span class='ocrx_word' id='word_1_220' title='bbox 813 3644 947 3723; x_wconf 85' lang='lat' dir='ltr'><strong>agentes</strong></span> <span class='ocrx_word' id='word_1_221' title='bbox 971 3638 1011 3702; x_wconf 90' lang='lat' dir='ltr'><strong>de</strong></span> <span class='ocrx_word' id='word_1_222' title='bbox 1034 3637 1321 3720; x_wconf 81' lang='lat' dir='ltr'><strong>appellationibus</strong></span> <span class='ocrx_word' id='word_1_223' title='bbox 1343 3657 1373 3702; x_wconf 79' lang='lat' dir='ltr'><strong>n,</strong></span> <span class='ocrx_word' id='word_1_224' title='bbox 1398 3637 1460 3702; x_wconf 85' lang='lat'><strong>617</strong></span> <span class='ocrx_word' id='word_1_225' title='bbox 1479 3655 1520 3718; x_wconf 90' lang='lat' dir='ltr'><strong>sq.</strong></span> 
     </span>
    </p>
   </div>
   <div class='ocr_carea' id='block_1_13' title="bbox 449 3763 1625 3850">
    <p class='ocr_par' dir='ltr' id='par_1_15' title="bbox 449 3763 1625 3850">
     <span class='ocr_line' id='line_1_27' title="bbox 449 3763 1625 3850; baseline -0.003 -24"><span class='ocrx_word' id='word_1_226' title='bbox 449 3763 521 3827; x_wconf 81' lang='lat'>152.</span> <span class='ocrx_word' id='word_1_227' title='bbox 545 3765 701 3846; x_wconf 85' lang='lat' dir='ltr'><strong>Equidem</strong></span> <span class='ocrx_word' id='word_1_228' title='bbox 725 3767 948 3850; x_wconf 87' lang='lat' dir='ltr'><strong>competentia,</strong></span> <span class='ocrx_word' id='word_1_229' title='bbox 973 3765 1005 3827; x_wconf 92' lang='lat' dir='ltr'><strong>in</strong></span> <span class='ocrx_word' id='word_1_230' title='bbox 1032 3785 1068 3829; x_wconf 92' lang='lat' dir='ltr'><strong>re</strong></span> <span class='ocrx_word' id='word_1_231' title='bbox 1091 3763 1263 3830; x_wconf 79' lang='lat' dir='ltr'><strong>criminali</strong></span> <span class='ocrx_word' id='word_1_232' title='bbox 1286 3783 1350 3828; x_wconf 90' lang='lat' dir='ltr'><strong>non</strong></span> <span class='ocrx_word' id='word_1_233' title='bbox 1375 3781 1466 3827; x_wconf 83' lang='lat' dir='ltr'><strong>secus</strong></span> <span class='ocrx_word' id='word_1_234' title='bbox 1487 3779 1521 3824; x_wconf 91' lang='lat' dir='ltr'><strong>ac</strong></span> <span class='ocrx_word' id='word_1_235' title='bbox 1620 3803 1625 3840; x_wconf 67' lang='lat' dir='ltr'><em>s</em></span> 
     </span>
    </p>
   </div>
   <div class='ocr_carea' id='block_1_14' title="bbox 358 3886 1624 3986">
    <p class='ocr_par' dir='ltr' id='par_1_16' title="bbox 358 3886 1624 3986">
     <span class='ocr_line' id='line_1_28' title="bbox 358 3886 1624 3986; baseline -0.002 -36"><span class='ocrx_word' id='word_1_236' title='bbox 358 3887 391 3950; x_wconf 90' lang='lat' dir='ltr'><strong>in</strong></span> <span class='ocrx_word' id='word_1_237' title='bbox 408 3887 506 3961; x_wconf 65' lang='lat' dir='ltr'><strong>ciculi,</strong></span> <span class='ocrx_word' id='word_1_238' title='bbox 520 3887 768 3962; x_wconf 85' lang='lat' dir='ltr'><strong>discriminatur,</strong></span> <span class='ocrx_word' id='word_1_239' title='bbox 785 3891 818 3986; x_wconf 67' lang='lat'><strong>¹0⁰</strong></span> <span class='ocrx_word' id='word_1_240' title='bbox 832 3890 966 3955; x_wconf 66' lang='lat' dir='ltr'><strong>nasone</strong></span> <span class='ocrx_word' id='word_1_241' title='bbox 981 3888 1107 3956; x_wconf 83' lang='lat' dir='ltr'><strong>obiecti.</strong></span> <span class='ocrx_word' id='word_1_242' title='bbox 1121 3888 1276 3971; x_wconf 87' lang='lat' dir='ltr'><strong>siquidem</strong></span> <span class='ocrx_word' id='word_1_243' title='bbox 1293 3887 1413 3952; x_wconf 90' lang='lat' dir='ltr'><strong>iudices</strong></span> <span class='ocrx_word' id='word_1_244' title='bbox 1430 3886 1521 3950; x_wconf 89' lang='lat' dir='ltr'><strong>eccle·</strong></span> <span class='ocrx_word' id='word_1_245' title='bbox 1609 3922 1624 3968; x_wconf 53' lang='grc' dir='ltr'><strong>χ</strong></span> 
     </span>
    </p>
   </div>
   <div class='ocr_carea' id='block_1_15' title="bbox 358 4010 1627 4226">
    <p class='ocr_par' dir='ltr' id='par_1_17' title="bbox 358 4010 1627 4226">
     <span class='ocr_line' id='line_1_29' title="bbox 358 4010 1520 4097; baseline -0.003 -23"><span class='ocrx_word' id='word_1_246' title='bbox 358 4011 476 4074; x_wconf 87' lang='lat' dir='ltr'><strong>siastici</strong></span> <span class='ocrx_word' id='word_1_247' title='bbox 499 4011 693 4077; x_wconf 88' lang='lat' dir='ltr'><strong>iudicialiter</strong></span> <span class='ocrx_word' id='word_1_248' title='bbox 715 4018 923 4097; x_wconf 88' lang='lat' dir='ltr'><strong>compescunt</strong></span> <span class='ocrx_word' id='word_1_249' title='bbox 946 4012 1083 4076; x_wconf 90' lang='lat' dir='ltr'><strong>crimina</strong></span> <span class='ocrx_word' id='word_1_250' title='bbox 1098 4010 1248 4076; x_wconf 81' lang='lat' dir='ltr'><strong>obaoocla</strong></span> <span class='ocrx_word' id='word_1_251' title='bbox 1271 4011 1416 4094; x_wconf 82' lang='lat' dir='ltr'><strong>potestati</strong></span> <span class='ocrx_word' id='word_1_252' title='bbox 1436 4025 1520 4072; x_wconf 86' lang='lat' dir='ltr'><strong>coer·</strong></span> 
     </span>
     <span class='ocr_line' id='line_1_30' title="bbox 358 4133 1627 4226; baseline 0.014 -29"><span class='ocrx_word' id='word_1_253' title='bbox 358 4135 475 4199; x_wconf 82' lang='lat' dir='ltr'><strong>citivae</strong></span> <span class='ocrx_word' id='word_1_254' title='bbox 491 4136 667 4210; x_wconf 84' lang='lat' dir='ltr'><strong>Ecclesiae,</strong></span> <span class='ocrx_word' id='word_1_255' title='bbox 684 4138 732 4201; x_wconf 89' lang='lat' dir='ltr'><strong>uti</strong></span> <span class='ocrx_word' id='word_1_256' title='bbox 747 4137 911 4201; x_wconf 89' lang='lat' dir='ltr'><strong>docuimus</strong></span> <span class='ocrx_word' id='word_1_257' title='bbox 928 4135 1000 4199; x_wconf 91' lang='lat' dir='ltr'><strong>Vol.</strong></span> <span class='ocrx_word' id='word_1_258' title='bbox 1018 4134 1079 4206; x_wconf 87' lang='grc' dir='ltr'>ΙΙΙ,</span> <span class='ocrx_word' id='word_1_259' title='bbox 1096 4157 1128 4198; x_wconf 92' lang='lat'><strong>11.</strong></span> <span class='ocrx_word' id='word_1_260' title='bbox 1146 4137 1189 4198; x_wconf 83' lang='lat'><strong>44</strong></span> <span class='ocrx_word' id='word_1_261' title='bbox 1204 4155 1268 4217; x_wconf 90' lang='lat' dir='ltr'><strong>sq.;</strong></span> <span class='ocrx_word' id='word_1_262' title='bbox 1285 4135 1321 4199; x_wconf 83' lang='grc' dir='ltr'><strong>2ο</strong></span> <span class='ocrx_word' id='word_1_263' title='bbox 1336 4133 1519 4201; x_wconf 82' lang='lat' dir='ltr'><strong>determina·</strong></span> <span class='ocrx_word' id='word_1_264' title='bbox 1602 4153 1627 4226; x_wconf 70' lang='grc'><strong>11</strong></span> 
     </span>
    </p>
   </div>
   <div class='ocr_carea' id='block_1_16' title="bbox 358 4255 1518 4345">
    <p class='ocr_par' dir='ltr' id='par_1_18' title="bbox 358 4255 1518 4345">
     <span class='ocr_line' id='line_1_31' title="bbox 358 4255 1518 4345; baseline -0.006 -23"><span class='ocrx_word' id='word_1_265' title='bbox 358 4264 414 4322; x_wconf 88' lang='lat' dir='ltr'><strong>tur</strong></span> <span class='ocrx_word' id='word_1_266' title='bbox 442 4259 575 4327; x_wconf 83' lang='lat' dir='ltr'><strong>rollone</strong></span> <span class='ocrx_word' id='word_1_267' title='bbox 597 4259 738 4345; x_wconf 77' lang='lat' dir='ltr'><strong>produc,</strong></span> <span class='ocrx_word' id='word_1_268' title='bbox 762 4264 918 4341; x_wconf 89' lang='lat' dir='ltr'><strong>quatenus</strong></span> <span class='ocrx_word' id='word_1_269' title='bbox 946 4255 1066 4321; x_wconf 89' lang='lat' dir='ltr'><strong>iudices</strong></span> <span class='ocrx_word' id='word_1_270' title='bbox 1099 4256 1305 4323; x_wconf 85' lang='lat' dir='ltr'><strong>hierarchice</strong></span> <span class='ocrx_word' id='word_1_271' title='bbox 1332 4256 1465 4321; x_wconf 87' lang='lat' dir='ltr'><strong>ordinati</strong></span> <span class='ocrx_word' id='word_1_272' title='bbox 1492 4255 1518 4315; x_wconf 88' lang='lat' dir='ltr'><strong>in</strong></span> 
     </span>
    </p>
   </div>
   <div class='ocr_carea' id='block_1_17' title="bbox 1602 4310 1627 4355">
    <p class='ocr_par' dir='ltr' id='par_1_19' title="bbox 1602 4310 1627 4355">
     <span class='ocr_line' id='line_1_32' title="bbox 1602 4310 1627 4355; baseline 0 -21"><span class='ocrx_word' id='word_1_273' title='bbox 1602 4310 1627 4355; x_wconf 45' lang='grc'><strong>,1</strong></span> 
     </span>
    </p>
   </div>
   <div class='ocr_carea' id='block_1_18' title="bbox 358 4374 1627 4479">
    <p class='ocr_par' dir='ltr' id='par_1_20' title="bbox 358 4374 1627 4479">
     <span class='ocr_line' id='line_1_33' title="bbox 358 4374 1627 4479; baseline -0.007 -32"><span class='ocrx_word' id='word_1_274' title='bbox 358 4383 516 4453; x_wconf 81' lang='lat' dir='ltr'><strong>Ecclesia,</strong></span> <span class='ocrx_word' id='word_1_275' title='bbox 533 4402 592 4468; x_wconf 91' lang='lat' dir='ltr'><strong>pro</strong></span> <span class='ocrx_word' id='word_1_276' title='bbox 609 4384 762 4465; x_wconf 90' lang='lat' dir='ltr'><strong>qualitate</strong></span> <span class='ocrx_word' id='word_1_277' title='bbox 778 4384 826 4447; x_wconf 92' lang='lat' dir='ltr'><strong>sui</strong></span> <span class='ocrx_word' id='word_1_278' title='bbox 842 4383 982 4468; x_wconf 74' lang='lat' dir='ltr'><strong>predas,</strong></span> <span class='ocrx_word' id='word_1_279' title='bbox 1001 4379 1145 4446; x_wconf 87' lang='lat' dir='ltr'><strong>obtinent</strong></span> <span class='ocrx_word' id='word_1_280' title='bbox 1166 4386 1353 4466; x_wconf 85' lang='lat' dir='ltr'><strong>potestatem</strong></span> <span class='ocrx_word' id='word_1_281' title='bbox 1369 4374 1516 4444; x_wconf 86' lang='lat' dir='ltr'><strong>iudicandi</strong></span> <span class='ocrx_word' id='word_1_282' title='bbox 1606 4428 1627 4479; x_wconf 44' lang='grc' dir='ltr'><strong>,η</strong></span> 
     </span>
    </p>
   </div>
   <div class='ocr_carea' id='block_1_19' title="bbox 0 0 1694 5092">
    <p class='ocr_par' dir='ltr' id='par_1_21' title="bbox 0 0 1694 5092">
     <span class='ocr_line' id='line_1_34' title="bbox 0 0 1694 5092; baseline 0 0"><span class='ocrx_word' id='word_1_283' title='bbox 0 0 1694 5092; x_wconf 95' lang='lat' dir='ltr'><strong> </strong></span> 
     </span>
    </p>
   </div>
  </div>
 </body>
</html>
