3350 5100
323 298 390 370 o36
773 321 981 371 arsenarum
1003 321 1053 370 rr.

410 441 438 496 si
458 457 522 497 reus
540 441 585 497 rel
604 443 665 497 eius
683 445 817 512 patronus
836 443 1064 514 prorogationem
1087 441 1240 513 postulans.
1260 443 1368 498 velita
1383 442 1501 513 denega·

321 548 398 604 tione
417 548 562 618 appellare
581 549 658 618 (nam
676 547 821 619 appellare
841 551 944 618 potest)
965 551 1070 620 poterit
1087 549 1158 605 haec
1176 551 1267 606 forma
1285 549 1422 605 adhiberi.

409 654 453 710 Ad
471 671 543 727 quse
562 655 720 725 praedictus
738 673 904 726 comparens
921 657 1073 727 replicavit
1090 673 1189 712 causas
1207 675 1225 710 a
1242 673 1273 711 se
1291 656 1426 711 adductas
1442 673 1502 712 esse

319 759 463 830 legitimas
473 766 503 818 et
515 761 594 816 nullo
612 761 695 816 modo
712 763 842 817 inventas
860 762 895 816 ad
913 762 1047 816 iudicium
1065 761 1262 826 differendum
1279 761 1398 832 proinde
1410 760 1506 831 appel·

320 867 391 922 lavit
408 868 443 922 ad
461 885 531 940 quos
547 868 582 924 de
601 869 663 925 iure
680 885 698 922 a
717 869 861 939 praedicta
878 870 1022 924 sententia
1039 874 1069 924 et
1086 869 1201 924 decreto
1219 875 1249 924 et
1269 873 1445 939 protestatus
1462 873 1505 922 est

319 973 354 1028 de
372 973 505 1030 nullitate
518 981 654 1042 actorum,
666 975 689 1028 si
703 975 738 1030 ad
751 975 888 1030 ulteriora
900 975 1074 1045 procedetur,
1089 980 1187 1044 petens
1201 973 1345 1046 apostolos
1356 975 1504 1041 instanter,

320 1081 528 1136 instantissime.
549 1083 623 1135 Acta
641 1085 706 1137 sunt
723 1080 794 1138 haec
811 1081 892 1136 die...
906 1081 1045 1136 mensis...
1059 1098 1170 1136 anno...

724 1225 785 1294 Ego
804 1222 839 1278 N.
852 1229 988 1294 patronus
1008 1229 1148 1318 proteptor
1166 1227 1197 1280 et
1217 1224 1342 1295 appelle,
1361 1229 1506 1294 utsupra.

726 1333 785 1402 Ego
804 1331 837 1385 N.
859 1331 990 1386 Vicarius
1008 1329 1166 1387 Generalis.

726 1439 787 1511 Ego
805 1437 839 1492 N.
860 1440 1022 1493 actuarius.

409 1613 437 1668 Si
456 1615 540 1670 iudex
559 1619 627 1670 tunc
645 1593 777 1670 maluerit
803 1617 1030 1686 prorogationem
1053 1616 1220 1684 concedere,
1238 1617 1325 1671 scribi
1350 1616 1506 1686 poteritis

321 1720 394 1775 hunc
413 1720 533 1775 modum.

409 1826 514 1882 Videns
532 1833 626 1882 autem
646 1828 815 1882 reverendus
828 1827 861 1881 N.
877 1827 1007 1882 Vicarius
1019 1828 1166 1883 Generalis
1184 1827 1423 1897 perseverantiam
1435 1825 1504 1880 dicti

320 1936 508 2004 comparentis
527 1937 553 1988 in
574 1935 750 2006 appelland0,
764 1941 793 1991 et
809 1935 989 2005 considerans
1007 1936 1089 2007 quod,
1102 1935 1230 2006 quamvis
1249 1934 1405 2006 appellatio
1417 1933 1505 2004 ipsius

320 2039 358 2095 sit
374 2041 484 2102 frivola,
504 2048 533 2097 et
552 2053 652 2098 causas
671 2043 799 2112 superius
817 2043 953 2097 adductae
972 2059 1027 2096 non
1047 2042 1201 2112 legitimas,
1220 2043 1311 2111 magis
1329 2045 1425 2095 tamen
1442 2055 1505 2110 pro·

282 2160 286 2167 ·
320 2146 480 2203 traheretur
492 2149 623 2202 iudicium
641 2150 670 2204 in
689 2149 723 2203 iis
735 2149 924 2216 discutiendis,
937 2165 1022 2220 quam
1035 2150 1064 2203 in
1077 2149 1254 2205 concedendo
1266 2149 1387 2219 petitum
1400 2164 1504 2203 norum

320 2253 485 2318 terminunu
499 2253 648 2324 prudenter
667 2253 819 2310 recedendo
832 2271 850 2307 a
862 2255 975 2309 decreto
993 2253 1190 2324 denegationis
1208 2256 1265 2308 iam
1282 2256 1368 2320 lacto,
1386 2253 1505 2306 indulsit

319 2361 406 2418 aliurn
426 2361 575 2416 terminum
593 2366 657 2416 octo
676 2361 784 2416 dierum
803 2363 839 2416 ab
859 2363 987 2431 expirato
1005 2363 1090 2432 priori
1110 2363 1231 2416 termino
1243 2359 1503 2431 computandorum.

320 2468 392 2521 Acta
410 2471 475 2520 sunt
493 2466 563 2522 haec
581 2466 661 2520 die...
681 2467 825 2522 mensis...
848 2483 958 2522 anno...

1066 2574 1127 2644 Ego
1145 2573 1179 2628 N.
1200 2574 1330 2628 Vicarius
1347 2573 1502 2629 Generalis.

1066 2680 1127 2751 Ego
1144 2680 1179 2735 N.
1198 2682 1358 2735 Actuariua

468 2936 583 2983 FORMA
606 2935 785 2984 SORIBENDI
810 2935 1126 2984 turannooaroltlos
1149 2935 1347 2983 anrlcunos.

408 3112 636 3183 interrogatoria,
652 3128 723 3183 quae
740 3110 893 3166 reverendo
912 3110 945 3165 N.
960 3110 1073 3165 vicario
1085 3109 1217 3165 Genersli
1237 3108 1355 3165 exhibet
1366 3109 1503 3163 Dominus

320 3217 353 3271 N.
372 3218 412 3273 rei
433 3218 571 3287 praetensi
585 3217 619 3271 N.
633 3222 775 3288 patronus,
789 3234 874 3287 supra
885 3218 988 3288 quibus
1000 3218 1153 3272 examinari
1167 3216 1292 3287 postulat
1304 3220 1394 3271 testes
1405 3232 1503 3270 omnes

320 3324 378 3396 (rel
396 3327 483 3380 testes
501 3324 535 3379 N.
553 3324 607 3395 N.).
631 3324 652 3378 l.
673 3325 753 3380 testie
773 3324 907 3379 Dominus
925 3322 960 3377 N.
979 3323 1184 3393 interrogetur;
1203 3339 1220 3376 a
1239 3337 1294 3393 quo
1316 3320 1381 3376 loco
1399 3320 1503 3377 viderit

321 3428 467 3481 Dominum
486 3427 519 3482 N.
540 3432 716 3497 praetensum
736 3442 821 3493 reum,
843 3424 976 3481 delictum
995 3426 1233 3490 committentem
1253 3441 1308 3496 qua
1326 3424 1362 3481 de
1374 3425 1502 3479 carmin

321 3535 373 3588 hoc
393 3534 454 3589 loco
472 3534 563 3589 dictus
585 3534 665 3589 testis
690 3538 749 3588 tuni
775 3536 903 3603 repertus
926 3534 1026 3587 fuerit:
1051 3549 1107 3604 quo
1132 3533 1161 3586 in
1186 3531 1249 3587 loeo
1271 3520 1360 3587 Nrerit
1384 3536 1452 3588 ante
1474 3536 1504 3586 et

320 3648 392 3713 post.
413 3646 438 3696 2.
458 3642 549 3697 Testis
569 3642 702 3697 Dominus
720 3640 753 3695 N.
773 3642 964 3709 interrogetur
982 3639 1024 3711 (et
1041 3641 1082 3695 sic
1101 3642 1241 3709 ponentur
1264 3644 1381 3694 coetera
1403 3653 1504 3709 oppor-

321 3758 389 3805 tune
419 3750 657 3819 interrogatoria).
686 3749 763 3812 Quae
793 3748 1013 3818 interrogatoris
1040 3764 1093 3817 ego
1121 3747 1316 3817 infrascriptos
1346 3744 1503 3803 reverendo

320 3858 405 3913 iudici
424 3858 456 3912 N.
478 3864 625 3928 praesento
644 3861 673 3911 et
691 3856 752 3911 deri
773 3855 892 3925 postulo.
914 3855 975 3924 Ego
992 3851 1026 3909 N.
1046 3856 1193 3909 Patronus.

572 4107 687 4156 FORMA
711 4104 921 4153 conaturum
946 4103 1252 4152 INTERROGATORIA.

318 4292 333 4328 ἰ
410 4282 598 4337 Consideratis
617 4285 645 4336 et
663 4282 736 4336 bene
756 4278 927 4350 ponderatis,
940 4295 990 4349 per
1002 4280 1185 4334 reverendum
1199 4277 1232 4334 N.
1245 4279 1392 4334 Vicarinm
1410 4279 1503 4336 Gene-

320 4388 418 4455 ralem,
427 4387 555 4443 articulis
567 4386 801 4457 interrogatoriis,
811 4385 921 4441 censuit
935 4383 1132 4455 corrigendum
1144 4401 1205 4440 esse
1218 4384 1368 4440 articulum
1382 4386 1502 4455 primum
