3350 5100
330 294 396 361 416
843 312 926 359 rans
950 312 999 358 111.

328 445 391 502 art.
417 438 446 503 ll
471 436 525 522 (cl.
554 436 624 500 Vol.
652 440 675 508 l,
702 458 732 501 n.
758 437 835 518 638)
867 436 977 503 iubent
1001 456 1063 523 non
1087 437 1255 522 oripinale
1282 435 1338 500 sed
1370 438 1505 521 copiam

328 584 498 648 processus
520 563 623 629 libere
639 562 786 627 exhiberi
811 582 914 647 posse.
931 562 993 627 Sed
1010 562 1105 627 bodie
1128 560 1257 627 difficile
1282 567 1415 627 nonest
1438 568 1505 629 lule

327 686 510 755 transferre
533 688 727 774 oripinalia,
752 689 858 773 prouti
881 693 959 753 tuuc
982 693 1062 751 erat.

417 816 492 881 354.
517 815 675 880 Instantis
689 834 746 879 seu
762 813 912 879 iudicium
937 814 1177 897 appellationis
1200 815 1399 879 instauratur
1421 814 1506 899 apud

329 941 464 1007 iudicem
488 941 668 1025 aliquem.
694 922 803 1014 Quare
827 940 924 1005 iudex
947 960 968 1006 a
992 960 1059 1024 quo
1083 942 1204 1026 exeipit
1230 940 1373 1006 libellum
1405 942 1506 1025 partis

327 1066 493 1152 appellare
523 1065 719 1149 expetentis,
744 1070 777 1128 et
806 1065 874 1129 suis
905 1064 1021 1130 littoris
1045 1062 1114 1147 (seu
1139 1064 1312 1148 apostolis)
1338 1065 1503 1137 munitum,

283 1275 288 1285 q
328 1194 389 1259 uisi
413 1194 484 1258 iure
508 1191 723 1277 respuendum
747 1210 819 1256 esse
842 1191 1030 1263 arbitretur,
1055 1190 1150 1255 iudici
1173 1190 1220 1255 ari
1243 1210 1343 1275 quent
1374 1192 1505 1255 remittit

328 1338 392 1385 uua
418 1339 490 1383 cum
514 1337 686 1401 necessu.
711 1317 814 1383 Iudex
842 1318 889 1382 acl
912 1336 1030 1401 quent,
1055 1318 1132 1381 visis
1155 1318 1252 1389 actis,
1278 1316 1436 1381 deliberat
1463 1336 1505 1381 an

328 1445 491 1509 instantia
522 1442 745 1528 appellationis
777 1442 987 1508 instauranda
1019 1444 1069 1509 sit.
1103 1443 1208 1540 Porro
1243 1450 1303 1507 art.
1334 1444 1403 1526 xl
1427 1444 1503 1509 lnst.

328 1568 439 1632 statuit
468 1567 702 1633 «Auctoritas
724 1568 837 1633 eccles
862 1567 1029 1649 superior,
1060 1572 1161 1648 capta
1190 1566 1380 1652 capnitione
1410 1570 1506 1632 actus

328 1692 575 1777 appellationis,
591 1692 697 1759 indici
712 1692 802 1759 iubet
817 1693 1007 1777 appellanti
1022 1698 1058 1757 ut
1073 1692 1171 1776 infra
1187 1694 1370 1759 terminum
1387 1693 1505 1780 oipinli

328 1818 463 1884 dierum
494 1817 709 1900 defensorem
735 1816 798 1883 sibi
829 1817 1008 1885 constituat
1035 1819 1095 1902 qui
1122 1818 1368 1901 approbandus
1390 1824 1438 1885 est
1461 1818 1504 1885 ab

328 1944 448 2008 eadem
467 1942 637 2025 superiori
660 1943 860 2010 anctoritate
877 1964 907 2007 a.
931 1943 1068 2010 Articuli
1090 1964 1204 2009 sensus
1223 1953 1281 2017 est,
1299 1944 1435 2010 iudicem
1458 1944 1505 2009 ad

329 2086 440 2152 quent,
464 2068 602 2153 cognitis
625 2068 714 2136 actis,
739 2066 922 2133 deliberare
945 2088 986 2132 an
1011 2068 1101 2133 locus
1125 2070 1166 2133 sit
1188 2068 1371 2137 imtantiae
1393 2069 1504 2154 appel·
1555 2158 1561 2169 ι

328 2192 474 2275 lationis,
503 2198 536 2260 et
565 2214 656 2259 suam
686 2193 951 2260 deliberationem
979 2197 1176 2281 participare
1202 2195 1298 2261 iudici
1326 2216 1347 2260 a
1377 2216 1444 2281 qno
1471 2202 1506 2261 ut

329 2318 474 2383 eamdem
496 2319 671 2385 denunciet
698 2321 882 2406 appellanti.
912 2320 975 2386 Vel
1001 2323 1067 2406 ipse
1091 2322 1188 2387 iudex
1211 2324 1381 2407 aliquem
1412 2324 1504 2387 istam

235 2427 239 2435 ¹
328 2445 502 2530 appellanti
535 2445 715 2517 denunciat,
741 2448 767 2510 si
791 2446 845 2511 hic
877 2451 1027 2515 versetur
1057 2448 1139 2532 apud
1164 2449 1286 2513 curiam
1318 2447 1431 2513 iudicis
1459 2448 1505 2513 ad

328 2589 439 2656 quein.
460 2571 526 2636 -Si
550 2573 703 2637 instantia
725 2571 912 2645 admittitur,
930 2577 1008 2639 tuuc
1030 2572 1070 2637 ad
1090 2573 1368 2658 prosequendam
1387 2574 1504 2656 appel·

329 2697 490 2763 lationem
514 2697 688 2783 appellanti
709 2700 860 2764 statuitur
876 2700 1033 2766 terminus
1056 2699 1175 2785 uipinti
1198 2699 1332 2765 dierum
1352 2705 1384 2764 et
1399 2700 1503 2785 appel-

327 2813 479 2888 lationem
499 2831 700 2905 prosecutus
723 2844 794 2890 esse
815 2825 1017 2910 intelligitur,
1035 2845 1107 2890 cum
1132 2826 1297 2890 constituit
1319 2846 1409 2890 suum
1430 2845 1504 2910 pro-

328 2953 513 3014 curatorem
536 2969 593 3014 seu
617 2949 831 3015 defensorem.
862 2951 1017 3016 Eumdem
1041 2951 1222 3016 terminum'
1233 2951 1504 3034 peremptorium

294 3100 297 3104 ·
329 3072 571 3158 praescribebat
593 3077 646 3140 cit.
673 3077 799 3140 Decret.
824 3095 854 3140 a.
882 3077 976 3142 1851.
1003 3113 1020 3125 -
1047 3079 1112 3141 isle
1141 3079 1297 3142 terminus
1321 3075 1360 3140 ed
1384 3095 1504 3158 prose·

329 3199 501 3282 quendam
532 3205 582 3266 est
608 3201 876 3284 peremptorius,
905 3209 1061 3286 quatenus
1094 3221 1156 3266 non
1188 3200 1282 3266 debet
1308 3200 1450 3266 secunda
1472 3205 1506 3266 et

329 3326 426 3389 teriia
451 3327 524 3390 vice
555 3307 657 3411 repeti
688 3326 893 3392 denunciatio
917 3327 972 3392 sed
996 3331 1154 3394 terminus
1178 3348 1242 3392 non
1269 3328 1378 3394 currit
1400 3327 1504 3410 impe·

330 3451 409 3519 dito.
427 3451 508 3517 lude
529 3457 591 3517 art.
617 3454 691 3518 XLI
711 3455 787 3518 lust.
807 3453 908 3521 iubet:
929 3475 946 3518 a
965 3455 1113 3522 Deciano
1131 3455 1193 3522 boc
1209 3459 1349 3520 tennino
1376 3473 1503 3521 renuu-

330 3597 452 3654 eroum
475 3597 603 3652 ausona
627 3598 810 3646 censoru»
839 3578 908 3664 (seu
931 3582 1008 3665 quin
1031 3584 1188 3646 terminus
1211 3580 1370 3645 dilationis
1394 3579 1506 3644 tuterit

238 3776 241 3782 ¹
329 3722 421 3767 suum
445 3704 608 3786 effectum,
625 3723 698 3769 cum
721 3701 811 3768 ferre
835 3709 950 3788 posset,
969 3704 999 3768 id
1016 3709 1074 3776 est,
1091 3703 1180 3768 nullo
1204 3703 1350 3768 obstante
1373 3701 1503 3786 impedi-

330 3827 461 3914 mento),
482 3832 636 3894 censetur
658 3829 837 3910 appellans
860 3829 1025 3896 nundum
1048 3829 1178 3896 misisse
1194 3828 1432 3912 appellationis
1456 3827 1505 3894 be-

329 3955 448 4039 neficio
465 3959 495 4021 et
510 3959 753 4039 consequenter
763 3960 945 4037 perempta
957 3956 1155 4022 declaratur
1171 3975 1193 4020 a
1208 3953 1379 4038 superiori
1394 3959 1505 4022 auclo-

329 4086 430 4152 ritate
447 4108 476 4149 r.

419 4207 495 4272 355.
519 4205 583 4272 Sed
604 4205 700 4272 hodie
722 4208 819 4270 etiam
842 4206 1019 4291 simplicior
1041 4211 1090 4271 est
1114 4207 1195 4270 ratio
1222 4203 1416 4290 procedendi
1440 4203 1503 4268 sal-

329 4337 396 4396 tem
420 4331 503 4416 apud
528 4331 559 4396 S.
577 4331 609 4396 G.
628 4333 695 4396 EE.
714 4336 747 4396 et
770 4331 1141 4417 saponariorum
1164 4335 1213 4396 est
1235 4351 1255 4394 a
1278 4329 1309 4396 S.
1327 4331 1361 4396 G.
1388 4330 1455 4394 ΕΕ.
1473 4333 1505 4394 at

332 4459 401 4526 ltu.
426 4459 480 4525 cit.
496 4459 669 4524 Decretum
691 4478 721 4522 a.
740 4457 836 4532 1856,
860 4459 1015 4542 quocirca
1038 4476 1102 4524 non
1125 4459 1297 4525 constituto
1321 4455 1502 4530 defensore,
