3350 5100
639 319 848 369 annaesruu
870 320 903 364 v.
1293 296 1358 363 617

178 440 213 497 ad
231 440 258 495 S.
277 440 375 496 Sedent
396 456 540 495 recurrere
558 440 709 508 debebunt,
727 440 800 495 sctis
817 438 950 494 omnibns
966 455 1030 493 cum
1048 439 1111 509 ipso
1129 455 1243 494 recursu
1267 441 1360 493 trans-

177 547 278 613 missis,
296 550 347 601 aut
366 544 467 601 saltem
486 544 638 615 diligenter
658 546 797 615 expositis
808 559 834 603 t.

181 724 283 790 Quoad
300 725 492 778 iuramentum
515 724 723 795 suppletorium
740 740 794 793 pro
814 733 904 777 status
930 725 1059 779 libertate
1077 725 1213 791 illorum,
1230 725 1279 795 qui
1297 741 1361 778 cum

267 849 335 887 nera
352 833 418 903 aopi
440 848 497 885 non
519 834 581 897 sint,
602 842 743 901 nequeunt
761 831 850 885 aliter
869 832 995 901 probare
1022 831 1179 885 libertatem
1200 831 1359 901 propriam.

268 970 295 1024 S.
308 970 434 1025 Officium
453 972 488 1025 ad
501 972 665 1027 instantiam
678 972 809 1043 Episcopi
822 971 856 1027 N.
869 971 902 1026 N.
916 973 965 1043 qui
978 974 1119 1028 relerebat
1131 988 1248 1042 magnas
1263 972 1361 1026 adesse

178 1076 357 1134 difficultates
369 1079 398 1133 in
417 1079 559 1150 probando
578 1083 654 1134 statu
674 1078 765 1135 libero
782 1079 818 1133 ad
837 1080 1048 1134 matrimonium
1067 1078 1159 1150 quoad
1177 1096 1234 1145 eos,
1246 1080 1293 1150 qui
1308 1094 1361 1133 nec

178 1182 244 1252 vagi
263 1188 329 1238 aunt
353 1200 405 1239 nec
429 1184 548 1251 milites,
567 1184 615 1245 sed
640 1190 744 1248 tamen,
771 1185 874 1256 quippe
896 1183 1082 1240 habitualiter
1106 1185 1236 1239 absentes
1254 1200 1272 1237 a
1290 1183 1362 1238 locis

178 1289 220 1344 sni
233 1290 379 1357 domicilii,
391 1306 445 1345 non
460 1296 574 1360 possunt
592 1291 721 1345 obtinere
739 1291 897 1360 appositam
910 1292 1122 1345 attestationem
1135 1288 1169 1344 ds
1182 1294 1258 1343 statu
1272 1288 1362 1344 libero

177 1400 268 1471 quoad
288 1404 398 1468 tempus
416 1399 573 1463 absentiae,
592 1398 731 1453 concessit
754 1399 929 1467 facultatem,
949 1399 1086 1469 rescripto
1111 1398 1166 1453 diei
1184 1400 1221 1453 30
1238 1398 1362 1454 Novem-

179 1503 237 1558 bris
257 1502 335 1571 1898,
353 1503 422 1557 istos
439 1520 497 1557 non
514 1520 600 1574 capos
620 1502 784 1589 admittendi
798 1502 832 1557 sd
846 1506 1037 1559 iuramentum
1052 1504 1269 1575 suppletorium,
1281 1504 1362 1558 iuxta

179 1610 392 1667 instructionem
411 1611 440 1665 in
459 1611 575 1665 Adrion.
595 1611 650 1666 diei
673 1612 682 1665 l
706 1612 789 1665 Febr.
811 1610 889 1665 1865.

268 1714 428 1782 instructio,
445 1732 530 1787 quam
549 1716 637 1771 latine
656 1714 750 1783 reddo,
769 1716 810 1771 ita
829 1732 860 1770 se
879 1714 979 1771 babet:

268 1820 288 1873 l.
308 1821 416 1892 Utrum,
430 1822 582 1892 Episcopus
599 1820 741 1892 obligetur
754 1823 788 1875 ad
802 1822 970 1892 probandam
990 1822 1150 1877 libertatem
1169 1825 1260 1875 status
1277 1836 1362 1891 spon·

179 1943 281 1995 sorum,
301 1929 348 1999 qui
368 1928 577 1983 matrimonium
596 1928 766 1983 contrahunt
787 1928 818 1983 in
842 1945 893 1982 sua
917 1927 1054 1994 dioecesi,
1072 1930 1138 1981 ante
1157 1926 1362 1996 publicationes

180 2050 236 2088 uns
254 2050 317 2089 cnm
337 2051 465 2105 processu
486 2036 609 2101 testium,
627 2036 755 2106 quamvis
779 2036 832 2106 ipsi
851 2036 945 2105 sponsi
970 2034 1121 2089 habuerint
1144 2049 1252 2104 semper
1275 2033 1364 2087 domi·
1454 2099 1459 2111 ⁹

179 2140 275 2195 cilium
294 2142 323 2195 in
341 2141 438 2198 eadem
457 2140 596 2199 dioecesi?

268 2248 353 2319 Resp.
372 2248 534 2305 Generatim
553 2248 691 2321 loquendo
710 2249 887 2306 affirmative.

269 2354 302 2408 ll.
314 2354 456 2416 Quaenam
475 2357 595 2427 amplior
610 2358 780 2427 significatio
798 2357 860 2411 dari
879 2357 967 2427 possit
978 2356 1197 2411 dennminatinni
1215 2373 1363 2427 caporum,

179 2466 210 2517 st
227 2466 321 2517 utrum
339 2463 426 2519 liceat
444 2464 581 2535 Episcopo
605 2465 755 2521 admittere
780 2465 814 2520 sd
840 2465 1043 2531 iuramentum,
1061 2464 1123 2519 loco
1149 2464 1362 2519 attestationum

180 2568 281 2626 (lorias
298 2575 328 2626 et
346 2588 491 2642 processus
510 2589 593 2642 super
612 2573 730 2629 testibus
750 2572 840 2644 quoad
859 2571 1040 2626 matrimonia
1058 2570 1181 2626 ineunda
1198 2572 1229 2626 in
1250 2571 1363 2641 propria

180 2677 308 2746 dioecesi,
327 2679 401 2747 illos,
419 2681 466 2753 qui
486 2697 549 2735 cum
569 2697 637 2737 vere
656 2682 722 2751 vagi
741 2697 795 2736 non
816 2683 882 2747 sint,
905 2685 1000 2735 tamen
1021 2681 1139 2737 diversis
1157 2681 1186 2736 in
1205 2681 1274 2736 locis
1289 2697 1365 2736 eom-

180 2788 282 2842 morati
301 2792 373 2855 sunt,
387 2793 416 2842 at
428 2787 575 2843 declarant
593 2805 624 2844 se
643 2793 729 2844 testes
747 2788 928 2859 suppeditare
943 2806 999 2843 non
1018 2805 1098 2857 posse
1110 2789 1203 2843 Curiis
1220 2806 1271 2858 pro
1288 2794 1363 2845 atte-

180 2891 348 2946 stationibus
366 2897 458 2946 status
476 2892 575 2959 liberi3
594 2899 623 2949 et
642 2895 671 2948 in
690 2909 795 2963 genere
813 2899 908 2948 utrum
929 2892 1027 2948 baberi
1052 2894 1160 2964 possint
1180 2893 1268 2948 veluti
1288 2896 1362 2966 vagi,

181 3002 319 3068 quatenus
337 2998 371 3052 de
390 2999 425 3052 iis
443 3000 565 3056 obtineri
584 3016 639 3056 non
661 3006 775 3070 possunt
794 3001 938 3070 expetitae
955 3001 1152 3056 attestationes
1170 3002 1204 3055 de
1222 3001 1363 3068 libertate.

180 3102 291 3157 eosdem
316 3103 489 3158 admittendo
507 3105 541 3158 ad
560 3105 748 3160 iuramentum
766 3104 857 3160 relate
875 3105 911 3160 ad
928 3123 963 3161 aa
980 3106 1052 3172 loca,
1070 3105 1103 3160 de
1122 3105 1223 3177 quibus
1247 3111 1365 3164 attesta·
1461 3085 1465 3096 Ι

180 3210 273 3266 tiones
290 3209 388 3268 baberi
406 3228 463 3267 nen
483 3211 616 3282 possum?

270 3318 353 3390 Reap.
373 3319 555 3389 Affirmativs,
574 3319 691 3375 durante
710 3320 821 3375 indulto
846 3321 1012 3376 admittendi
1030 3322 1066 3376 ad
1090 3322 1277 3377 iuramentum
1296 3339 1363 3395 sasp-

176 3427 348 3496 pletorium,
367 3431 396 3480 st
414 3428 532 3482 servatis
555 3428 684 3481 omnibus
703 3426 836 3482 clausulis
863 3428 892 3483 in
911 3428 1008 3484 eodem
1026 3427 1137 3483 indulto
1162 3430 1314 3498 contentis,
1333 3434 1364 3486 et

179 3531 328 3588 dummodo
345 3549 425 3586 mora
443 3533 472 3589 in
491 3549 656 3605 unoquoque
675 3533 738 3589 loco
756 3535 916 3604 vagationis
934 3552 991 3589 non
1008 3536 1162 3590 excesserit
1180 3553 1293 3591 annum.

270 3639 315 3693 lll.
330 3639 431 3694 Utrum
445 3641 642 3695 attestationes
661 3641 695 3696 ds
707 3645 783 3696 ststu
804 3641 904 3707 libero,
922 3642 1044 3697 debeant
1055 3643 1117 3698 fieri
1132 3659 1250 3713 semper,
1261 3643 1363 3698 nedum

181 3761 231 3815 per
249 3762 366 3802 examen
385 3747 509 3811 testium,
528 3747 576 3802 sed
595 3748 680 3802 etiam
699 3764 749 3817 per
767 3746 995 3818 publicationes?

269 3851 353 3922 Resp.
367 3850 546 3920 Regulariter
563 3851 703 3922 loquendo
714 3851 893 3919 affirmative,
908 3854 1018 3924 quando
1037 3868 1117 3907 mora
1135 3853 1363 3909 contrabentium

181 3957 310 4012 nonfuit
334 3958 468 4012 continua
491 3974 540 4028 per
562 3957 657 4028 plures
676 3975 764 4014 annos
787 3959 817 4014 in
836 3958 915 4023 loco,
932 3961 962 4015 in
986 3976 1042 4032 quo
1067 3953 1243 4016 contrabitur
1268 3961 1365 4016 matri-

181 4063 316 4118 monium.

264 4167 317 4222 lv.
337 4167 441 4224 Utrum
458 4185 492 4225 ea
510 4185 574 4240 pars
593 4170 787 4226 instructionis
805 4201 840 4214 -
858 4171 889 4227 Si
909 4173 1107 4228 contrahentes
1128 4175 1184 4226 stat
1207 4173 1290 4244 oapi,
1306 4189 1364 4228 non

177 4277 357 4344 procedatur,
369 4276 406 4328 ad
425 4275 566 4332 licentiam
585 4278 775 4344 contrahendi,
792 4279 849 4332 nisi
871 4280 991 4334 docem
1012 4296 1070 4350 per
1087 4280 1173 4349 fidem
1196 4280 1364 4335 Ordines-io·

179 4397 246 4436 rem
263 4397 382 4436 suanm
399 4396 459 4437 asae
478 4383 582 4438 liberos
601 4392 652 4438 eto.
671 4387 871 4439 -remaneat
893 4385 999 4456 absque
1024 4383 1140 4455 vigore,
1158 4387 1195 4441 ob
1212 4387 1371 4442 facultates
