3350 5100
311 263 377 326 504
826 281 909 324 rans
935 281 988 326 111.

313 406 513 489 rogatorium
535 401 674 468 addatur
697 422 743 467 ca
766 400 878 486 officio
897 423 918 466 a
938 403 1054 475 iudice,
1070 404 1123 467 vel
1139 424 1160 467 a
1175 403 1239 467 dei.
1256 409 1351 468 matr.
1369 401 1492 468 canoel·

311 529 413 594 larius
423 530 640 612 interrumpet
652 528 799 592 ordinem
812 531 1095 613 progressivumet
1106 527 1272 593 adnotabit
1282 531 1493 613 interrooota

311 653 492 739 eluofficio5
500 659 533 718 et
543 654 666 737 scripta
677 655 936 736 interrogatione
949 658 981 717 et
994 653 1212 737 responsione,
1221 659 1400 717 reassumet
1410 650 1493 716 ordi·

311 798 387 842 nem
411 779 653 864 progressivum
677 779 967 862 interrogationum
992 776 1209 842 exhibitarum
1231 795 1252 840 a
1271 776 1334 840 del.
1351 781 1444 840 matr.
1461 795 1492 838 a.

312 902 416 969 ludex
440 901 570 970 iubetur
591 902 723 968 dictare
745 905 988 987 responsionem
1012 903 1125 967 souin
1150 921 1326 986 congruam
1357 901 1503 966 formam
1550 917 1552 920 ·

312 1027 482 1112 redigere;
506 1026 593 1091 hanc
618 1029 859 1112 responsionem
892 1029 936 1093 ita
959 1027 1123 1093 dictatam
1146 1027 1233 1092 audit
1256 1035 1384 1114 puiset
1406 1026 1492 1091 illam

313 1156 425 1236 postea
447 1149 501 1214 vel
524 1151 670 1236 corrigit.
695 1149 748 1214 vel
771 1147 951 1214 confirmat.

403 1274 555 1340 Seorsim
569 1278 817 1360 interrogantur
828 1277 991 1361 coniuges,
1006 1277 1081 1340 ilem
1096 1281 1195 1340 testes
1209 1282 1242 1340 et
1258 1275 1354 1359 periti
1368 1281 1401 1338 et
1412 1273 1497 1338 dicta

313 1401 409 1465 unius
430 1401 528 1466 alteri
551 1399 722 1484 pandenda
745 1419 809 1463 non
834 1406 909 1464 sunt
932 1419 1096 1483 quousque
1120 1419 1291 1482 processus
1315 1419 1379 1463 non
1397 1397 1497 1463 luerit

313 1521 503 1606 publicatus,
516 1522 572 1586 sed
584 1542 650 1586 non
663 1522 853 1607 prohibetur
869 1522 969 1588 veluti
985 1524 1039 1586 uni
1056 1525 1184 1608 coniugi
1200 1523 1335 1588 alterius
1350 1523 1495 1606 coniuffl's

314 1648 365 1711 vel
378 1647 610 1732 integramvel
623 1666 665 1710 ex
678 1652 770 1732 parte
782 1648 1022 1711 attestationem
1035 1647 1156 1731 legere.
1165 1648 1350 1712 contestari.
1361 1647 1496 1729 quoties-

313 1788 450 1854 cumque
473 1770 537 1834 hoc
559 1769 720 1834 conducat
736 1768 777 1833 ad
796 1771 967 1833 veritatem
991 1769 1213 1854 detegendam.
1233 1805 1250 1818 ·
1272 1769 1398 1835 Coniux
1422 1789 1494 1834 exa-

313 1895 391 1959 mini
415 1894 578 1960 subiectus
601 1913 786 1979 proponere
808 1895 896 1960 valet
919 1893 1081 1961 articulos
1104 1915 1161 1960 seu
1179 1895 1375 1977 positiones,
1399 1913 1496 1978 super

314 2015 429 2099 quibus
451 2016 504 2079 vel
535 2016 620 2080 alter
651 2017 781 2087 coniux,
806 2017 860 2080 vel
887 2025 986 2082 testes
1012 2019 1269 2102 interrogentur,
1293 2020 1434 2101 itemque
1456 2017 1497 2082 ad

314 2148 394 2204 acta
416 2137 642 2223 probationum
669 2139 863 2205 documenta
893 2139 1056 2206 deducere
1087 2142 1182 2225 plane
1206 2147 1328 2226 potest,
1360 2159 1495 2224 quorum

314 2265 456 2328 omnium
480 2266 564 2328 ratio
588 2263 737 2328 habenda
751 2270 801 2328 est
814 2265 848 2328 in
865 2264 1081 2349 proponendis
1105 2266 1374 2350 interrogatoriis.
1393 2300 1410 2312 -
1429 2267 1497 2330 Imo

288 2388 556 2477 'percontandae
586 2395 661 2452 sunt
688 2396 797 2473 partes
821 2394 856 2453 ut
880 2390 1058 2474 proferant,
1087 2391 1112 2453 si
1143 2389 1264 2454 habent
1294 2389 1495 2454 documenta.

314 2517 371 2578 aut
393 2513 557 2579 articulos
577 2511 787 2597 componant,
812 2534 911 2599 super
935 2513 1048 2597 quibus
1079 2511 1159 2578 fiant
1189 2515 1450 2599 interrogatoria.
1479 2550 1495 2561 -

316 2639 394 2704 Gom
426 2640 537 2723 primis
567 2658 588 2702 a
617 2638 807 2723 coniugibus
843 2639 1066 2723 expostulandi
1103 2645 1178 2706 sunt
1209 2644 1304 2704 tester
1333 2640 1497 2721 septimae

314 2782 454 2833 manus,
480 2763 597 2847 quippe
620 2764 654 2827 hi
678 2769 778 2828 testes
800 2764 841 2828 ab
866 2766 943 2849 ipsis
966 2763 1155 2849 coniugibus
1183 2763 1381 2849 producendi
1406 2770 1496 2837 sunt;

315 2908 409 2953 secus
432 2887 585 2952 dicuntur
612 2888 746 2972 produci
770 2910 815 2954 eoa
839 2888 951 2981 ospicio
975 2896 1008 2953 et
1030 2885 1184 2954 differunt
1206 2908 1226 2952 a
1249 2889 1384 2953 testibus
1414 2894 1495 2971 cept.

315 3032 449 3078 macae.
475 3012 523 3078 of.
540 3033 639 3097 supra
654 3034 685 3077 n.
704 3014 779 3079 425.
797 3016 939 3078 Testium
955 3021 1062 3078 autem
1087 3021 1143 3078 aut
1166 3014 1337 3098 coniugum
1359 3032 1495 3079 examen

315 3137 419 3221 repeti
450 3138 555 3218 valet,
578 3145 645 3202 tum
677 3144 712 3201 ut
739 3138 977 3203 exhauriantur
1004 3138 1139 3203 articuli
1170 3137 1221 3200 vel
1249 3136 1435 3219 positiones
1457 3136 1497 3200 ab

315 3259 422 3325 altero
435 3262 572 3346 coniuge
587 3261 726 3341 deducti,
738 3270 806 3326 tum
821 3268 857 3327 ut
874 3282 956 3327 nova
969 3264 1169 3348 emergentia
1185 3262 1338 3327 adiuncta
1352 3280 1498 3327 necessa·

317 3384 833 3468 riasexcipiantdecla1·ationes;
853 3388 990 3471 itemque
1007 3386 1196 3451 conceditur
1213 3388 1338 3469 utrique
1358 3387 1497 3471 coniugi,

316 3508 507 3591 usquedum
523 3508 703 3593 publicatus
719 3509 818 3574 fuerit
841 3508 1021 3594 processus,
1040 3518 1073 3574 ut
1091 3515 1246 3594 expetant
1267 3528 1365 3595 super
1386 3510 1497 3575 iisdem

315 3642 372 3699 aut
388 3636 481 3699 novis
496 3636 643 3699 articulis
657 3635 711 3698 vel
728 3636 857 3701 eosdem
874 3636 926 3700 vel
943 3655 1043 3699 novos
1060 3640 1158 3700 testes
1175 3637 1383 3720 interrogari.
1409 3635 1498 3700 Idem

317 3780 396 3823 vero
427 3778 566 3823 examen
596 3762 622 3823 si
656 3780 721 3823 una
750 3760 897 3826 sermone
929 3780 992 3824 non
1024 3759 1226 3826 absolvatur.
1257 3760 1438 3846 completur
1464 3762 1497 3823 in

316 3879 439 3944 altera:
465 3879 504 3945 ad
530 3880 593 3945 hoc
615 3880 808 3946 advertatur
831 3900 863 3943 n.
889 3882 964 3947 228.

295 3987 299 3995 ⁸
407 4005 482 4069 477.
509 4007 546 4069 In
569 4008 720 4072 examine
746 4009 877 4073 testium
908 4006 1088 4071 servandae
1115 4013 1190 4071 sunt
1221 4026 1332 4071 omnes
1365 4007 1498 4091 regulae

317 4130 398 4193 iuris
429 4133 617 4217 communis,
643 4133 675 4195 in
703 4133 816 4215 primis
840 4136 875 4195 ut
897 4133 1039 4197 seorsim
1070 4131 1316 4216 interrogentur
1347 4136 1379 4194 et
1410 4133 1497 4195 iura-

318 4258 426 4317 mento
448 4252 702 4339 adstringantur.
729 4256 778 4319 Ad
801 4256 894 4333 haec,
923 4253 1042 4337 aliquid
1072 4255 1238 4340 singulare
1263 4262 1320 4326 est,
1346 4256 1497 4319 nimirum

319 4386 354 4442 ut
378 4379 632 4463 interrogatoria
654 4382 773 4445 clausa
796 4388 828 4445 et
851 4379 1030 4466 obsipoala
1052 4380 1224 4445 tradantur
1247 4399 1267 4443 a
1289 4380 1352 4445 def.
1377 4378 1497 4445 vinculi
