3350 5100
329 301 374 368 20
848 325 933 373 ress
956 325 979 370 1.
1008 309 1014 316 “

328 405 421 512 mans
431 465 569 533 poenam
580 449 644 512 iam
654 453 751 513 autea
762 448 860 513 latam
872 449 905 512 in
919 447 1151 528 Decretalibus,
1164 450 1199 512 et
1209 467 1229 511 a
1240 447 1328 512 Trid.
1342 446 1430 514 Sess.
1444 446 1506 520 23,

328 592 355 638 c.
373 572 408 655 8,
433 571 563 656 Dares.
587 573 645 639 sub
668 593 700 638 n.
717 573 778 653 III,
794 573 958 638 decernit:
976 592 995 636 a
1013 572 1278 656 suspensionem
1292 592 1361 656 per
1374 592 1507 639 annam

303 793 305 798 ,
327 698 370 765 ab
393 700 556 766 ordinum
578 699 876 765 administratione
897 700 972 782 ipso
994 700 1071 764 inre
1092 699 1286 779 incurrant,
1307 699 1507 765 ordinantes

326 825 478 892 alienum
500 824 673 891 subditam
695 826 799 891 etiam
821 825 884 892 sab
903 830 1088 909 praetentu
1111 824 1266 910 beneficii
1295 825 1410 891 statim
1432 843 1508 892 con

327 950 472 1032 serendi,
496 957 556 1016 ont
579 951 649 1015 iam
672 951 796 1022 cottati,
812 951 873 1016 sed
889 949 1030 1016 minime
1052 948 1258 1032 sufficientis,
1282 948 1410 1034 absque
1433 950 1509 1015 eins

328 1075 489 1158 Episcopi
501 1075 620 1142 titteris
631 1075 915 1168 dimissomatibas
916 1123 970 1139 .....
979 1096 1010 1138 ».
1026 1074 1075 1139 Ad
1086 1073 1332 1160 intelligentiam
1344 1079 1410 1139 art.
1423 1073 1507 1138 haec

328 1203 510 1263 teneantur.
527 1201 623 1265 quta
638 1198 691 1264 SS.
710 1197 858 1264 Oenones
881 1199 952 1282 quis
967 1197 1002 1263 tlt
1024 1197 1177 1270 subditus,
1195 1197 1235 1263 ad
1251 1194 1399 1262 effectum
1417 1196 1505 1261 ordi·

330 1326 477 1396 nationis,
494 1331 550 1389 aut
572 1327 698 1390 ratione
720 1324 873 1409 oripinis,
890 1329 947 1389 aut
963 1324 1088 1388 ratione
1110 1323 1283 1394 domicilii.
1308 1327 1365 1388 aut
1379 1323 1507 1387 ratione

327 1448 585 1531 familiaritatis,
602 1456 657 1513 aut
680 1449 807 1513 ratione
823 1448 982 1533 beneficii.
1000 1448 1083 1523 Quia
1103 1449 1154 1513 isti
1169 1449 1233 1513 duo
1249 1447 1404 1534 postremi
1418 1447 1505 1512 tituli

328 1575 469 1660 pendent
492 1594 519 1638 a*
531 1576 697 1640 voluntate
720 1575 881 1670 Episcopi.
901 1577 951 1640 ius
974 1581 1068 1640 cavet
1092 1595 1133 1639 ne
1155 1574 1275 1639 exinde
1297 1574 1389 1638 fraus
1411 1571 1506 1637 subo·

328 1703 449 1774 riatur;
473 1699 681 1784 quamobrem
704 1701 778 1764 heio
802 1699 952 1784 prohibet
974 1719 1016 1763 ne
1038 1701 1109 1784 quis
1132 1697 1189 1764 liat
1211 1698 1357 1764 subditus
1381 1699 1507 1762 ratione

329 1825 478 1910 beneficii
493 1823 777 1909 nonsufficientis,
796 1824 836 1889 ad
852 1843 1028 1910 congruam
1045 1843 1162 1906 nempe
1176 1824 1457 1897 sustentationem
1474 1827 1508 1886 et

329 1950 537 2015 innocentius
554 1950 617 2014 Xll
644 1951 676 2013 in
693 1954 794 2014 const.
811 1949 1057 2032 Speculatores,
1074 1924 1221 2014 decrevit
1236 1951 1270 2013 in
1285 1949 1502 2032 propositum:

330 2091 348 2134 ‹
366 2070 507 2137 Sublata
522 2089 737 2156 quacumque
758 2069 922 2154 facultate
943 2071 1127 2153 supplendi
1142 2071 1236 2156 qnod
1250 2070 1408 2155 deficeret
1427 2067 1506 2152 sra-

328 2193 434 2260 ctibns
453 2194 603 2260 ciusdem
618 2193 778 2280 beneficii,
796 2214 874 2260 cum
888 2195 1081 2261 ,adiectione
1092 2194 1297 2278 patrimonii
1311 2194 1414 2260 etiam
1430 2193 1508 2276 pin-

328 2319 415 2405 quis,
439 2319 531 2404 quod
554 2319 628 2401 ipsc
656 2320 873 2386 ordinandus
901 2320 940 2384 in
962 2339 1012 2393 eo,
1037 2321 1089 2384 oet
1111 2319 1234 2403 quoom
1260 2319 1332 2384 clia
1361 2318 1505 2385 dioecesi

328 2446 537 2514 obtineret».

348 2574 353 2581 '
417 2571 525 2637 const.
550 2569 615 2652 Ap.
633 2569 710 2635 Sed.
734 2574 907 2654 praeterea
929 2570 1041 2636 statuit
1063 2570 1264 2634 sanctionem
1286 2569 1506 2654 suspensionis

256 2720 258 2723 ·
327 2698 424 2759 etiam
456 2694 612 2759 adversus
642 2692 828 2759 ordinantes
858 2694 1006 2778 proprios
1036 2692 1178 2758 subditos
1209 2692 1330 2777 absque
1360 2694 1504 2758 testimo·

327 2820 464 2886 nialibus
486 2820 604 2886 litteris
621 2818 786 2885 Ordinarii
802 2820 877 2891 loci,
894 2820 927 2883 in
947 2838 1009 2903 quo
1025 2824 1115 2883 tanto
1130 2825 1277 2903 tempore
1295 2820 1346 2884 isti
1362 2838 1505 2884 commo·

328 2947 391 3010 rati
414 2916 498 3025 sunt,
522 2949 557 3008 ut
579 2944 775 3010 contrahere
791 2945 953 3027 potuerint
976 2942 1247 3028 impedimentum,
1264 2943 1446 3008 decernens
1470 2945 1504 3007 in

324 3074 416 3153 part.
440 3070 592 3135 secondo
614 3069 667 3134 cit.
691 3072 790 3133 art...
809 3089 826 3130 ι
843 3070 895 3134 oet
919 3069 1021 3133 ctiam
1043 3067 1214 3134 subditam
1230 3068 1427 3150 proprium,
1444 3068 1506 3151 qni

327 3191 409 3258 olibi
426 3197 517 3258 tanto
534 3198 685 3273 tempore
699 3196 854 3257 moratus
875 3192 926 3263 sit,
942 3198 982 3257 nt
1000 3193 1204 3258 cononicam
1222 3191 1505 3273 impedimentum

327 3316 528 3385 contrahere
541 3315 588 3383 ibi
599 3316 757 3399 potnerit.
775 3315 902 3400 absque
918 3315 1096 3382 Ordinarii
1112 3316 1185 3382 eins
1201 3318 1266 3383 toci
1280 3316 1399 3382 titteris
1414 3316 1503 3406 testi·

327 3441 531 3509 maniatibns
556 3462 586 3505 ›.
611 3440 720 3523 Quare
745 3441 826 3505 haec
849 3440 956 3505 Gonst.
981 3441 1130 3505 limitavit
1152 3440 1192 3505 ad
1215 3461 1334 3513 noum,
1359 3442 1506 3525 quamvis

328 3568 515 3652 genericum
532 3585 651 3638 casum,
668 3584 838 3629 censuram
862 3566 1079 3649 suspensionis
1102 3583 1185 3649 quae
1203 3567 1235 3629 in
1251 3564 1360 3657 (toust.
1378 3566 1505 3647 Specu-

328 3693 452 3757 latores
480 3689 671 3772 respiciebat
694 3687 803 3773 plures
826 3694 858 3753 et
880 3688 1111 3754 determinatos
1141 3710 1244 3761 casus,
1269 3691 1394 3755 scilicet
1415 3710 1503 3755 com-

327 3816 514 3879 morationis
536 3814 667 3879 habitae
683 3815 735 3878 vel
752 3815 784 3877 in
800 3814 872 3878 loco
887 3815 1031 3899 originis,
1049 3814 1099 3879 vel
1117 3813 1279 3885 domicilii,
1295 3820 1351 3879 aut
1373 3817 1406 3879 in
1429 3814 1504 3880 loco

327 3939 545 4005 occidentalis
561 3940 753 4012 nativitatis;
777 3958 872 4020 quam
889 3957 1035 4001 normam
1058 3940 1085 4003 si
1109 3939 1397 4023 transgrederetur
1415 3935 1503 4003 ordi-

328 4084 418 4141 nans,
431 4065 505 4146 ipso
520 4063 612 4144 sacto
628 4083 801 4147 suspensus
817 4070 888 4125 erat
903 4082 962 4147 per
976 4081 1096 4127 annum
1108 4082 1128 4126 a
1139 4062 1316 4129 collatione
1331 4063 1500 4139 ordinum;

328 4186 493 4251 ordinatus
517 4206 595 4251 vcro
618 4186 658 4250 ab
681 4186 839 4250 exercitio
862 4184 1010 4249 ordinum
1028 4187 1110 4249 male
1125 4192 1347 4271 susceptorum
1369 4186 1501 4259 tamdiu,

326 4311 475 4394 quamdiu
497 4312 639 4394 proprio
657 4309 832 4376 Ordinario
853 4309 1020 4375 videbatur
1044 4311 1208 4394 expedire.
1233 4313 1277 4376 At
1300 4312 1395 4377 hodie
1418 4311 1502 4376 ordi·

326 4440 421 4501 natus
447 4435 621 4500 nullimode
648 4454 787 4499 censura
813 4440 951 4516 tenetur,
983 4434 1137 4500 ordinans
1162 4438 1196 4500 in
1225 4457 1302 4502 casu
1330 4442 1455 4501 tantum
1482 4456 1502 4501 a
