3350 5100
644 312 852 359 nausearum
876 312 897 357 1.
1296 293 1363 359 575

272 436 392 489 XXXV.
413 434 480 489 Post
498 440 593 488 votum
614 434 806 488 procuratoris
829 434 934 487 fiscalis
952 438 981 488 et
999 434 1178 489 deductiones
1196 434 1364 489 defensionis

183 544 322 613 profertur
341 544 480 597 sententia
502 541 632 595 dictando
650 541 841 611 dispositivam
861 541 1038 595 CanceIIam'o
1055 558 1119 595 cum
1138 542 1270 611 explicita
1288 558 1365 595 men·

181 636 267 716 tione,
286 652 313 703 in
333 666 398 703 casu
419 649 614 715 damnationis,
633 650 784 703 canonicae
801 649 964 712 sanctionis,
983 652 1114 703 accusato
1132 648 1297 717 applicatae.

272 756 403 812 XXXVI.
423 758 570 813 Sententia
594 756 726 810 indicitur
745 760 914 825 praevento,
933 757 980 827 qui
999 756 1218 825 appellationem
1241 756 1365 824 interpo-

182 880 250 919 nere
268 869 360 933 potest
378 864 412 917 ad
430 863 631 917 auctoritatem
650 861 868 917 ecclesiasticam
889 866 1102 930 competentem.

272 970 416 1024 XXXVII.
436 970 491 1025 Pro
510 969 699 1040 appellatione
718 975 866 1023 servantur
879 984 992 1023 normae
1005 974 1129 1023 statutae
1147 985 1164 1023 a
1180 967 1274 1023 Const.
1287 980 1305 1023 a
1318 971 1364 1023 Ad

182 1080 357 1135 militantis»
375 1096 396 1131 s.
411 1095 452 1130 m.
472 1077 572 1131 Bened.
594 1076 667 1143 XIV,
681 1075 715 1129 ³0
736 1076 832 1129 Martii
855 1076 933 1141 1742,
951 1075 1079 1147 aliaeque
1097 1081 1244 1131 emanatas
1262 1078 1298 1130 ab
1311 1076 1364 1131 hac

182 1183 282 1254 Congr.
303 1184 419 1239 Decreto
442 1184 473 1238 18
495 1182 622 1239 Decemb.
645 1182 722 1245 18³5,
741 1189 770 1237 et
787 1182 886 1237 littera
904 1182 1034 1236 circulari
1054 1183 1078 1234 d.
1102 1183 1110 1235 l
1134 1186 1205 1253 Aug.
1228 1182 1304 1238 1851.

272 1290 426 1345 XXXVIII.
447 1289 617 1359 comparitio
637 1304 686 1358 pro
704 1288 894 1358 appellatione
913 1288 1040 1342 facienda
1058 1293 1101 1343 est
1118 1290 1191 1345 lutra
1213 1290 1362 1344 terminum

182 1400 275 1453 decem
293 1400 400 1453 dierum
413 1415 430 1451 a
444 1398 634 1453 notificatione
650 1398 816 1465 sententiae,
829 1414 886 1467 quo
897 1398 1018 1451 termino
1031 1397 1170 1452 inutiliter
1185 1397 1289 1467 elapso,
1302 1414 1364 1452 sen·

182 1506 272 1561 tentia
290 1506 350 1574 ipsa
369 1506 396 1557 In
416 1504 590 1559 executionis
608 1506 684 1557 statu
704 1508 839 1557 versatur.

272 1610 404 1665 XXXIX.
431 1608 598 1679 InterposIta
622 1608 810 1678 appellatione
835 1610 911 1663 intra
934 1610 1028 1665 decem
1052 1609 1124 1675 dles,
1150 1608 1235 1663 Curia
1258 1611 1363 1680 absque

181 1734 260 1772 mora
273 1718 393 1771 remittit
404 1717 438 1769 ad
451 1716 647 1771 auctoritatem
663 1714 882 1769 ecclesiasticam
895 1717 1075 1784 superiorem,
1088 1714 1160 1785 apud
1172 1732 1255 1786 quam
1268 1716 1363 1785 appel·

181 1825 252 1901 latio
270 1826 344 1879 sacta
363 1831 414 1887 est,
427 1824 521 1877 omnia
539 1827 603 1876 acta
615 1838 715 1876 causae
728 1820 887 1889 originalia,
904 1820 931 1873 id
951 1824 994 1875 est
1013 1836 1180 1888 processum,
1193 1821 1362 1887 restrictum,

182 1931 356 1986 detensiones
374 1934 403 1985 st
422 1928 598 1984 sententiam.

271 2036 331 2090 XL.
351 2036 512 2089 Auctoritas
530 2034 722 2089 ecclesiastIca
739 2032 874 2101 superior,
893 2038 976 2101 capta
994 2034 1155 2103 cognitione
1171 2039 1250 2088 actus
1267 2032 1364 2102 appel-

182 2142 304 2206 lationis,
319 2142 449 2196 intimare
468 2143 536 2196 IacIt
555 2141 709 2211 appellanti
724 2146 755 2195 ut
767 2142 841 2193 Intra
854 2140 1003 2195 terminum
1022 2141 1124 2209 viginti
1137 2140 1243 2196 dierum
1264 2140 1362 2195 Deten-

146 2228 147 2233 ἵ
182 2264 271 2304 eorem
292 2250 453 2312 constituat,
472 2250 518 2319 qui
538 2249 684 2317 approbari
705 2248 805 2302 debeat
823 2248 859 2300 ab
877 2246 975 2301 eadem
993 2248 1129 2316 superiori
1149 2249 1325 2301 auctoritate.

271 2354 342 2409 XLI.
356 2354 458 2423 Elapso
470 2354 544 2407 dicto
557 2355 677 2408 termido
690 2352 878 2422 peremptorio
891 2353 994 2423 absque
1007 2352 1117 2416 effectu,
1127 2358 1256 2407 censetur
1268 2351 1363 2420 appel·

181 2461 287 2517 lautam
306 2463 437 2517 nuncium
457 2462 564 2515 misisse
583 2460 780 2530 appellationis
798 2460 944 2524 beneflcio,
959 2466 988 2513 st
1006 2458 1075 2513 haec
1094 2462 1297 2528 consequenter
1315 2474 1360 2527 ps-

88 2619 92 2626 .
182 2577 289 2640 rempta
308 2571 465 2625 declaratur
485 2587 501 2624 a
520 2569 669 2640 Superiore
691 2570 876 2623 auctoritate.

270 2677 354 2732 XLII.
376 2678 466 2738 Quum
488 2675 641 2746 appellatio
667 2675 826 2744 producItur
846 2691 863 2728 a
881 2673 1022 2728 sententia
1040 2672 1160 2727 alicuius
1178 2671 1278 2726 Cumae
1297 2672 1362 2742 Epi·

181 2784 300 2852 scopalis
319 2783 353 2837 ad
380 2783 640 2852 Metropolitanum,
661 2779 908 2851 Archiepiscopus,
928 2795 979 2849 pro
997 2779 1158 2848 cognitione
1176 2784 1205 2832 et
1223 2778 1361 2832 decisione

181 2907 281 2944 causae
300 2891 427 2960 sequitur
445 2905 570 2943 normam
590 2887 754 2958 procedendi
773 2888 803 2940 in
822 2885 875 2940 hac
894 2887 973 2942 Iastr.
993 2886 1135 2939 traditam.

271 2993 367 3049 XLIII.
388 2993 415 3048 Si
436 2996 581 3063 contIngat
600 2993 672 3064 quod
691 2992 829 3058 Clericus,
850 2995 1053 3046 nonobstante
1076 2990 1129 3044 fori
1149 2990 1306 3059 privilegIo,
1324 2992 1360 3044 ob

182 3099 300 3154 crimina
318 3099 476 3153 communia
488 3099 654 3152 subiiciatur
673 3097 812 3167 processui
825 3101 856 3152 et
870 3095 972 3150 iudicio
989 3095 1079 3149 laicae
1098 3095 1253 3164 potestatis,
1266 3094 1361 3148 hocin

182 3223 256 3273 casu,
275 3208 454 3260 summariam
479 3207 564 3260 sumit
586 3206 726 3260 criminosi
751 3205 818 3258 facti
845 3203 1035 3272 cognitionem
1052 3205 1137 3270 atque
1161 3201 1307 3270 perpendit
1324 3217 1361 3256 an

181 3315 286 3384 ipsum,
304 3313 339 3366 ad
358 3313 462 3367 tradita
480 3329 528 3383 per
547 3331 583 3366 ss.
602 3313 743 3378 Ganones,
761 3311 854 3365 iocum
873 3310 960 3364 Iaciat
981 3308 1128 3371 infamiae,
1148 3306 1361 3376 irregularitati,

181 3425 230 3486 aut
248 3423 296 3475 alii
316 3420 523 3476 ecclesiasticae
542 3421 688 3476 sanctioni.

305 3531 318 3594 l
339 3530 361 3582 l.
382 3529 474 3583 Donec
493 3527 626 3582 iudicium
647 3527 773 3596 pendeat,
792 3532 842 3581 aut
863 3533 1009 3580 accusatus
1027 3522 1157 3578 detentus
1174 3521 1221 3588 sit,
1240 3521 1360 3589 prudens

181 3635 313 3705 estquod
333 3634 495 3688 Ordinarius
513 3632 618 3687 limitet
636 3649 665 3687 se
685 3631 718 3686 ad
738 3631 828 3686 modia
848 3631 1011 3700 provisoris.

304 3743 318 3808 l
336 3743 361 3794 2.
381 3741 500 3810 Expleta
516 3745 609 3794 tamen
629 3738 732 3793 iudicio
751 3741 780 3793 et
797 3737 888 3791 libero
907 3736 1015 3790 reddito
1032 3737 1173 3798 accusato,
1184 3732 1269 3786 Ousia
1279 3732 1360 3787 iuxta

181 3848 286 3902 exitum
308 3849 551 3914 informatIonum,
570 3863 621 3903 ceu
641 3847 767 3916 superius
791 3847 1011 3913 assumptarom,
1031 3840 1155 3912 procedit
1172 3839 1206 3894 ad
1232 3840 1360 3894 mamitos

181 3953 391 4022 disposItionum
411 3955 564 4022 praesentis
583 3953 665 4007 lnetr.
698 3941 722 4022 ,'

270 4058 368 4113 XLIV.
388 4059 417 4112 In
436 4061 546 4112 casibus
570 4058 662 4112 dubiis
681 4064 710 4112 et
728 4059 757 4112 in
777 4057 864 4111 variis
890 4054 1020 4124 practicis
1043 4053 1268 4119 difficultatibus,
1287 4067 1359 4122 quae

180 4168 343 4236 contingere
355 4167 469 4235 possint,
479 4167 617 4220 OrdInarii
631 4165 778 4219 consulant
791 4163 863 4217 hanc
877 4162 905 4216 S.
916 4161 1169 4230 Congregationem
1183 4159 1216 4212 ad
1231 4157 1359 4212 altandas

180 4273 372 4326 contentiones
391 4277 420 4326 et
439 4271 593 4325 nullitatss.

1422 746 1432 775 t
