3350 5100
302 300 367 364 478
804 314 888 363 sess
913 315 962 362 ιιι.

300 444 361 507 dae
377 443 429 507 vel
445 443 563 507 tertiae
587 443 758 509 instantiae
782 442 964 526 respective
987 439 1292 512 subministrabitur,
1310 442 1362 524 qui
1380 457 1478 523 pecu·

301 586 373 633 nias
389 586 432 632 ex
450 567 579 632 mulctis
601 586 734 631 suorum
757 564 968 631 tribunalium
992 564 1150 637 redactas,
1169 564 1220 629 vel
1239 563 1431 650 redigendas
1447 568 1479 628 et

302 696 335 759 in
350 712 451 779 opera
466 696 519 779 pia
534 692 716 779 erogandas
730 694 764 757 in
779 691 961 757 huiusmodi
977 696 1121 776 sumptus
1137 693 1301 757 insumere
1316 694 1477 775 poterunt.

301 820 381 885 (lum
405 803 628 885 vero'iudices
650 836 768 885 causae
791 826 889 883 erunt
911 816 1032 883 iudices
1054 816 1277 889 commissarii,
1298 816 1352 899 qui
1375 832 1478 899 neque

300 941 409 1006 forum
432 940 553 1007 habent
569 947 601 1007 et
616 946 854 1025 consequenter
878 959 982 1024 neque
1006 943 1176 1025 pecuniam
1201 959 1243 1004 ex
1267 939 1394 1007 mulctis
1417 938 1478 1007 col·

301 1068 430 1147 lectam,
458 1067 604 1132 volumus
627 1070 661 1131 et
683 1064 870 1131 mandamus
893 1071 929 1129 ut
951 1062 1115 1130 defensori
1146 1068 1241 1129 matr.
1272 1060 1405 1129 satisfiat
1436 1080 1477 1127 ex

301 1191 439 1277 pecunia
461 1191 655 1257 muletarum
677 1190 764 1255 illius
778 1190 940 1275 Episcopi,
957 1192 989 1255 in
1005 1190 1096 1255 cuius
1116 1188 1255 1257 dioecesi
1279 1188 1377 1256 iudex
1393 1206 1477 1253 com-

302 1316 476 1389 missarius,
500 1316 592 1381 iuxta
615 1313 707 1385 Sedis
730 1316 842 1400 Apost.
866 1314 1060 1395 mandatum,
1084 1312 1237 1381 iudicium
1264 1311 1432 1381 exercebit
1448 1331 1477 1377 a.

303 1439 408 1505 Hodie
431 1408 583 1525 Episcopi
606 1442 633 1504 si
657 1460 676 1505 e
700 1438 856 1505 reditibus
878 1436 1050 1505 tribunalis
1074 1437 1245 1505 consulere
1268 1456 1333 1503 non
1349 1437 1480 1501 valeant

302 1567 378 1634 huic
400 1564 543 1640 officiali,
559 1566 649 1633 hunc
671 1566 796 1651 eligere
817 1564 949 1635 student
973 1585 991 1629 e
1015 1570 1108 1631 coetu
1131 1561 1407 1644 beneficiatorum,
1423 1563 1478 1646 qui

302 1690 382 1756 alins
405 1689 525 1756 babeat
546 1708 710 1775 congruos
733 1687 855 1754 reditus
878 1688 918 1753 ab
943 1688 1101 1755 Ecclesia.

392 1816 467 1881 448.
492 1815 596 1889 Quum
620 1820 685 1879 tam
708 1833 828 1899 graves
850 1814 915 1879 sint
938 1812 1150 1898 obligationes
1180 1811 1361 1877 defensoris
1384 1816 1478 1877 matr.

302 1944 430 2024 oportet
444 1938 664 2005 determinare
679 1956 803 2010 causas,
821 1938 854 2001 in
870 1936 983 2021 quibus
998 1935 1190 2005 necessario
1209 1938 1334 2021 partem
1357 1934 1479 2000 habere

302 2062 406 2130 debet.
423 2099 440 2111 -
459 2063 607 2126 lamvero
630 2064 663 2125 in
687 2061 840 2133 themate.
858 2062 934 2144 quia
952 2062 1060 2146 agitur
1075 2060 1115 2125 de
1134 2062 1241 2127 causis
1264 2058 1479 2127 iudicialibus

302 2207 361 2253 seu
383 2188 603 2267 contentiosis,
627 2184 703 2253 huic
725 2185 888 2252 defensori
914 2205 978 2251 non
1001 2190 1051 2251 est
1072 2186 1162 2251 locus
1187 2182 1220 2270 a)
1245 2185 1277 2249 in
1302 2186 1407 2251 causis
1422 2184 1479 2249 mi·
1577 2242 1579 2247 .

302 2314 389 2380 nime
403 2310 635 2397 ,contentiosis
661 2310 771 2385 Quare
794 2310 826 2377 S.
848 2310 882 2376 G.
907 2308 1234 2378 Concdie291cn.
1253 2306 1345 2375 1853
1368 2307 1478 2374 dubio:

305 2437 465 2505 «Utrum
495 2456 522 2503 s.
548 2457 593 2502 m.
625 2437 749 2502 Bmed.
777 2434 870 2501 XIV
892 2434 1001 2502 const.
1030 2435 1091 2501 Dm
1120 2452 1350 2502 miscuerimus
1377 2434 1479 2505 elium
1527 2414 1530 2423 ⁵

302 2563 417 2648 quoad
439 2563 518 2630 illos
541 2564 680 2645 nuptias
702 2563 746 2628 sit
766 2560 949 2635 amarando,
966 2579 1063 2646 quoe.
1083 2579 1217 2643 perse,
1238 2577 1305 2642 pro
1330 2559 1479 2626 coelestu-

302 2684 392 2750 sticis
422 2685 652 2751 matrimoniis
681 2685 775 2750 nullo
804 2689 905 2766 paolo
937 2683 1054 2750 hubert
1084 2688 1213 2768 queunt
1243 2701 1289 2749 cm
1318 2701 1356 2749 eo
1387 2681 1479 2766 quod

302 2826 412 2893 neque
426 2809 464 2874 in
477 2808 568 2888 facie
592 2810 760 2876 Ecclesiae
783 2809 1101 2895 quomodocumque
1122 2809 1239 2876 ualido
1262 2808 1378 2891 formo
1400 2825 1479 2874 cou-

303 2936 432 3006 troctue
445 2931 589 3014 fuerumt
605 2949 636 3006 ›;
652 2931 831 3016 respondit:
851 2951 869 2994 r
886 2931 930 2998 Iu
944 2951 1027 2998 cusu
1041 2935 1148 3015 prout
1164 2931 1359 3014 seponitur,
1376 2897 1478 3015 nepo-

302 3055 367 3120 tioe
382 3075 414 3117 a.
439 3055 482 3120 Et
504 3057 576 3120 iure
598 3057 714 3121 merito
736 3055 970 3128 consideratur,
989 3057 1021 3120 in
1041 3056 1151 3140 primis
1175 3074 1217 3120 an
1241 3055 1478 3122 matrimonium

302 3178 415 3242 initum
431 3178 473 3242 sit
487 3177 524 3242 iu
542 3175 633 3259 facie
647 3177 831 3260 Ecclesium
846 3181 1108 3261 quotiescumque
1131 3178 1216 3244 enim
1241 3177 1478 3242 matrimonium

303 3300 500 3368 celebratum
513 3306 563 3366 est
575 3304 607 3365 in
619 3300 704 3367 iacie
716 3301 894 3382 Ecclesiae,
909 3301 1016 3368 valida
1028 3303 1144 3384 forma,
1157 3303 1395 3368 matrimonium
1404 3319 1480 3384 pos-

300 3426 389 3492 sidet
402 3431 435 3490 et
452 3426 517 3516 nisi·
530 3427 731 3492 contrarium
753 3425 919 3511 probetur,
938 3425 1197 3512 respondendum
1213 3431 1262 3492 est
1280 3445 1349 3510 pro
1363 3427 1480 3494 valore

302 3555 402 3614 actus.
421 3548 500 3615 lnde
520 3551 553 3614 in
569 3551 666 3618 citato
682 3549 815 3616 decreto
837 3551 870 3617 S.
887 3548 996 3618 Officii
1011 3551 1080 3618 diei
1094 3549 1119 3617 3
1135 3551 1211 3618 ium.
1227 3550 1318 3618 1889
1333 3549 1478 3622 edicitur,

302 3673 520 3751 interventum
535 3672 716 3740 defensoris
731 3680 826 3740 matr.
843 3676 1061 3742 necessarium
1085 3695 1214 3762 semper
1229 3694 1301 3742 esse
1317 3676 1349 3742 iu
1360 3673 1479 3758 ptimo

301 3799 464 3864 instantia.
500 3799 552 3865 Uti
583 3803 688 3883 patet.
720 3799 858 3866 relatum
893 3801 1087 3885 rescriptum
1120 3801 1254 3886 respicit
1283 3801 1478 3886 potissimum

300 3921 383 3995 loca,
400 3919 453 3986 ubi
474 3919 595 3988 concil.
612 3920 700 3987 Trid.
725 3922 920 4008 publicatum
938 3927 996 3988 est.
1014 3922 1077 3990 Sed
1093 3925 1192 3990 etiam
1206 3923 1311 4008 quoad
1329 3923 1395 3988 alia
1409 3923 1480 3990 loca

301 4043 563 4128 impedimentum
586 4043 776 4126 impediens
797 4045 1078 4113 clandestimitulis
1093 4045 1272 4112 attenditur
1287 4045 1391 4130 quoad
1407 4041 1482 4116 effe·

301 4170 389 4231 otum
414 4164 584 4230 iuridicum
607 4166 818 4233 stabiliendae
836 4168 1071 4252 possessionis.
1096 4168 1128 4250 b)
1146 4169 1253 4236 (lonst.
1271 4167 1480 4234 Benedictina

302 4309 431 4375 semper
453 4291 520 4378 agit
542 4289 583 4356 de
607 4292 801 4356 matrimonii
823 4292 999 4360 validitate
1017 4291 1243 4375 defendenda,
1268 4291 1354 4360 unde
1377 4293 1403 4358 si
1427 4311 1480 4357 res

303 4415 346 4478 sit
367 4412 406 4478 de
428 4415 546 4480 ociore
574 4415 797 4498 sponsalium,
821 4415 862 4483 de
884 4423 1089 4502 separatione
1111 4436 1134 4483 a
1158 4423 1230 4485 toro
1258 4424 1291 4486 et
1310 4415 1478 4486 cohabita
