3350 5100
341 308 405 373 158
856 329 936 376 raas
966 329 1001 375 11.

340 448 494 514 criminis
515 449 825 514 cunaiudiciotiter
854 449 949 531 fucta
972 449 1152 533 Superiori
1182 453 1230 518 od
1257 453 1521 534 provocandam

338 573 535 640 iudicialem
558 593 617 640 scu
636 578 818 657 poertatcm
842 575 1176 643 animaduersionem
1197 579 1234 643 in
1254 579 1522 663 delinquentem

338 700 374 758 at
395 693 503 762 differt
524 696 565 760 ab
588 697 812 767 accusatione.
839 700 970 783 proprie
994 698 1096 781 diota,
1121 701 1197 784 quia
1220 701 1432 766 denunciatur
1455 720 1521 764 non

340 818 376 885 lit
406 827 585 887 aemulor
614 824 648 886 in
678 821 795 887 iudicio
827 841 932 906 neque
967 823 1123 908 probandi
1154 845 1236 889 onus
1266 827 1412 899 assumit,
1448 843 1519 909 arg.

339 964 415 1028 cap.
435 947 486 1027 16,
512 948 557 1012 tit.
577 949 605 1027 1,
630 947 671 1010 X.
706 948 819 1031 ltaque
850 947 1054 1013 denunciatio
1082 956 1131 1014 est
1157 949 1314 1033 quaedam
1338 950 1520 1022 coenatio,

339 1091 423 1154 quae
453 1077 559 1137 minen
590 1070 759 1135 ordinatur
790 1072 914 1138 directe
945 1093 1009 1137 non
1032 1074 1073 1138 ad
1096 1074 1343 1140 instaurandum
1367 1075 1521 1139 iudicium

221 1248 225 1261 .
339 1195 395 1260 sed
419 1197 459 1259 ad
482 1195 734 1279 promovendam
765 1198 1019 1281 inquisitionem
1042 1218 1087 1265 eoo
1110 1200 1220 1284 officio
1243 1219 1264 1264 a
1287 1201 1398 1264 Iudice
1421 1197 1521 1286 perfi-

339 1322 497 1386 ciendam.
531 1357 548 1369 -
581 1321 706 1386 Sensim
729 1343 810 1386 vero
834 1323 969 1386 invaluit
1003 1323 1258 1390 denunciationis
1293 1324 1521 1410 disciplinam

340 1446 497 1531 Ecclesia
516 1447 599 1529 quia,
618 1445 748 1510 inducto
763 1465 918 1530 processu
935 1449 1129 1530 inquisitivo,
1148 1449 1200 1513 hic
1218 1455 1326 1513 umen
1342 1450 1521 1514 instaurari

340 1591 404 1636 non
417 1572 513 1643 valet,
526 1572 588 1635 nisi
604 1572 717 1637 notitia
732 1571 811 1636 facti
827 1573 992 1636 criminosi
1011 1575 1179 1657 perveniat
1195 1572 1235 1637 ad
1252 1592 1348 1638 aures
1366 1572 1521 1644 praelati:

341 1715 465 1781 nempe,
491 1702 525 1760 ut
548 1696 731 1781 plurimum,
750 1714 809 1780 per
825 1696 1132 1763 denunciationem.
1150 1697 1242 1763 Onus
1264 1701 1373 1763 autem
1395 1696 1521 1761 denun-

340 1820 445 1884 ciandi
475 1820 697 1904 delinquentes
728 1823 896 1906 imponunt
927 1824 996 1906 ipsa
1022 1827 1197 1906 praecepta
1220 1822 1409 1906 evangelica
1436 1819 1521 1906 apud

342 1946 522 2012 Mattheum
545 1945 567 2009 t.
591 1945 644 2010 cit.
668 1951 703 2011 et
726 1946 846 2010 Lucam
863 1946 979 2017 XVII,
1004 1945 1029 2013 3
1051 1965 1142 2032 saq.,·
1165 1952 1199 2012 et
1221 1947 1314 2020 istud,
1340 1949 1372 2010 in
1396 1948 1520 2031 primis,

340 2087 384 2131 ex
406 2067 566 2131 charitate
582 2065 712 2151 profluit
726 2087 783 2132 seu
807 2067 849 2131 ad
864 2067 1044 2132 fraternam
1068 2070 1316 2141 correctionem,
1334 2086 1415 2152 quae
1434 2069 1461 2131 si
1479 2085 1522 2131 ne

341 2193 464 2276 sperari
482 2190 609 2274 quidem
624 2198 681 2256 aut
696 2190 871 2257 nullimode
888 2192 1027 2257 obtineri
1050 2199 1163 2278 potest,
1181 2193 1322 2259 seeundo
1341 2213 1384 2258 ex
1400 2192 1522 2257 iustitia

341 2317 518 2399 repetitur,
549 2335 592 2379 ne
618 2315 744 2380 scilicet
777 2314 818 2379 ob
853 2316 1007 2401 impunita
1040 2319 1178 2384 crimina
1203 2317 1397 2402 Respublica
1419 2314 1521 2381 detri-

340 2444 482 2503 mentum
506 2440 626 2522 capiat:
651 2439 716 2505 huc
742 2444 889 2524 spectant
912 2460 1034 2525 poenae
1057 2441 1284 2508 vindicatione
1306 2439 1362 2525 (l).

429 2567 474 2631 At
503 2585 547 2630 ex
573 2566 667 2631 dictis
698 2571 802 2649 patet,
829 2566 1112 2632 denunciationem
1140 2589 1203 2632 non
1232 2570 1429 2633 constituere
1463 2587 1521 2631 no·

339 2710 411 2753 vam
437 2690 631 2774 procedendi
656 2690 812 2767 formam;
840 2692 995 2776 siquidem
1018 2691 1237 2768 denunciatio,
1262 2696 1409 2777 quamvis
1432 2693 1520 2759 iudi-

339 2813 450 2894 cions,
474 2819 664 2898 promoveat
685 2815 950 2899 inquisitionem,
975 2836 1040 2880 non
1064 2816 1188 2883 directe
1211 2819 1395 2885 iudicium:
1418 2839 1522 2903 quare

339 2936 553 3000 denuncians
569 2956 633 3000 nou
648 2937 832 3022 ingreditur
848 2938 1008 3011 iudicium,
1026 2942 1115 3024 quasi
1131 2945 1228 3008 actor
1247 2962 1304 3007 seu
1327 2948 1522 3038 comisatum·

343 3065 377 3126 et
391 3059 600 3124 denunciatio
616 3067 664 3125 est
679 3061 860 3135 iudicialis.
879 3069 989 3147 utpote
1012 3066 1140 3128 occasio
1165 3064 1282 3145 iudicii,
1306 3065 1362 3130 sed
1386 3087 1449 3131 non
1473 3074 1524 3133 est

341 3190 452 3264 actus,
480 3186 533 3267 qui
560 3184 712 3248 iudicium
742 3190 916 3253 constituat
942 3193 996 3252 aut
1027 3188 1182 3272 perficiat.
1211 3226 1227 3238 -
1257 3192 1523 3257 Denunciationis

340 3314 448 3372 autam
463 3307 635 3373 iudicialis
650 3309 834 3392 appellatio,
852 3312 958 3394 prouti
978 3310 1073 3374 hodie
1097 3313 1299 3397 intelligitur,
1317 3314 1380 3377 iuri
1398 3316 1521 3381 Decre-

339 3433 451 3497 talium
476 3439 525 3496 est
547 3434 712 3517 incognita
734 3438 768 3497 et
791 3440 840 3499 est
862 3435 1004 3500 moribus
1029 3436 1167 3501 inducta.

432 3557 527 3622 Ratio
542 3562 659 3630 autem,
673 3556 713 3621 ob
730 3577 825 3639 quam
841 3558 874 3621 in
892 3560 1122 3631 Decretalibus,
1140 3580 1310 3644 processus
1328 3582 1370 3627 ex
1387 3565 1521 3631 mun-

339 3683 485 3749 ciotionc
508 3687 725 3766 comparatur,
742 3684 832 3765 quasi
851 3684 980 3767 proprie
996 3684 1164 3758 iudicialis,
1183 3689 1347 3769 processui
1364 3708 1408 3753 ex
1424 3708 1523 3754 occu

339 3789 526 3872 sotionc⁸et
547 3824 591 3869 ex
613 3804 841 3888 inquisitione,
866 3807 911 3870 uti
935 3806 1001 3871 fert
1025 3807 1157 3873 rubrica
1179 3810 1281 3875 tituli:
1306 3810 1356 3875 De
1379 3830 1521 3877 accuso·

340 3928 496 4000 tionibus,
520 3927 795 4011 inquisitionibus
822 3935 853 3995 ct
884 3931 1203 3999 denunciationibus
1227 3934 1282 4019 (V,
1311 3933 1340 4020 l)
1366 3939 1399 3999 et
1421 3932 1520 4021 signi·

430 4227 469 4298 (l)
489 4228 560 4281 Nam
581 4230 610 4281 in
637 4228 722 4282 titulo
743 4230 753 4283 l
778 4232 819 4283 Dc
837 4246 928 4284 accon.
950 4232 997 4284 lib.
1019 4232 1051 4297 V,
1071 4234 1096 4285 il
1117 4250 1167 4301 pro
1193 4234 1349 4288 intentione
1376 4236 1519 4300 rubricae,

342 4350 395 4387 non
410 4333 653 4400 comprehenditur
673 4343 784 4389 tautum
797 4353 896 4406 quaen
914 4338 966 4390 DD.
986 4338 1145 4407 appelletur
1158 4342 1319 4410 coangelico
1332 4340 1376 4395 vel
1389 4344 1520 4411 fraterne

340 4440 385 4495 vel
404 4442 577 4505 charitativo,
595 4440 667 4511 quod
690 4448 769 4511 patet
788 4460 822 4497 ex
841 4444 1022 4513 inscriptione
1042 4462 1101 4513 cap.
1124 4444 1164 4512 13,
1185 4448 1226 4501 Dc
1245 4448 1302 4501 iud.
