3350 5100
488 312 532 358 nn
556 311 694 359 runicus
717 311 970 359 cnrurunnrnus.
1253 287 1316 354 177

146 435 306 521 prudentis
329 435 455 500 consilii
484 436 682 521 propositum
709 434 898 500 declaratur
927 436 961 499 in
990 413 1220 514 Decretaiibus,
1244 451 1315 518 arg.

147 581 212 644 cap.
227 558 291 632 23,
308 559 360 624 De
371 561 461 625 elect.
475 559 511 624 X
522 559 609 646 (1.6).
634 560 798 634 Quocirca
819 560 915 625 hodie
932 561 994 624 hec
1010 561 1145 631 ratione,
1169 561 1266 623 etiarn
1284 559 1318 623 in

146 683 293 754 notoriis.
312 682 491 767 procedere
506 681 601 747 debet
623 682 722 748 iudex
737 703 854 768 nempe
869 687 905 747 ut
920 682 1158 768 expeditissime
1176 683 1319 788 explicet

147 809 306 893 negotium
329 827 391 893 per
413 807 564 872 iudicium
588 809 829 874 summarium.

229 933 306 998 122.
331 933 384 997 Ex
406 931 500 998 dictis
520 939 628 1000 autem
652 933 783 1018 pianum
811 939 860 998 est
882 933 1019 1013 inferre,
1044 953 1162 998 revere
1182 951 1319 1016 procea-

145 1075 213 1122 sum
245 1075 313 1138 per
348 1058 579 1139 eorreptionem
615 1055 726 1122 reduci
761 1056 802 1122 ad
833 1077 1017 1142 processum
1049 1057 1317 1131 accusatorium

147 1178 291 1243 iudicium
326 1183 433 1241 autem
463 1196 510 1243 ex
539 1177 673 1244 merto
704 1180 812 1262 prouti
843 1179 1018 1263 accipitur,
1043 1179 1135 1263 quusi
1168 1179 1319 1263 specialia

146 1303 221 1367 ratio
244 1300 453 1387 procedendi,
470 1322 542 1366 esse
564 1321 751 1386 processum
774 1303 1073 1394 extraiudicialem
1086 1297 1182 1386 atque
1206 1301 1317 1368 exclu-

146 1425 216 1492 dere
237 1427 380 1492 sormam
402 1427 631 1511 inquisitionis
654 1433 710 1492 eut
732 1429 959 1494 cemmetiooia
977 1429 1010 1493 in
1034 1433 1207 1513 conspectu
1235 1427 1320 1511 facti

145 1551 278 1622 notorii,
304 1551 390 1634 quod
412 1550 602 1636 probatione
625 1571 690 1616 non
713 1551 845 1637 indiget,
871 1555 986 1637 quippe
1010 1552 1317 1618 omnimodorum.

84 1657 93 1678 ’
146 1673 185 1736 Et
203 1674 267 1737 hoc
288 1673 454 1738 constituit
474 1675 524 1738 ius
543 1693 615 1739 can.
636 1676 710 1757 quin
734 1671 914 1740 offenderet
936 1678 1009 1740 iure
1027 1675 1130 1741 civilis
1146 1677 1319 1752 societatis

147 1799 213 1881 quia
236 1799 434 1864 universitas
456 1800 574 1864 civium
596 1800 631 1863 in
654 1799 797 1866 notoriis
820 1819 885 1864 non
908 1801 1091 1886 expostulet
1114 1800 1221 1866 iudicii
1244 1821 1320 1886 pro-

147 1943 266 1989 cessum
297 1923 398 1988 veluti
420 1924 651 1990 necessariam
679 1925 812 1990 tutelam
843 1927 959 1990 iurium
991 1933 1058 1990 turn
1091 1927 1170 1991 civis
1200 1927 1319 2010 privati

147 2053 208 2113 tum
222 2051 399 2114 universae
422 2050 570 2114 civitatis.
598 2085 615 2098 -
641 2049 869 2116 Concludimus
892 2051 1026 2136 proinde
1050 2050 1228 2116 iudicialem
1246 2069 1319 2135 pro-

147 2168 278 2234 cedendi
302 2168 443 2234 formam
465 2189 538 2234 esse
560 2177 616 2236 aut
637 2171 892 2255 inquisitorem
914 2177 971 2237 aut
993 2173 1242 2240 accusatoriam
1265 2177 1321 2236 aut

147 2293 297 2358 mixtam.

226 4544 282 4600 sac.
305 4545 391 4618 nequ.
410 4548 468 4601 ure.
489 4548 520 4612 u,
538 4548 593 4602 vor.
613 4548 661 4605 iv,
