<?xml version="1.0" encoding="UTF-8"?>
<!DOCTYPE html PUBLIC "-//W3C//DTD XHTML 1.0 Transitional//EN"
    "http://www.w3.org/TR/xhtml1/DTD/xhtml1-transitional.dtd">
<html xmlns="http://www.w3.org/1999/xhtml" xml:lang="en" lang="en">
 <head>
  <title>
</title>
<meta http-equiv="Content-Type" content="text/html;charset=utf-8" />
  <meta name='ocr-system' content='tesseract 3.04.00' />
  <meta name='ocr-capabilities' content='ocr_page ocr_carea ocr_par ocr_line ocrx_word'/>
</head>
<body>
  <div class='ocr_page' id='page_1' title='image "./praelectionesin00legagoog_0404.png"; bbox 0 0 3350 5100; ppageno 0'>
   <div class='ocr_carea' id='block_1_1' title="bbox 348 280 1012 350">
    <p class='ocr_par' dir='ltr' id='par_1_1' title="bbox 348 280 1012 350">
     <span class='ocr_line' id='line_1_1' title="bbox 348 280 1012 350; baseline 0.002 -4"><span class='ocrx_word' id='word_1_1' title='bbox 348 280 414 347; x_wconf 82' lang='lat'>402</span> <span class='ocrx_word' id='word_1_2' title='bbox 855 302 938 350; x_wconf 76' lang='lat' dir='ltr'>rans</span> <span class='ocrx_word' id='word_1_3' title='bbox 971 300 1012 349; x_wconf 79' lang='lat' dir='ltr'>nr</span> 
     </span>
    </p>
   </div>
   <div class='ocr_carea' id='block_1_2' title="bbox 343 424 1523 2014">
    <p class='ocr_par' dir='ltr' id='par_1_2' title="bbox 343 424 1523 2014">
     <span class='ocr_line' id='line_1_2' title="bbox 344 424 1523 513; baseline 0.002 -22"><span class='ocrx_word' id='word_1_4' title='bbox 344 446 379 509; x_wconf 90' lang='lat' dir='ltr'>p.</span> <span class='ocrx_word' id='word_1_5' title='bbox 396 424 481 491; x_wconf 82' lang='lat'><strong><em>233.</em></strong></span> <span class='ocrx_word' id='word_1_6' title='bbox 499 425 546 491; x_wconf 84' lang='lat' dir='ltr'>cf.</span> <span class='ocrx_word' id='word_1_7' title='bbox 564 444 664 509; x_wconf 91' lang='lat' dir='ltr'>supra</span> <span class='ocrx_word' id='word_1_8' title='bbox 678 445 710 489; x_wconf 93' lang='lat' dir='ltr'>n.</span> <span class='ocrx_word' id='word_1_9' title='bbox 730 426 781 490; x_wconf 95' lang='lat' dir='ltr'>ii.</span> <span class='ocrx_word' id='word_1_10' title='bbox 797 426 924 491; x_wconf 88' lang='lat' dir='ltr'>Verum</span> <span class='ocrx_word' id='word_1_11' title='bbox 940 446 994 491; x_wconf 90' lang='lat' dir='ltr'>res</span> <span class='ocrx_word' id='word_1_12' title='bbox 1010 424 1135 513; x_wconf 79' lang='lat' dir='ltr'>indiget</span> <span class='ocrx_word' id='word_1_13' title='bbox 1154 426 1378 511; x_wconf 80' lang='lat' dir='ltr'><strong>explicatione.</strong></span> <span class='ocrx_word' id='word_1_14' title='bbox 1397 428 1523 493; x_wconf 82' lang='lat' dir='ltr'>Etenim</span> 
     </span>
     <span class='ocr_line' id='line_1_3' title="bbox 346 551 1523 623; baseline 0.002 -6"><span class='ocrx_word' id='word_1_15' title='bbox 346 553 378 617; x_wconf 94' lang='lat' dir='ltr'>in</span> <span class='ocrx_word' id='word_1_16' title='bbox 403 552 456 617; x_wconf 88' lang='lat' dir='ltr'>cit.</span> <span class='ocrx_word' id='word_1_17' title='bbox 481 555 543 615; x_wconf 86' lang='lat' dir='ltr'>art.</span> <span class='ocrx_word' id='word_1_18' title='bbox 568 570 675 617; x_wconf 90' lang='lat' dir='ltr'>sermo</span> <span class='ocrx_word' id='word_1_19' title='bbox 690 556 741 617; x_wconf 88' lang='lat' dir='ltr'>est</span> <span class='ocrx_word' id='word_1_20' title='bbox 755 551 795 617; x_wconf 86' lang='lat' dir='ltr'>ds</span> <span class='ocrx_word' id='word_1_21' title='bbox 811 552 964 617; x_wconf 82' lang='lat' dir='ltr'>citatione</span> <span class='ocrx_word' id='word_1_22' title='bbox 987 551 1061 617; x_wconf 88' lang='lat' dir='ltr'>data</span> <span class='ocrx_word' id='word_1_23' title='bbox 1084 558 1119 617; x_wconf 88' lang='lat' dir='ltr'>ut</span> <span class='ocrx_word' id='word_1_24' title='bbox 1139 572 1223 623; x_wconf 85' lang='lat' dir='ltr'>reus,</span> <span class='ocrx_word' id='word_1_25' title='bbox 1241 557 1317 617; x_wconf 85' lang='lat' dir='ltr'>ante</span> <span class='ocrx_word' id='word_1_26' title='bbox 1332 555 1523 619; x_wconf 88' lang='lat' dir='ltr'>sententiam</span> 
     </span>
     <span class='ocr_line' id='line_1_4' title="bbox 346 676 1522 764; baseline 0.001 -22"><span class='ocrx_word' id='word_1_27' title='bbox 346 676 551 757; x_wconf 83' lang='lat' dir='ltr'>definitivam,</span> <span class='ocrx_word' id='word_1_28' title='bbox 565 678 694 743; x_wconf 91' lang='lat' dir='ltr'>intersit</span> <span class='ocrx_word' id='word_1_29' title='bbox 708 696 825 743; x_wconf 89' lang='lat' dir='ltr'>causae</span> <span class='ocrx_word' id='word_1_30' title='bbox 841 678 923 742; x_wconf 88' lang='lat' dir='ltr'>oraii</span> <span class='ocrx_word' id='word_1_31' title='bbox 940 676 1162 763; x_wconf 78' lang='lat' dir='ltr'>disceptationi</span> <span class='ocrx_word' id='word_1_32' title='bbox 1179 685 1211 743; x_wconf 89' lang='lat' dir='ltr'>et</span> <span class='ocrx_word' id='word_1_33' title='bbox 1226 680 1338 764; x_wconf 89' lang='lat' dir='ltr'>quaeri</span> <span class='ocrx_word' id='word_1_34' title='bbox 1355 683 1467 763; x_wconf 85' lang='lat' dir='ltr'>potest.</span> <span class='ocrx_word' id='word_1_35' title='bbox 1481 700 1522 743; x_wconf 87' lang='lat' dir='ltr'>an</span> 
     </span>
     <span class='ocr_line' id='line_1_5' title="bbox 345 774 1521 888; baseline 0.001 -22"><span class='ocrx_word' id='word_1_36' title='bbox 345 802 455 866; x_wconf 90' lang='lat' dir='ltr'>citatio</span> <span class='ocrx_word' id='word_1_37' title='bbox 471 801 512 865; x_wconf 86' lang='lat' dir='ltr'>sit</span> <span class='ocrx_word' id='word_1_38' title='bbox 526 820 629 885; x_wconf 88' lang='lat' dir='ltr'>aeque</span> <span class='ocrx_word' id='word_1_39' title='bbox 646 802 841 874; x_wconf 89' lang='lat' dir='ltr'>necessaria,</span> <span class='ocrx_word' id='word_1_40' title='bbox 858 802 904 867; x_wconf 90' lang='lat' dir='ltr'>ad</span> <span class='ocrx_word' id='word_1_41' title='bbox 919 801 1152 875; x_wconf 84' lang='lat' dir='ltr'>substantiam,</span> <span class='ocrx_word' id='word_1_42' title='bbox 1168 806 1235 867; x_wconf 90' lang='lat' dir='ltr'>tum</span> <span class='ocrx_word' id='word_1_43' title='bbox 1256 806 1292 867; x_wconf 91' lang='lat' dir='ltr'>ut</span> <span class='ocrx_word' id='word_1_44' title='bbox 1308 774 1521 888; x_wconf 87' lang='lat' dir='ltr'>reuspartem</span> 
     </span>
     <span class='ocr_line' id='line_1_6' title="bbox 346 925 1521 1011; baseline -0.003 -20"><span class='ocrx_word' id='word_1_45' title='bbox 346 925 464 991; x_wconf 89' lang='lat' dir='ltr'>habeat</span> <span class='ocrx_word' id='word_1_46' title='bbox 487 926 519 990; x_wconf 91' lang='lat' dir='ltr'>in</span> <span class='ocrx_word' id='word_1_47' title='bbox 535 925 777 1011; x_wconf 76' lang='lat' dir='ltr'>disceptatione,</span> <span class='ocrx_word' id='word_1_48' title='bbox 793 932 861 991; x_wconf 91' lang='lat' dir='ltr'>tum</span> <span class='ocrx_word' id='word_1_49' title='bbox 886 932 921 992; x_wconf 89' lang='lat' dir='ltr'>ut</span> <span class='ocrx_word' id='word_1_50' title='bbox 942 927 1134 993; x_wconf 89' lang='lat' dir='ltr'>sententiam</span> <span class='ocrx_word' id='word_1_51' title='bbox 1153 927 1270 993; x_wconf 86' lang='lat' dir='ltr'>audiat.</span> <span class='ocrx_word' id='word_1_52' title='bbox 1290 928 1331 993; x_wconf 81' lang='lat' dir='ltr'>ut</span> <span class='ocrx_word' id='word_1_53' title='bbox 1353 947 1417 992; x_wconf 92' lang='lat' dir='ltr'>non</span> <span class='ocrx_word' id='word_1_54' title='bbox 1437 926 1521 993; x_wconf 91' lang='lat' dir='ltr'>dubii</span> 
     </span>
     <span class='ocr_line' id='line_1_7' title="bbox 347 1049 1522 1134; baseline 0 -19"><span class='ocrx_word' id='word_1_55' title='bbox 347 1051 426 1116; x_wconf 90' lang='lat' dir='ltr'>iuris</span> <span class='ocrx_word' id='word_1_56' title='bbox 445 1055 495 1115; x_wconf 86' lang='lat' dir='ltr'>est</span> <span class='ocrx_word' id='word_1_57' title='bbox 510 1049 702 1117; x_wconf 76' lang='lat' dir='ltr'>citationem</span> <span class='ocrx_word' id='word_1_58' title='bbox 719 1052 839 1134; x_wconf 89' lang='lat' dir='ltr'>requiri</span> <span class='ocrx_word' id='word_1_59' title='bbox 857 1051 899 1115; x_wconf 92' lang='lat' dir='ltr'>ad</span> <span class='ocrx_word' id='word_1_60' title='bbox 912 1050 1147 1117; x_wconf 69' lang='lat' dir='ltr'>substantiam.</span> <span class='ocrx_word' id='word_1_61' title='bbox 1170 1052 1319 1117; x_wconf 84' lang='lat' dir='ltr'>iamvero</span> <span class='ocrx_word' id='word_1_62' title='bbox 1336 1052 1431 1117; x_wconf 91' lang='lat' dir='ltr'>huius</span> <span class='ocrx_word' id='word_1_63' title='bbox 1451 1069 1522 1117; x_wconf 89' lang='lat' dir='ltr'>con·</span> 
     </span>
     <span class='ocr_line' id='line_1_8' title="bbox 347 1176 1520 1263; baseline 0.002 -22"><span class='ocrx_word' id='word_1_64' title='bbox 347 1176 499 1241; x_wconf 84' lang='lat' dir='ltr'>clusionis</span> <span class='ocrx_word' id='word_1_65' title='bbox 514 1176 629 1240; x_wconf 90' lang='lat' dir='ltr'>solutio</span> <span class='ocrx_word' id='word_1_66' title='bbox 645 1176 765 1261; x_wconf 89' lang='lat' dir='ltr'>pendet</span> <span class='ocrx_word' id='word_1_67' title='bbox 780 1178 896 1261; x_wconf 88' lang='lat' dir='ltr'>partim</span> <span class='ocrx_word' id='word_1_68' title='bbox 913 1179 1019 1241; x_wconf 88' lang='lat' dir='ltr'>aiore</span> <span class='ocrx_word' id='word_1_69' title='bbox 1034 1177 1195 1248; x_wconf 72' lang='lat' dir='ltr'>staturati,</span> <span class='ocrx_word' id='word_1_70' title='bbox 1208 1179 1326 1263; x_wconf 90' lang='lat' dir='ltr'>partim</span> <span class='ocrx_word' id='word_1_71' title='bbox 1342 1196 1362 1241; x_wconf 87' lang='lat' dir='ltr'>a</span> <span class='ocrx_word' id='word_1_72' title='bbox 1378 1178 1448 1242; x_wconf 89' lang='lat' dir='ltr'>inre</span> <span class='ocrx_word' id='word_1_73' title='bbox 1459 1194 1520 1259; x_wconf 90' lang='lat' dir='ltr'>pa·</span> 
     </span>
     <span class='ocr_line' id='line_1_9' title="bbox 346 1302 1521 1388; baseline 0.002 -21"><span class='ocrx_word' id='word_1_74' title='bbox 346 1302 453 1369; x_wconf 85' lang='lat' dir='ltr'>sitiuo.</span> <span class='ocrx_word' id='word_1_75' title='bbox 470 1303 531 1367; x_wconf 84' lang='grc' dir='ltr'>-Α</span> <span class='ocrx_word' id='word_1_76' title='bbox 547 1303 787 1369; x_wconf 86' lang='lat' dir='ltr'>iurenaturaii</span> <span class='ocrx_word' id='word_1_77' title='bbox 803 1307 962 1388; x_wconf 89' lang='lat' dir='ltr'>repetitur</span> <span class='ocrx_word' id='word_1_78' title='bbox 982 1305 1156 1369; x_wconf 73' lang='lat' dir='ltr'>necomitas</span> <span class='ocrx_word' id='word_1_79' title='bbox 1180 1304 1351 1377; x_wconf 86' lang='lat' dir='ltr'>citationis,</span> <span class='ocrx_word' id='word_1_80' title='bbox 1368 1304 1521 1388; x_wconf 90' lang='lat' dir='ltr'>siquidem</span> 
     </span>
     <span class='ocr_line' id='line_1_10' title="bbox 347 1422 1520 1516; baseline 0 -21"><span class='ocrx_word' id='word_1_81' title='bbox 347 1448 442 1495; x_wconf 90' lang='lat' dir='ltr'>nemo</span> <span class='ocrx_word' id='word_1_82' title='bbox 464 1429 610 1494; x_wconf 89' lang='lat' dir='ltr'>damnari</span> <span class='ocrx_word' id='word_1_83' title='bbox 641 1422 751 1514; x_wconf 85' lang='lat' dir='ltr'>potest</span> <span class='ocrx_word' id='word_1_84' title='bbox 775 1429 961 1511; x_wconf 74' lang='lat' dir='ltr'>inauditae,</span> <span class='ocrx_word' id='word_1_85' title='bbox 985 1430 1102 1515; x_wconf 91' lang='lat' dir='ltr'>quippe</span> <span class='ocrx_word' id='word_1_86' title='bbox 1124 1450 1224 1514; x_wconf 89' lang='lat' dir='ltr'>usque</span> <span class='ocrx_word' id='word_1_87' title='bbox 1247 1430 1287 1494; x_wconf 92' lang='lat' dir='ltr'>ad</span> <span class='ocrx_word' id='word_1_88' title='bbox 1310 1430 1520 1516; x_wconf 83' lang='lat' dir='ltr'>prolationem</span> 
     </span>
     <span class='ocr_line' id='line_1_11' title="bbox 347 1548 1522 1639; baseline 0.003 -21"><span class='ocrx_word' id='word_1_89' title='bbox 347 1555 528 1618; x_wconf 86' lang='lat' dir='ltr'>sententiae</span> <span class='ocrx_word' id='word_1_90' title='bbox 543 1553 736 1639; x_wconf 75' lang='lat' dir='ltr'>definitivae</span> <span class='ocrx_word' id='word_1_91' title='bbox 750 1553 903 1637; x_wconf 87' lang='lat' dir='ltr'>competit</span> <span class='ocrx_word' id='word_1_92' title='bbox 917 1555 966 1619; x_wconf 90' lang='lat' dir='ltr'>ins</span> <span class='ocrx_word' id='word_1_93' title='bbox 982 1552 1188 1619; x_wconf 83' lang='lat' dir='ltr'>defensionis.</span> <span class='ocrx_word' id='word_1_94' title='bbox 1207 1589 1224 1602; x_wconf 94' lang='lat'>·</span> <span class='ocrx_word' id='word_1_95' title='bbox 1244 1548 1350 1619; x_wconf 84' lang='lat' dir='ltr'>Porro</span> <span class='ocrx_word' id='word_1_96' title='bbox 1366 1555 1415 1619; x_wconf 91' lang='lat' dir='ltr'>ins</span> <span class='ocrx_word' id='word_1_97' title='bbox 1434 1556 1522 1637; x_wconf 86' lang='lat' dir='ltr'>posi-</span> 
     </span>
     <span class='ocr_line' id='line_1_12' title="bbox 347 1678 1522 1767; baseline 0.002 -24"><span class='ocrx_word' id='word_1_98' title='bbox 347 1678 454 1744; x_wconf 85' lang='lat' dir='ltr'>tivum</span> <span class='ocrx_word' id='word_1_99' title='bbox 476 1681 672 1745; x_wconf 82' lang='lat' dir='ltr'>constituere</span> <span class='ocrx_word' id='word_1_100' title='bbox 695 1684 800 1763; x_wconf 89' lang='lat' dir='ltr'>potest</span> <span class='ocrx_word' id='word_1_101' title='bbox 823 1684 858 1743; x_wconf 91' lang='lat' dir='ltr'>ut</span> <span class='ocrx_word' id='word_1_102' title='bbox 881 1680 942 1744; x_wconf 91' lang='lat' dir='ltr'>hoc</span> <span class='ocrx_word' id='word_1_103' title='bbox 967 1680 1015 1745; x_wconf 90' lang='lat' dir='ltr'>ius</span> <span class='ocrx_word' id='word_1_104' title='bbox 1038 1678 1233 1746; x_wconf 86' lang='lat' dir='ltr'>defensionis</span> <span class='ocrx_word' id='word_1_105' title='bbox 1247 1681 1434 1767; x_wconf 88' lang='lat' dir='ltr'>plenissime</span> <span class='ocrx_word' id='word_1_106' title='bbox 1450 1702 1522 1747; x_wconf 92' lang='lat' dir='ltr'>con·</span> 
     </span>
     <span class='ocr_line' id='line_1_13' title="bbox 347 1802 1523 1892; baseline 0.001 -24"><span class='ocrx_word' id='word_1_107' title='bbox 347 1802 482 1868; x_wconf 86' lang='lat' dir='ltr'>cedatur</span> <span class='ocrx_word' id='word_1_108' title='bbox 508 1805 597 1869; x_wconf 86' lang='lat' dir='ltr'>intra</span> <span class='ocrx_word' id='word_1_109' title='bbox 627 1809 752 1869; x_wconf 90' lang='lat' dir='ltr'>certum</span> <span class='ocrx_word' id='word_1_110' title='bbox 775 1810 911 1888; x_wconf 88' lang='lat' dir='ltr'>tempus,</span> <span class='ocrx_word' id='word_1_111' title='bbox 935 1823 998 1887; x_wconf 92' lang='lat' dir='ltr'>quo</span> <span class='ocrx_word' id='word_1_112' title='bbox 1029 1804 1147 1889; x_wconf 86' lang='lat' dir='ltr'>elapso,</span> <span class='ocrx_word' id='word_1_113' title='bbox 1173 1806 1301 1869; x_wconf 89' lang='lat' dir='ltr'>clausus</span> <span class='ocrx_word' id='word_1_114' title='bbox 1324 1805 1523 1892; x_wconf 82' lang='lat' dir='ltr'>intelligatur</span> 
     </span>
     <span class='ocr_line' id='line_1_14' title="bbox 343 1923 1522 2014; baseline 0 -23"><span class='ocrx_word' id='word_1_115' title='bbox 343 1946 525 2009; x_wconf 80' lang='lat' dir='ltr'>processus</span> <span class='ocrx_word' id='word_1_116' title='bbox 548 1923 758 2007; x_wconf 80' lang='lat' dir='ltr'>defensivus,</span> <span class='ocrx_word' id='word_1_117' title='bbox 783 1933 815 1994; x_wconf 88' lang='lat' dir='ltr'>et</span> <span class='ocrx_word' id='word_1_118' title='bbox 839 1932 916 1992; x_wconf 91' lang='lat' dir='ltr'>tunc</span> <span class='ocrx_word' id='word_1_119' title='bbox 942 1930 968 1992; x_wconf 89' lang='lat' dir='ltr'>si</span> <span class='ocrx_word' id='word_1_120' title='bbox 997 1930 1276 2014; x_wconf 87' lang='lat' dir='ltr'>praetermittatur</span> <span class='ocrx_word' id='word_1_121' title='bbox 1304 1929 1430 2001; x_wconf 88' lang='lat' dir='ltr'>citatio,</span> <span class='ocrx_word' id='word_1_122' title='bbox 1458 1946 1522 1991; x_wconf 93' lang='lat' dir='ltr'>non</span> 
     </span>
    </p>
   </div>
   <div class='ocr_carea' id='block_1_3' title="bbox 348 2036 1523 2139">
    <p class='ocr_par' dir='ltr' id='par_1_3' title="bbox 348 2036 1523 2139">
     <span class='ocr_line' id='line_1_15' title="bbox 348 2036 1523 2139; baseline -0.001 -21"><span class='ocrx_word' id='word_1_123' title='bbox 348 2051 522 2118; x_wconf 84' lang='lat' dir='ltr'>offenditur</span> <span class='ocrx_word' id='word_1_124' title='bbox 545 2054 594 2118; x_wconf 93' lang='lat' dir='ltr'>ius</span> <span class='ocrx_word' id='word_1_125' title='bbox 615 2054 788 2120; x_wconf 82' lang='lat' dir='ltr'>naturalis</span> <span class='ocrx_word' id='word_1_126' title='bbox 810 2054 1026 2137; x_wconf 76' lang='lat' dir='ltr'>defmsionis.</span> <span class='ocrx_word' id='word_1_127' title='bbox 1048 2036 1228 2139; x_wconf 59' lang='lat' dir='ltr'>&#39;Peiiegrini</span> <span class='ocrx_word' id='word_1_128' title='bbox 1257 2055 1279 2118; x_wconf 89' lang='lat' dir='ltr'>t.</span> <span class='ocrx_word' id='word_1_129' title='bbox 1303 2052 1355 2119; x_wconf 86' lang='lat' dir='ltr'>cit.</span> <span class='ocrx_word' id='word_1_130' title='bbox 1381 2052 1442 2119; x_wconf 90' lang='lat' dir='ltr'>Sed</span> <span class='ocrx_word' id='word_1_131' title='bbox 1471 2052 1523 2117; x_wconf 88' lang='lat' dir='ltr'>ius</span> 
     </span>
    </p>
   </div>
   <div class='ocr_carea' id='block_1_4' title="bbox 344 2174 1524 2652">
    <p class='ocr_par' dir='ltr' id='par_1_4' title="bbox 344 2174 1524 2652">
     <span class='ocr_line' id='line_1_16' title="bbox 344 2174 1522 2260; baseline -0.003 -17"><span class='ocrx_word' id='word_1_132' title='bbox 344 2177 539 2260; x_wconf 68' lang='lat' dir='ltr'>penarum,</span> <span class='ocrx_word' id='word_1_133' title='bbox 564 2178 683 2249; x_wconf 81' lang='lat' dir='ltr'>statuit,</span> <span class='ocrx_word' id='word_1_134' title='bbox 700 2178 800 2244; x_wconf 86' lang='lat' dir='ltr'>veluti</span> <span class='ocrx_word' id='word_1_135' title='bbox 815 2179 849 2242; x_wconf 91' lang='lat' dir='ltr'>in</span> <span class='ocrx_word' id='word_1_136' title='bbox 865 2182 976 2242; x_wconf 88' lang='lat' dir='ltr'>nostra</span> <span class='ocrx_word' id='word_1_137' title='bbox 1001 2178 1227 2248; x_wconf 85' lang='lat' dir='ltr'>instructione,</span> <span class='ocrx_word' id='word_1_138' title='bbox 1247 2197 1335 2241; x_wconf 92' lang='lat' dir='ltr'>reum</span> <span class='ocrx_word' id='word_1_139' title='bbox 1360 2174 1522 2241; x_wconf 85' lang='lat' dir='ltr'>citandum</span> 
     </span>
     <span class='ocr_line' id='line_1_17' title="bbox 349 2302 1524 2389; baseline -0.002 -20"><span class='ocrx_word' id='word_1_140' title='bbox 349 2324 420 2369; x_wconf 90' lang='lat' dir='ltr'>esse</span> <span class='ocrx_word' id='word_1_141' title='bbox 446 2303 485 2368; x_wconf 91' lang='lat' dir='ltr'>ad</span> <span class='ocrx_word' id='word_1_142' title='bbox 515 2304 646 2370; x_wconf 87' lang='lat' dir='ltr'>cratem</span> <span class='ocrx_word' id='word_1_143' title='bbox 673 2302 951 2387; x_wconf 82' lang='lat' dir='ltr'>disceptationem</span> <span class='ocrx_word' id='word_1_144' title='bbox 973 2308 1010 2369; x_wconf 88' lang='lat' dir='ltr'>et</span> <span class='ocrx_word' id='word_1_145' title='bbox 1033 2303 1073 2367; x_wconf 85' lang='lat' dir='ltr'>ad</span> <span class='ocrx_word' id='word_1_146' title='bbox 1101 2306 1290 2369; x_wconf 87' lang='lat' dir='ltr'>sententiam</span> <span class='ocrx_word' id='word_1_147' title='bbox 1315 2304 1524 2389; x_wconf 75' lang='lat' dir='ltr'>definitivam</span> 
     </span>
     <span class='ocr_line' id='line_1_18' title="bbox 348 2430 1524 2516; baseline -0.002 -20"><span class='ocrx_word' id='word_1_148' title='bbox 348 2430 548 2496; x_wconf 82' lang='lat' dir='ltr'>audiendam.</span> <span class='ocrx_word' id='word_1_149' title='bbox 575 2431 617 2495; x_wconf 82' lang='lat' dir='ltr'>Et</span> <span class='ocrx_word' id='word_1_150' title='bbox 638 2431 713 2514; x_wconf 87' lang='lat' dir='ltr'>qnia</span> <span class='ocrx_word' id='word_1_151' title='bbox 736 2432 951 2516; x_wconf 88' lang='lat' dir='ltr'>praemittitur</span> <span class='ocrx_word' id='word_1_152' title='bbox 974 2431 1273 2515; x_wconf 69' lang='lat' dir='ltr'>disceptationum</span> <span class='ocrx_word' id='word_1_153' title='bbox 1297 2434 1421 2513; x_wconf 90' lang='lat' dir='ltr'>partem</span> <span class='ocrx_word' id='word_1_154' title='bbox 1446 2430 1524 2494; x_wconf 88' lang='lat' dir='ltr'>iacit</span> 
     </span>
     <span class='ocr_line' id='line_1_19' title="bbox 347 2554 1383 2652; baseline -0.004 -31"><span class='ocrx_word' id='word_1_155' title='bbox 347 2554 553 2627; x_wconf 82' lang='lat' dir='ltr'>defensionis,</span> <span class='ocrx_word' id='word_1_156' title='bbox 579 2575 654 2620; x_wconf 89' lang='lat' dir='ltr'>reus</span> <span class='ocrx_word' id='word_1_157' title='bbox 677 2556 829 2620; x_wconf 84' lang='lat' dir='ltr'>citatione</span> <span class='ocrx_word' id='word_1_158' title='bbox 853 2557 1036 2620; x_wconf 87' lang='lat' dir='ltr'>necessario</span> <span class='ocrx_word' id='word_1_159' title='bbox 1061 2554 1301 2652; x_wconf 85' lang='lat' dir='ltr'>conveniendus</span> <span class='ocrx_word' id='word_1_160' title='bbox 1325 2561 1383 2619; x_wconf 90' lang='lat' dir='ltr'>est.</span> 
     </span>
    </p>
   </div>
   <div class='ocr_carea' id='block_1_5' title="bbox 437 2680 1522 2766">
    <p class='ocr_par' dir='ltr' id='par_1_5' title="bbox 437 2680 1522 2766">
     <span class='ocr_line' id='line_1_20' title="bbox 437 2680 1522 2766; baseline 0.004 -20"><span class='ocrx_word' id='word_1_161' title='bbox 437 2682 513 2749; x_wconf 84' lang='lat'><strong>335.</strong></span> <span class='ocrx_word' id='word_1_162' title='bbox 543 2682 708 2748; x_wconf 84' lang='lat' dir='ltr'>Articuius</span> <span class='ocrx_word' id='word_1_163' title='bbox 741 2683 890 2746; x_wconf 86' lang='lat' dir='ltr'>XXXIV</span> <span class='ocrx_word' id='word_1_164' title='bbox 921 2683 965 2746; x_wconf 86' lang='lat' dir='ltr'>ita</span> <span class='ocrx_word' id='word_1_165' title='bbox 991 2683 1186 2766; x_wconf 88' lang='lat' dir='ltr'>concipitur:</span> <span class='ocrx_word' id='word_1_166' title='bbox 1214 2681 1310 2745; x_wconf 86' lang='lat' dir='ltr'>‹Die</span> <span class='ocrx_word' id='word_1_167' title='bbox 1333 2680 1522 2750; x_wconf 69' lang='lat' dir='ltr'>cunstituta,</span> 
     </span>
    </p>
   </div>
   <div class='ocr_carea' id='block_1_6' title="bbox 345 2807 1527 3640">
    <p class='ocr_par' dir='ltr' id='par_1_6' title="bbox 345 2807 1527 3640">
     <span class='ocr_line' id='line_1_21' title="bbox 345 2807 1526 2894; baseline 0 -19"><span class='ocrx_word' id='word_1_168' title='bbox 345 2810 554 2894; x_wconf 83' lang='lat' dir='ltr'>proponitur</span> <span class='ocrx_word' id='word_1_169' title='bbox 582 2829 688 2876; x_wconf 83' lang='lat' dir='ltr'>causa</span> <span class='ocrx_word' id='word_1_170' title='bbox 718 2830 836 2876; x_wconf 82' lang='lat' dir='ltr'>coram</span> <span class='ocrx_word' id='word_1_171' title='bbox 876 2810 1009 2876; x_wconf 87' lang='lat' dir='ltr'>Vicario</span> <span class='ocrx_word' id='word_1_172' title='bbox 1044 2809 1220 2880; x_wconf 70' lang='lat' dir='ltr'>(teneruit,</span> <span class='ocrx_word' id='word_1_173' title='bbox 1253 2807 1526 2875; x_wconf 77' lang='lat' dir='ltr'>interessustibus</span> 
     </span>
     <span class='ocr_line' id='line_1_22' title="bbox 346 2936 1524 3028; baseline 0 -28"><span class='ocrx_word' id='word_1_174' title='bbox 346 2942 574 3020; x_wconf 84' lang='lat' dir='ltr'>procuratore</span> <span class='ocrx_word' id='word_1_175' title='bbox 596 2937 712 3020; x_wconf 75' lang='lat' dir='ltr'>fiscali,</span> <span class='ocrx_word' id='word_1_176' title='bbox 730 2936 909 3019; x_wconf 83' lang='lat' dir='ltr'>defensore</span> <span class='ocrx_word' id='word_1_177' title='bbox 931 2943 962 3000; x_wconf 88' lang='lat' dir='ltr'>ei</span> <span class='ocrx_word' id='word_1_178' title='bbox 986 2937 1190 3003; x_wconf 75' lang='lat' dir='ltr'>cancellario</span> <span class='ocrx_word' id='word_1_179' title='bbox 1207 2957 1236 2998; x_wconf 74' lang='lat' dir='ltr'>s.</span> <span class='ocrx_word' id='word_1_180' title='bbox 1255 2936 1376 3028; x_wconf 84' lang='lat' dir='ltr'>Scopus</span> <span class='ocrx_word' id='word_1_181' title='bbox 1395 2937 1524 3002; x_wconf 87' lang='lat' dir='ltr'>articuii</span> 
     </span>
     <span class='ocr_line' id='line_1_23' title="bbox 349 3059 1525 3147; baseline -0.001 -20"><span class='ocrx_word' id='word_1_182' title='bbox 349 3067 399 3127; x_wconf 91' lang='lat' dir='ltr'>est</span> <span class='ocrx_word' id='word_1_183' title='bbox 413 3061 511 3146; x_wconf 91' lang='lat' dir='ltr'>(qnod</span> <span class='ocrx_word' id='word_1_184' title='bbox 528 3061 648 3126; x_wconf 91' lang='lat' dir='ltr'>clarius</span> <span class='ocrx_word' id='word_1_185' title='bbox 671 3059 831 3147; x_wconf 81' lang='lat' dir='ltr'>significat</span> <span class='ocrx_word' id='word_1_186' title='bbox 854 3068 914 3127; x_wconf 91' lang='lat' dir='ltr'>art.</span> <span class='ocrx_word' id='word_1_187' title='bbox 933 3060 1141 3146; x_wconf 85' lang='lat' dir='ltr'>subsequens)</span> <span class='ocrx_word' id='word_1_188' title='bbox 1159 3061 1335 3146; x_wconf 82' lang='lat' dir='ltr'>explicare,</span> <span class='ocrx_word' id='word_1_189' title='bbox 1353 3083 1412 3146; x_wconf 90' lang='lat' dir='ltr'>per</span> <span class='ocrx_word' id='word_1_190' title='bbox 1430 3064 1525 3126; x_wconf 88' lang='lat' dir='ltr'>vivae</span> 
     </span>
     <span class='ocr_line' id='line_1_24' title="bbox 349 3184 1525 3270; baseline -0.002 -20"><span class='ocrx_word' id='word_1_191' title='bbox 349 3187 439 3252; x_wconf 87' lang='lat' dir='ltr'>vocis</span> <span class='ocrx_word' id='word_1_192' title='bbox 469 3184 742 3270; x_wconf 85' lang='lat' dir='ltr'>disceptationem,</span> <span class='ocrx_word' id='word_1_193' title='bbox 766 3186 973 3270; x_wconf 82' lang='lat' dir='ltr'>probationes</span> <span class='ocrx_word' id='word_1_194' title='bbox 1003 3187 1065 3250; x_wconf 90' lang='lat' dir='ltr'>iam</span> <span class='ocrx_word' id='word_1_195' title='bbox 1096 3185 1265 3256; x_wconf 85' lang='lat' dir='ltr'>collectas,</span> <span class='ocrx_word' id='word_1_196' title='bbox 1289 3187 1419 3250; x_wconf 90' lang='lat' dir='ltr'>minime</span> <span class='ocrx_word' id='word_1_197' title='bbox 1445 3205 1525 3250; x_wconf 85' lang='lat' dir='ltr'>vero</span> 
     </span>
     <span class='ocr_line' id='line_1_25' title="bbox 351 3305 1527 3394; baseline 0.001 -23"><span class='ocrx_word' id='word_1_198' title='bbox 351 3305 450 3372; x_wconf 86' lang='lat' dir='ltr'>novas</span> <span class='ocrx_word' id='word_1_199' title='bbox 473 3328 663 3392; x_wconf 88' lang='lat' dir='ltr'>comparare</span> <span class='ocrx_word' id='word_1_200' title='bbox 687 3308 902 3394; x_wconf 86' lang='lat' dir='ltr'>probationes,</span> <span class='ocrx_word' id='word_1_201' title='bbox 918 3311 1016 3376; x_wconf 86' lang='lat' dir='ltr'>veluti</span> <span class='ocrx_word' id='word_1_202' title='bbox 1034 3328 1134 3374; x_wconf 90' lang='lat' dir='ltr'>novos</span> <span class='ocrx_word' id='word_1_203' title='bbox 1157 3314 1256 3374; x_wconf 88' lang='lat' dir='ltr'>testes</span> <span class='ocrx_word' id='word_1_204' title='bbox 1279 3307 1450 3388; x_wconf 84' lang='lat' dir='ltr'>adducere,</span> <span class='ocrx_word' id='word_1_205' title='bbox 1469 3313 1527 3373; x_wconf 89' lang='lat' dir='ltr'>aut</span> 
     </span>
     <span class='ocr_line' id='line_1_26' title="bbox 349 3429 1524 3515; baseline 0 -21"><span class='ocrx_word' id='word_1_206' title='bbox 349 3433 412 3496; x_wconf 89' lang='lat' dir='ltr'>iam</span> <span class='ocrx_word' id='word_1_207' title='bbox 436 3431 589 3495; x_wconf 85' lang='lat' dir='ltr'>collectas</span> <span class='ocrx_word' id='word_1_208' title='bbox 613 3435 700 3496; x_wconf 89' lang='lat' dir='ltr'>ratas</span> <span class='ocrx_word' id='word_1_209' title='bbox 723 3436 755 3495; x_wconf 88' lang='lat' dir='ltr'>et</span> <span class='ocrx_word' id='word_1_210' title='bbox 777 3431 938 3515; x_wconf 85' lang='lat' dir='ltr'>legitimas</span> <span class='ocrx_word' id='word_1_211' title='bbox 962 3429 1093 3502; x_wconf 87' lang='lat' dir='ltr'>habere,</span> <span class='ocrx_word' id='word_1_212' title='bbox 1111 3435 1145 3496; x_wconf 87' lang='lat' dir='ltr'>ut</span> <span class='ocrx_word' id='word_1_213' title='bbox 1168 3449 1245 3494; x_wconf 88' lang='lat' dir='ltr'>ecce</span> <span class='ocrx_word' id='word_1_214' title='bbox 1265 3448 1322 3513; x_wconf 92' lang='lat' dir='ltr'>per</span> <span class='ocrx_word' id='word_1_215' title='bbox 1338 3429 1524 3495; x_wconf 78' lang='lat' dir='ltr'>contronia-</span> 
     </span>
     <span class='ocr_line' id='line_1_27' title="bbox 348 3554 1526 3640; baseline -0.003 -18"><span class='ocrx_word' id='word_1_216' title='bbox 348 3557 467 3622; x_wconf 89' lang='lat' dir='ltr'>tionem</span> <span class='ocrx_word' id='word_1_217' title='bbox 485 3561 541 3619; x_wconf 88' lang='lat' dir='ltr'>aut</span> <span class='ocrx_word' id='word_1_218' title='bbox 555 3575 613 3640; x_wconf 88' lang='lat' dir='ltr'>per</span> <span class='ocrx_word' id='word_1_219' title='bbox 629 3556 863 3640; x_wconf 88' lang='lat' dir='ltr'>repetitionem.</span> <span class='ocrx_word' id='word_1_220' title='bbox 881 3555 971 3629; x_wconf 86' lang='lat' dir='ltr'>Quod</span> <span class='ocrx_word' id='word_1_221' title='bbox 988 3555 1084 3619; x_wconf 88' lang='lat' dir='ltr'>veiim</span> <span class='ocrx_word' id='word_1_222' title='bbox 1107 3554 1331 3626; x_wconf 86' lang='lat' dir='ltr'>animadverti,</span> <span class='ocrx_word' id='word_1_223' title='bbox 1351 3555 1468 3639; x_wconf 90' lang='lat' dir='ltr'>qnippe</span> <span class='ocrx_word' id='word_1_224' title='bbox 1491 3556 1526 3618; x_wconf 93' lang='lat' dir='ltr'>in</span> 
     </span>
    </p>
   </div>
   <div class='ocr_carea' id='block_1_7' title="bbox 350 3679 1658 3765">
    <p class='ocr_par' dir='ltr' id='par_1_7' title="bbox 350 3679 1658 3765">
     <span class='ocr_line' id='line_1_28' title="bbox 350 3679 1658 3765; baseline -0.002 -21"><span class='ocrx_word' id='word_1_225' title='bbox 350 3680 413 3745; x_wconf 88' lang='lat' dir='ltr'>hoc</span> <span class='ocrx_word' id='word_1_226' title='bbox 437 3681 611 3745; x_wconf 88' lang='lat' dir='ltr'>instructio</span> <span class='ocrx_word' id='word_1_227' title='bbox 633 3679 730 3763; x_wconf 83' lang='lat' dir='ltr'>longe</span> <span class='ocrx_word' id='word_1_228' title='bbox 753 3679 851 3744; x_wconf 89' lang='lat' dir='ltr'>distat</span> <span class='ocrx_word' id='word_1_229' title='bbox 872 3701 891 3743; x_wconf 85' lang='lat' dir='ltr'>a</span> <span class='ocrx_word' id='word_1_230' title='bbox 915 3679 983 3745; x_wconf 89' lang='lat' dir='ltr'>cod.</span> <span class='ocrx_word' id='word_1_231' title='bbox 1005 3681 1059 3744; x_wconf 90' lang='lat' dir='ltr'>cit.</span> <span class='ocrx_word' id='word_1_232' title='bbox 1077 3681 1176 3765; x_wconf 79' lang='lat' dir='ltr'>Greg.</span> <span class='ocrx_word' id='word_1_233' title='bbox 1197 3679 1248 3763; x_wconf 92' lang='lat' dir='ltr'>qui</span> <span class='ocrx_word' id='word_1_234' title='bbox 1274 3679 1332 3744; x_wconf 92' lang='lat' dir='ltr'>sub</span> <span class='ocrx_word' id='word_1_235' title='bbox 1355 3679 1446 3744; x_wconf 89' lang='lat' dir='ltr'>tituio</span> <span class='ocrx_word' id='word_1_236' title='bbox 1465 3679 1525 3760; x_wconf 89' lang='lat' dir='ltr'>iV,</span> <span class='ocrx_word' id='word_1_237' title='bbox 1657 3681 1658 3720; x_wconf 66' lang='lat' dir='ltr'>i</span> 
     </span>
    </p>
   </div>
   <div class='ocr_carea' id='block_1_8' title="bbox 350 3803 1528 4263">
    <p class='ocr_par' dir='ltr' id='par_1_8' title="bbox 350 3803 1528 4263">
     <span class='ocr_line' id='line_1_29' title="bbox 351 3803 1524 3888; baseline 0 -21"><span class='ocrx_word' id='word_1_238' title='bbox 351 3803 403 3868; x_wconf 88' lang='lat' dir='ltr'>iib.</span> <span class='ocrx_word' id='word_1_239' title='bbox 430 3805 477 3869; x_wconf 90' lang='lat' dir='ltr'>VI</span> <span class='ocrx_word' id='word_1_240' title='bbox 503 3839 521 3851; x_wconf 95' lang='lat'>-</span> <span class='ocrx_word' id='word_1_241' title='bbox 547 3805 597 3870; x_wconf 89' lang='lat' dir='ltr'>De</span> <span class='ocrx_word' id='word_1_242' title='bbox 624 3805 857 3888; x_wconf 83' lang='lat' dir='ltr'>propositione</span> <span class='ocrx_word' id='word_1_243' title='bbox 880 3809 910 3870; x_wconf 91' lang='lat' dir='ltr'>ct</span> <span class='ocrx_word' id='word_1_244' title='bbox 932 3823 1057 3870; x_wconf 88' lang='lat' dir='ltr'>causae</span> <span class='ocrx_word' id='word_1_245' title='bbox 1087 3804 1328 3888; x_wconf 87' lang='lat' dir='ltr'>disceptatione</span> <span class='ocrx_word' id='word_1_246' title='bbox 1353 3803 1524 3868; x_wconf 86' lang='lat' dir='ltr'>-ordinat</span> 
     </span>
     <span class='ocr_line' id='line_1_30' title="bbox 350 3928 1528 4015; baseline 0.001 -23"><span class='ocrx_word' id='word_1_247' title='bbox 350 3949 521 4013; x_wconf 87' lang='lat' dir='ltr'>processus</span> <span class='ocrx_word' id='word_1_248' title='bbox 555 3928 741 4012; x_wconf 83' lang='lat' dir='ltr'>inquisiiiai</span> <span class='ocrx_word' id='word_1_249' title='bbox 774 3929 1038 4013; x_wconf 79' lang='lat' dir='ltr'>legitimationem</span> <span class='ocrx_word' id='word_1_250' title='bbox 1073 3949 1133 4015; x_wconf 93' lang='lat' dir='ltr'>per</span> <span class='ocrx_word' id='word_1_251' title='bbox 1166 3929 1457 3995; x_wconf 80' lang='lat' dir='ltr'>contrectationem</span> <span class='ocrx_word' id='word_1_252' title='bbox 1494 3935 1528 3994; x_wconf 90' lang='lat' dir='ltr'>et</span> 
     </span>
     <span class='ocr_line' id='line_1_31' title="bbox 351 4054 1525 4139; baseline -0.002 -19"><span class='ocrx_word' id='word_1_253' title='bbox 351 4055 479 4120; x_wconf 90' lang='lat' dir='ltr'>testium</span> <span class='ocrx_word' id='word_1_254' title='bbox 510 4054 733 4139; x_wconf 89' lang='lat' dir='ltr'>repetitionem</span> <span class='ocrx_word' id='word_1_255' title='bbox 758 4060 790 4118; x_wconf 88' lang='lat' dir='ltr'>et</span> <span class='ocrx_word' id='word_1_256' title='bbox 814 4074 913 4118; x_wconf 88' lang='lat' dir='ltr'>novas</span> <span class='ocrx_word' id='word_1_257' title='bbox 944 4056 1071 4120; x_wconf 90' lang='lat' dir='ltr'>testium</span> <span class='ocrx_word' id='word_1_258' title='bbox 1099 4056 1336 4130; x_wconf 88' lang='lat' dir='ltr'>attestationes;</span> <span class='ocrx_word' id='word_1_259' title='bbox 1361 4055 1525 4138; x_wconf 87' lang='lat' dir='ltr'>quocirca,</span> 
     </span>
     <span class='ocr_line' id='line_1_32' title="bbox 350 4177 1526 4263; baseline 0.003 -21"><span class='ocrx_word' id='word_1_260' title='bbox 350 4182 384 4242; x_wconf 89' lang='lat' dir='ltr'>in</span> <span class='ocrx_word' id='word_1_261' title='bbox 400 4179 463 4244; x_wconf 89' lang='lat' dir='ltr'>hac</span> <span class='ocrx_word' id='word_1_262' title='bbox 478 4178 610 4263; x_wconf 90' lang='lat' dir='ltr'>periodo</span> <span class='ocrx_word' id='word_1_263' title='bbox 626 4199 806 4262; x_wconf 81' lang='lat' dir='ltr'>processus,</span> <span class='ocrx_word' id='word_1_264' title='bbox 824 4180 987 4243; x_wconf 83' lang='lat' dir='ltr'>evolvitur</span> <span class='ocrx_word' id='word_1_265' title='bbox 1007 4177 1134 4263; x_wconf 90' lang='lat' dir='ltr'>publica</span> <span class='ocrx_word' id='word_1_266' title='bbox 1149 4182 1312 4244; x_wconf 86' lang='lat' dir='ltr'>accusatio</span> <span class='ocrx_word' id='word_1_267' title='bbox 1331 4185 1364 4245; x_wconf 88' lang='lat' dir='ltr'>et</span> <span class='ocrx_word' id='word_1_268' title='bbox 1382 4183 1526 4246; x_wconf 89' lang='lat' dir='ltr'>accusati</span> 
     </span>
    </p>
   </div>
   <div class='ocr_carea' id='block_1_9' title="bbox 349 4301 1657 4389">
    <p class='ocr_par' dir='ltr' id='par_1_9' title="bbox 349 4301 1657 4389">
     <span class='ocr_line' id='line_1_33' title="bbox 349 4301 1657 4389; baseline 0.002 -21"><span class='ocrx_word' id='word_1_269' title='bbox 349 4302 505 4368; x_wconf 83' lang='lat' dir='ltr'>defensio.</span> <span class='ocrx_word' id='word_1_270' title='bbox 523 4321 606 4386; x_wconf 90' lang='lat' dir='ltr'>quae</span> <span class='ocrx_word' id='word_1_271' title='bbox 628 4303 756 4367; x_wconf 88' lang='lat' dir='ltr'>videtur</span> <span class='ocrx_word' id='word_1_272' title='bbox 777 4301 944 4370; x_wconf 88' lang='lat' dir='ltr'>efficacior</span> <span class='ocrx_word' id='word_1_273' title='bbox 968 4325 1047 4376; x_wconf 85' lang='lat' dir='ltr'>esse,</span> <span class='ocrx_word' id='word_1_274' title='bbox 1066 4307 1140 4387; x_wconf 87' lang='lat' dir='ltr'>quia</span> <span class='ocrx_word' id='word_1_275' title='bbox 1158 4306 1304 4389; x_wconf 88' lang='lat' dir='ltr'>repetiiio</span> <span class='ocrx_word' id='word_1_276' title='bbox 1320 4311 1352 4370; x_wconf 90' lang='lat' dir='ltr'>et</span> <span class='ocrx_word' id='word_1_277' title='bbox 1371 4305 1524 4370; x_wconf 88' lang='lat' dir='ltr'>coniron-</span> <span class='ocrx_word' id='word_1_278' title='bbox 1656 4305 1657 4370; x_wconf 61' lang='lat' dir='ltr'>i</span> 
     </span>
    </p>
   </div>
   <div class='ocr_carea' id='block_1_10' title="bbox 350 4426 1527 4515">
    <p class='ocr_par' dir='ltr' id='par_1_10' title="bbox 350 4426 1527 4515">
     <span class='ocr_line' id='line_1_34' title="bbox 350 4426 1527 4515; baseline 0.002 -21"><span class='ocrx_word' id='word_1_279' title='bbox 350 4429 430 4494; x_wconf 90' lang='lat' dir='ltr'>tatio</span> <span class='ocrx_word' id='word_1_280' title='bbox 452 4426 488 4494; x_wconf 89' lang='lat' dir='ltr'>fit</span> <span class='ocrx_word' id='word_1_281' title='bbox 508 4449 637 4515; x_wconf 86' lang='lat' dir='ltr'>semper</span> <span class='ocrx_word' id='word_1_282' title='bbox 659 4449 769 4494; x_wconf 91' lang='lat' dir='ltr'>coram</span> <span class='ocrx_word' id='word_1_283' title='bbox 793 4436 943 4496; x_wconf 85' lang='lat' dir='ltr'>accusato</span> <span class='ocrx_word' id='word_1_284' title='bbox 966 4433 1098 4515; x_wconf 89' lang='lat' dir='ltr'>eiusque</span> <span class='ocrx_word' id='word_1_285' title='bbox 1121 4432 1303 4497; x_wconf 81' lang='lat' dir='ltr'>defensore.</span> <span class='ocrx_word' id='word_1_286' title='bbox 1329 4433 1408 4496; x_wconf 90' lang='lat' dir='ltr'>item</span> <span class='ocrx_word' id='word_1_287' title='bbox 1430 4430 1527 4496; x_wconf 90' lang='lat' dir='ltr'>hodie</span> 
     </span>
    </p>
   </div>
   <div class='ocr_carea' id='block_1_11' title="bbox 0 0 1687 5100">
    <p class='ocr_par' dir='ltr' id='par_1_11' title="bbox 0 0 1687 5100">
     <span class='ocr_line' id='line_1_35' title="bbox 0 0 1687 5100; baseline 0 0"><span class='ocrx_word' id='word_1_288' title='bbox 0 0 1687 5100; x_wconf 95' lang='lat' dir='ltr'> </span> 
     </span>
    </p>
   </div>
  </div>
 </body>
</html>
