3350 5100
128 57 143 271 l
180 267 183 274 ,

125 296 132 403 l

408 411 451 458 on
475 411 614 459 1uo1ons
638 411 883 460 cururunnrsus
906 413 943 459 ru
967 411 1085 460 spaera
1269 395 1337 461 555

243 533 348 590 Inlerr.
364 534 405 589 Ut
416 539 539 604 exponat
551 533 687 602 seriatim,
699 535 808 590 sincere
820 538 850 589 et
862 534 939 589 clare
951 550 986 588 ea
997 534 1101 601 omnia,
1112 535 1226 605 quaein
1238 534 1337 588 Sacra·

117 618 121 689 i
153 637 272 692 mentali
291 641 466 694 consessione
478 641 523 696 vel
537 645 621 697 antea
634 640 679 696 vel
693 645 791 712 postea
804 640 851 698 vel
862 640 1010 697 occasione
1021 641 1204 696 confessionis
1216 641 1337 697 audierit

153 761 170 797 s
188 744 366 802 Confessario
384 747 527 818 praedicto
545 747 638 802 minus
655 747 786 804 honesta:
804 747 850 804 vol
862 765 900 802 an
916 749 952 802 ab
965 747 1063 804 eodem
1075 747 1181 820 aliquid
1197 765 1260 802 cum
1272 749 1334 818 ipsa

108 852 117 889 ⁰
153 850 301 908 inhoneste
320 858 414 908 actum
433 855 521 910 tuerit
539 856 662 921 nutibus,
681 857 804 910 tactibus
821 872 872 911 seu
890 871 982 925 opere,
1001 859 1031 910 ot
1049 859 1187 926 quatenus
1205 859 1259 910 etc.

243 993 422 1048 Notandum:
446 993 500 1048 boc
525 994 588 1050 loeo
612 995 695 1051 iudex
719 995 840 1050 solerter
864 995 975 1050 curabit
999 998 1031 1049 ut
1056 996 1212 1050 referantur
1237 994 1335 1048 iisdem

110 1176 111 1185 ἵ
153 1099 255 1164 verbis,
268 1101 368 1172 quibus
387 1102 574 1156 confessarius
592 1120 658 1156 usus
676 1101 770 1166 suerit,
789 1117 933 1157 sermones
945 1105 1050 1171 turpes,
1062 1101 1247 1165 seductiones,
1260 1083 1348 1155 inri-¹

153 1210 280 1260 tamenta
297 1208 479 1263 conveniendi
498 1209 528 1262 in
548 1208 669 1280 aliquem
689 1209 781 1264 locum
801 1208 835 1262 ad
853 1208 959 1263 malum
977 1209 1070 1273 finem,
1088 1207 1202 1278 aliaque
1224 1208 1332 1273 omnia,

152 1329 225 1383 quae
244 1312 350 1368 crimen
369 1313 578 1369 sollicitationis
596 1315 780 1381 constituunt,
798 1313 926 1369 adhibita
942 1314 1094 1370 vernacula
1113 1314 1219 1382 lingua,
1237 1314 1335 1386 inqua

154 1421 348 1489 responsiones
366 1421 463 1475 sedulo
481 1426 510 1476 et
528 1393 614 1478 iuxta
626 1422 775 1478 veritatem
797 1423 997 1488 exarabuntur,
1013 1421 1137 1476 animum
1162 1421 1247 1475 addat
1270 1438 1336 1477 exa·

153 1528 286 1595 minatae,
305 1529 327 1582 si
349 1529 568 1596 animadvertat,
596 1547 657 1584 eam
681 1531 769 1585 nimio
793 1531 896 1585 timore
919 1533 971 1584 ant
993 1529 1161 1585 verecundia
1179 1546 1196 1582 a
1213 1530 1335 1584 veritate

154 1636 347 1704 patefacienda
360 1637 525 1706 praepediri,
538 1637 629 1693 eidem
647 1637 766 1692 suadens
784 1637 879 1692 omnia
896 1635 1052 1692 inviolabili
1065 1639 1173 1691 secreto
1185 1635 1336 1705 premenda

153 1757 224 1796 esse.
244 1741 369 1813 Denique
387 1743 517 1813 exquiret
534 1747 645 1812 tempus
663 1759 754 1814 aquo
772 1741 988 1798 sollicitationes
1012 1741 1182 1811 inceperint,
1204 1741 1334 1814 quamdiu

154 1849 376 1918 perduraverint,
395 1851 505 1922 quoties
524 1851 676 1919 repetitae,
701 1851 802 1922 quibus
826 1851 921 1905 verbis
939 1854 969 1905 et
987 1850 1096 1904 actibus
1121 1849 1226 1904 malum
1250 1849 1334 1904 linem

153 1954 345 2012 redolentibus
363 1973 511 2026 expressae
529 1957 641 2011 suerint.
655 1957 773 2012 (lavabit
784 1956 937 2027 diligenter
954 1957 990 2010 ab
1009 1955 1179 2026 exquirendo
1197 1971 1334 2010 consensu

154 2061 242 2130 ipsius
260 2062 437 2116 examinatae
456 2063 485 2116 in
503 2061 743 2130 sollicitationem,
755 2067 785 2117 et
797 2081 814 2117 a
826 2077 1001 2134 quacumque
1018 2061 1249 2132 interrogatione,
1262 2076 1334 2132 quac

79 2245 85 2258 Ι
153 2169 321 2224 desiderium
339 2169 438 2240 prodat
457 2169 641 2239 cognoscendi
660 2169 782 2225 eiusdem
803 2174 926 2240 peccata.

244 2307 347 2363 luten·-
369 2310 412 2364 An
424 2308 497 2364 scint
508 2307 552 2365 vel
566 2308 621 2364 dici
639 2309 760 2364 audierit
779 2309 954 2378 praedictum
967 2307 1172 2364 confessarium
1185 2305 1257 2361 alias
1269 2322 1335 2377 poc-

153 2416 277 2470 nitentes
290 2415 458 2471 sollicitasse
470 2417 505 2470 ad
519 2418 623 2487 turpia;
638 2423 667 2472 et
680 2421 819 2488 quatenus
832 2433 880 2471 eas
892 2418 1042 2471 nominet,¹
1058 2416 1154 2486 (atque
1167 2415 1213 2468 hic
1227 2416 1335 2469 iubebit

154 2523 236 2593 pandi
256 2539 357 2579 nomen
376 2539 531 2595 cognomen
550 2529 580 2579 et
597 2524 697 2581 saltem
717 2523 820 2580 indicia
838 2522 968 2591 clariore,
987 2522 1088 2595 quibus
1106 2523 1181 2579 aliae
1200 2538 1334 2593 personae

152 2628 326 2685 sollicitatae
344 2630 438 2701 detegi
457 2629 584 2701 possint).

244 2770 422 2826 Notandum:
435 2772 462 2825 Si
477 2773 550 2827 torte
568 2773 736 2826 inducantur
750 2772 824 2827 aliae
836 2753 977 2841 personae
984 2771 1164 2838 sollicitatae,
1177 2772 1232 2825 erit
1248 2771 1335 2841 ipsius

153 2876 254 2931 iudicis
277 2895 325 2933 aas
349 2878 500 2947 prudenter
519 2879 658 2934 advocare
683 2884 713 2935 et
736 2878 904 2949 singillatim
927 2881 1088 2935 examinare
1113 2880 1192 2935 iuxta
1216 2880 1334 2935 formam

153 2986 282 3057 superius
300 2987 464 3057 expositam.

244 3130 320 3199 Rcsp
321 3168 600 3185 ...........

244 3234 345 3291 interr.
367 3235 407 3291 De
425 3237 501 3290 sama
519 3236 655 3307 praedicti
676 3236 845 3295 Contossarii
857 3221 916 3292 tam
928 3237 1001 3307 apud
1013 3252 1044 3291 se
1056 3253 1139 3307 qnam
1158 3237 1232 3306 apud
1245 3234 1335 3291 aliosi

244 3342 318 3411 Rcsp
320 3380 595 3397 ...........

245 3447 348 3502 interr.
368 3450 412 3503 An
431 3426 573 3518 praedicta
591 3449 751 3519 deposuerit
768 3466 803 3505 ex
821 3450 949 3505 iustitiae
966 3454 997 3505 et
1013 3448 1145 3505 raritatis
1164 3464 1270 3515 amore,
1287 3448 1332 3504 vel

154 3554 248 3624 potius
266 3572 300 3611 ex
319 3555 414 3626 aliquo
433 3556 599 3612 inimicitiae
617 3557 662 3611 vel
681 3556 737 3611 odii
755 3557 868 3621 affectu,
886 3561 917 3611 ot
933 3560 1072 3627 qnatenus
1090 3560 1143 3611 etc.
1260 3536 1264 3541 ’

245 3662 321 3733 Resp
322 3700 595 3717 ...........

244 3768 350 3830 Quibus
369 3768 474 3823 habitis
492 3774 522 3825 et
538 3770 692 3838 acceptatis
710 3770 825 3823 dimissa
842 3770 898 3823 tuit
915 3770 1008 3824 iurata
1019 3769 1054 3825 de
1065 3768 1179 3824 silentio
1197 3770 1334 3825 servando

154 3875 258 3929 iterum
277 3877 361 3931 tactis
379 3875 426 3930 SS.
447 3876 495 3931 Dei
516 3876 689 3947 Evangeliis,
702 3878 784 3947 eique
803 3876 930 3946 perlecto
941 3892 992 3931 sno
1007 3877 1136 3931 examine
1148 3878 1177 3930 in
1189 3878 1334 3932 confirma·

154 3982 260 4037 tionem
281 3982 494 4052 praemissorum
519 4000 550 4040 se
574 3985 737 4055 subscripsit
760 3984 900 4055 (siluerit
924 3981 1061 4038 illiterata
1084 3983 1204 4053 dicator)
1223 3988 1334 4039 etcum

155 4084 279 4142 scribere
298 4086 419 4142 nesciret
437 4086 505 4143 tecit
521 4086 634 4158 signum
653 4086 769 4143 Gru-cis.

714 4227 896 4299 (subscriptio
913 4244 1048 4297 personae
1067 4228 1262 4297 examinatae).

207 4378 212 4387 ’
244 4370 317 4424 ricta
334 4374 400 4425 eunt
417 4368 487 4425 haec
507 4387 556 4441 per
574 4387 619 4426 mo
637 4370 670 4423 N.
691 4370 724 4423 N.
744 4370 950 4425 (lancellarium
970 4371 1016 4427 vel
1042 4370 1188 4426 Notarium
1208 4368 1335 4426 adhunc

155 4480 249 4531 actum
268 4479 448 4545 assumptum.
