3350 5100
332 268 397 333 266
844 284 928 333 rens
957 284 994 332 11.

331 410 415 494 quod
433 412 595 477 evincitur
618 414 805 497 expressius
828 413 862 475 in
886 416 951 477 art.
968 412 1001 477 5.
1022 411 1166 483 ‹Quum
1185 413 1329 495 procedi
1357 416 1510 495 oporteat

330 538 555 604 criminaliter
579 538 649 603 sive
674 535 892 618 infractionis
918 538 1097 619 praecepti
1119 542 1182 602 aut
1211 537 1395 603 criminum
1419 556 1508 603 com·

329 661 487 726 munium
501 661 554 726 rel
571 661 684 746 tepum
699 659 870 726 Ecclesiae
894 658 1085 725 violationis
1108 678 1223 735 causa,
1235 677 1419 743 processus
1433 678 1509 725 con·

329 786 385 870 fici
400 804 526 852 rornsr
546 784 670 867 formis
691 784 894 851 summariis
911 789 942 884 et
957 783 1084 869 absque
1100 784 1218 851 iudicii
1234 803 1411 857 sennenn,
1428 802 1509 851 sen-

328 929 428 977 vnrrs
451 930 587 977 seneen
610 930 755 977 nennrns
779 928 950 976 rusrrrrnn
974 929 1282 995 snesrsnrrnnreos
1299 932 1329 977 u.

419 1035 493 1101 197.
518 1037 674 1103 Attamen
703 1035 832 1100 videtur
864 1037 1008 1121 praecipi
1039 1037 1121 1102 ritus
1151 1036 1344 1101 summarius
1374 1055 1442 1101 uno
1475 1035 1509 1097 in

328 1181 415 1242 casu,
431 1161 558 1245 qnando
574 1181 690 1246 nempe
705 1163 824 1246 agitur,
839 1163 872 1225 in
889 1164 1043 1228 instantia
1059 1162 1293 1247 appellationis.
1311 1178 1408 1227 causa
1424 1180 1508 1244 quae

327 1287 362 1352 in
378 1287 496 1369 prima
518 1286 672 1351 instantia
694 1282 826 1353 definite
842 1286 904 1351 fuit
927 1308 1079 1373 processu
1102 1288 1293 1362 summari0;
1317 1286 1406 1352 iubet
1420 1286 1507 1352 enim

328 1416 391 1475 art.
417 1411 470 1475 42.
497 1410 644 1483 «Quum
673 1410 868 1492 appellatio
887 1410 1095 1493 producitur
1119 1430 1141 1474 a
1169 1410 1335 1477 sententio
1361 1410 1509 1476 alicuius

328 1518 446 1598 curiae
475 1533 677 1616 episcopatis
703 1533 750 1598 ad
780 1532 1097 1616 Metropolitanum,
1129 1533 1415 1616 Archiepiscopus
1437 1549 1509 1616 pro

328 1658 519 1744 copnilione
541 1663 574 1723 et
594 1657 764 1723 decisione
787 1676 912 1723 causae
934 1658 1090 1744 sequitur
1111 1678 1272 1724 nonnam
1297 1658 1509 1741 procedendi

328 1783 365 1847 in
387 1783 451 1848 hac
466 1801 655 1848 ¹rnsrnuor.
680 1781 891 1849 traditam».
917 1783 957 1847 Et
980 1784 1035 1848 hic
1065 1784 1222 1857 articulus
1253 1786 1302 1849 est
1331 1782 1510 1848 conformis

327 1906 600 1991 iurisprudentiae
623 1924 704 1990 quae
727 1906 917 1991 iampridem
940 1908 1085 1981 invaluit,
1109 1910 1216 1992 prouti
1247 1907 1384 1973 edictum
1410 1914 1459 1973 est
1488 1928 1508 1973 a

329 2032 413 2097 Rota
430 2031 468 2096 R.
485 2033 518 2095 in
533 2032 730 2098 Ferrarien.
745 2032 923 2098 Bonorum
946 2031 989 2098 26
1014 2032 1085 2097 Iun.
1107 2032 1192 2099 1613
1209 2052 1327 2100 coram
1343 2033 1383 2097 D.
1400 2033 1508 2098 Pam-

322 2156 434 2239 philio
464 2156 539 2220 dein
562 2156 660 2223 Pont.
684 2158 884 2224 Innocentio
902 2159 942 2223 X.
960 2194 975 2205 -
997 2158 1046 2223 Oi.
1064 2157 1245 2243 Pellegrini
1262 2160 1282 2224 l.
1311 2160 1363 2225 cit.
1387 2178 1421 2225 n.
1446 2160 1507 2225 29.

328 2281 434 2345 Porro
457 2283 502 2345 ita
516 2281 583 2346 fert
598 2279 728 2348 effetum
747 2302 890 2349 -causa
912 2284 1015 2349 semet
1037 2284 1240 2355 summaria,
1258 2303 1392 2367 semper
1414 2304 1508 2350 sum-

325 2406 490 2489 maria3-
508 2426 546 2471 eo
570 2409 671 2493 magis
683 2407 766 2491 qnod
784 2409 978 2473 insecenda
994 2414 1028 2473 et
1044 2410 1191 2475 ulteriori
1207 2411 1362 2477 mutantia
1378 2411 1510 2497 expedi-

325 2531 390 2595 tior
411 2550 537 2615 quoque
561 2530 655 2596 debet
678 2552 750 2598 esse
772 2553 962 2618 processus;
979 2554 1053 2598 narn
1072 2533 1185 2600 indicis
1209 2534 1433 2620 appellationis
1457 2542 1509 2602 est

325 2656 523 2740 potissimum
547 2656 735 2721 examinare
762 2663 840 2722 octa
864 2676 998 2740 causae,
1024 2678 1088 2722 non
1112 2659 1264 2744 supplere
1288 2665 1365 2725 oola
1389 2659 1511 2726 iudicii

326 2798 385 2843 seu
407 2779 634 2844 solemnitates.
