3350 5100
345 290 411 355 482
851 308 934 357 enas
962 306 1013 357 111.

226 436 228 444 '
343 441 416 499 toro
439 440 472 499 et
494 430 741 504 cohabitatione,
767 432 918 499 videlicet
941 437 1019 496 tunc
1042 432 1204 495 accusatio
1226 430 1382 513 competit
1399 436 1517 496 tantum

345 560 474 645 coniugi
497 558 677 625 innocenti.
703 558 784 622 Item
809 557 862 623 dio
884 555 925 622 de
947 556 1011 621 alio
1034 554 1169 636 delicto,
1197 555 1296 619 veluti
1320 555 1466 629 haeresi,
1489 559 1518 618 ri

345 684 435 749 ouius
460 684 588 766 coniugi
614 682 783 749 innocenti
806 686 856 747 iua
879 682 989 747 estad
1015 681 1186 745 divortium
1210 681 1450 766 semiplenum·

478 808 512 897 2)
532 808 796 893 [inpedimentum
813 807 969 873 dirimens
983 812 1094 872 mettre
1109 825 1224 886 causo,
1237 806 1332 872 obiici
1344 812 1469 872 tantum
1483 806 1521 869 ab

344 952 384 998 eo
399 936 505 1017 potest
520 933 573 1016 qui
591 936 709 996 metum
734 950 846 1015 passus
862 936 920 995 eat.
947 931 1047 995 Docet
1061 930 1114 996 cit.
1131 931 1229 995 lustr.
1249 931 1281 996 S.
1299 929 1408 997 Officii
1423 930 1446 1013 §
1460 928 1523 996 35.-
1642 961 1643 964 ¹

347 1080 365 1123 e
383 1060 544 1125 neminem
560 1079 580 1123 a
596 1060 667 1123 iure
689 1056 813 1122 admitti
837 1057 878 1122 ad
900 1058 1138 1123 matrimonium
1161 1076 1206 1122 ex
1221 1057 1284 1122 hoo
1299 1060 1409 1142 capite
1425 1059 1522 1143 impu-

290 1184 293 1191 ’
345 1185 518 1271 gnandum,
536 1185 596 1249 nisi
619 1185 672 1266 qui
689 1182 875 1249 violentiam
890 1188 925 1246 et
939 1183 1138 1249 coactionem
1155 1201 1268 1266 passus
1282 1181 1416 1253 dicitur;
1436 1185 1524 1247 reiioi

346 1330 425 1377 vero
449 1330 532 1390 eum,
549 1312 602 1393 qui
623 1328 682 1393 per
705 1308 836 1393 longum
860 1314 986 1392 tempus
1009 1310 1040 1371 in
1065 1307 1273 1397 matrimonio
1285 1308 1418 1371 vixerit.
1434 1307 1525 1371 dum·

346 1434 439 1501 modo
463 1434 566 1501 eidem
590 1433 724 1498 libertas
747 1438 778 1496 et
801 1434 1023 1517 opportunitas
1049 1432 1247 1496 reclamandi
1270 1452 1334 1495 non
1366 1430 1524 1507 defuerit;

346 1562 390 1625 ita
414 1566 448 1625 ut
471 1561 497 1625 si
520 1558 603 1624 liber
619 1560 681 1622 iam
697 1577 717 1622 a
734 1564 830 1638 metu,
848 1577 906 1622 sua
921 1563 1044 1642 sponte,
1060 1558 1093 1621 in
1111 1556 1271 1641 coniugali
1288 1556 1384 1621 domo
1407 1562 1525 1642 perati-

343 1688 431 1767 terit,
449 1684 697 1750 matrimonialia
719 1681 826 1749 officia
842 1703 907 1747 non
923 1683 1166 1770 detrectaverit.
1185 1682 1288 1747 audiri
1305 1682 1445 1767 emptius
1462 1702 1526 1747 non

345 1812 505 1878 debeat».
531 1792 594 1876 'Sed
618 1812 662 1875 uti
686 1816 785 1894 patet,
811 1808 865 1873 hic
887 1826 995 1872 nermo
1021 1814 1071 1873 est
1094 1807 1133 1871 de
1161 1807 1390 1893 impedimento
1417 1814 1527 1874 metae

345 1937 586 2002 matrimonium
603 1934 788 2009 dirimente;
814 1931 897 2017 quod
914 1938 1047 2000 sanatur
1068 1952 1089 1997 a
1112 1938 1204 2018 parte
1227 1938 1348 1998 metum
1371 1935 1525 2017 pemani

346 2060 428 2124 haec
451 2058 491 2123 de
516 2060 648 2123 notente
671 2056 727 2122 flat
749 2058 865 2123 votens
888 2062 921 2120 et
942 2043 1046 2121 iibere
1062 2057 1268 2121 consentiens
1291 2056 1331 2120 ad
1356 2059 1525 2122 matrimo-

346 2184 434 2247 nium
453 2181 709 2255 rovalidandum3
729 2183 879 2246 nimirum
896 2199 1003 2245 sermo
1019 2186 1069 2245 est
1087 2179 1127 2244 de
1144 2180 1372 2263 impedimento
1386 2190 1526 2262 secreto,

346 2306 397 2371 vel
414 2306 454 2371 de
471 2304 696 2390 impedimento
716 2304 853 2388 publico
878 2304 929 2370 ubi
953 2311 1050 2389 caput
1078 2304 1226 2370 Tametsi
1248 2304 1446 2389 publicatum
1463 2329 1526 2372 non

346 2432 454 2497 fuerit.
481 2432 580 2495 Hisce
603 2432 688 2495 enim
720 2431 752 2493 in
783 2430 876 2501 locis,
901 2428 954 2494 ubi
986 2431 1035 2494 ius
1065 2429 1275 2495 tridentinum
1298 2432 1402 2516 viget,
1428 2452 1527 2516 quum

346 2561 450 2620 metus
473 2561 523 2620 eat
543 2553 716 2637 publicae.
742 2555 979 2620 matrimonium
1002 2554 1079 2618 inde
1101 2553 1224 2619 nullum
1254 2555 1431 2620 roralidari
1462 2577 1527 2623 non

347 2683 453 2766 potest
484 2679 544 2744 nisi
577 2681 749 2764 impetratu
778 2678 1017 2763 dispensatione
1039 2699 1060 2742 a
1092 2681 1182 2743 itom.
1209 2681 1302 2745 Puni.
1327 2686 1384 2746 aut
1408 2683 1527 2747 iterum

346 2803 489 2869 adhibita
514 2803 619 2868 forma
634 2803 819 2869 tridentina.
839 2805 919 2869 Item
943 2806 969 2868 si
993 2803 1253 2888 impedimentum
1278 2813 1328 2870 eat
1347 2805 1526 2888 pubiicum

347 2933 379 2992 et
401 2947 478 3013 para
500 2934 621 2993 metum
645 2947 740 3013 passa
761 2928 1023 3013 impedimentum
1047 2927 1169 3012 pluries
1192 2928 1279 2993 fessa
1301 2935 1351 2994 eat
1374 2933 1528 3014 tempore

346 3069 417 3116 non
439 3056 602 3134 rurpeoto,
620 3051 675 3116 aed
691 3057 802 3135 postea
817 3049 858 3114 ab
874 3051 1056 3116 accusando
1071 3050 1227 3117 desistere
1248 3046 1458 3119 coni-incitor
1474 3056 1528 3118 vel

347 3171 387 3238 ob
410 3175 550 3238 animum
576 3177 607 3238 in
632 3174 769 3240 alteram
794 3180 918 3259 partem
941 3174 1113 3246 infensum,
1130 3175 1184 3239 vel
1206 3178 1281 3259 quia
1300 3178 1370 3240 eius
1385 3178 1456 3243 vult
1481 3181 1527 3244 uti

347 3297 467 3362 divitiis
496 3305 527 3363 et
554 3299 700 3375 nomine,
724 3305 815 3364 certe
847 3302 942 3364 etiam
970 3300 1054 3364 aiter
1083 3302 1219 3369 coniux,
1244 3301 1296 3366 vel
1327 3303 1465 3386 quisque
1488 3303 1528 3369 de
1642 3378 1643 3381 Ἴ

348 3423 465 3508 populo
489 3425 541 3488 vel
565 3423 662 3489 iudex
686 3443 731 3490 em
752 3424 861 3508 officio
884 3427 1122 3490 accusationem
1149 3427 1336 3490 instaurare
1358 3427 1481 3492 valent.

481 3547 514 3634 3)
542 3549 621 3612 Item
645 3548 772 3613 dicatur
795 3548 834 3613 de
860 3549 1064 3614 matrimonio
1090 3550 1148 3614 sub
1176 3549 1369 3617 conditione
1390 3551 1529 3634 publice
1642 3530 1643 3595 Ᾰ

347 3671 425 3738 inito
443 3672 476 3735 in
491 3670 608 3754 forma
628 3672 822 3737 tridentina.
849 3673 947 3737 Tunc·
956 3675 1076 3738 coniux
1091 3673 1131 3737 ad
1147 3673 1415 3740 reuoitdundum
1431 3684 1527 3743 matr.

347 3791 522 3857 conditioni
547 3794 742 3858 renunciare
757 3813 823 3858 non
839 3795 935 3862 valet.
952 3813 1144 3860 eonsensum
1167 3794 1323 3861 adiiciens
1342 3795 1527 3864 conditione

347 3935 412 3981 non
435 3914 596 3985 affectum.
622 3917 721 3983 Secus
744 3919 770 3983 ai
794 3919 937 3984 conditio
961 3918 1062 3984 fuerit
1079 3925 1209 3986 remoto
1230 3920 1283 3985 vel
1303 3921 1454 4004 publicu,
1470 3923 1527 3988 sed

346 4040 472 4108 adiecta
487 4043 519 4106 in
541 4041 621 4107 locis
638 4040 690 4108 ubi
706 4044 755 4108 ius
778 4042 986 4108 tridentinum
1010 4063 1074 4109 non
1091 4045 1412 4129 viget.·Praehabitis
1436 4048 1526 4112 hisce
1642 4020 1643 4103 d

346 4165 618 4233 declarationibus
648 4167 877 4254 intelligendus
911 4173 960 4234 eat
990 4189 1104 4234 aeneus
1133 4171 1156 4251 ἓ
1188 4169 1248 4234 117
1278 4171 1377 4238 lustr.
1409 4173 1523 4238 duent
1642 4174 1643 4205 ³

350 4312 368 4353 ‹
385 4289 521 4365 Quando
538 4294 774 4358 matrimonium
798 4293 857 4358 sub
881 4291 1063 4359 conditione
1079 4294 1274 4360 contrahere
1291 4315 1351 4381 per
1365 4298 1525 4381 exceptio·

347 4435 420 4479 nem
445 4417 651 4491 concedatur,
677 4401 925 4491 matrimonium,
943 4424 1077 4504 propter
1092 4419 1308 4485 conditionem
1332 4440 1398 4486 non
1417 4421 1523 4506 imple-
