3350 5100
313 290 359 355 94
831 310 916 358 rens
941 311 963 357 1.

314 432 493 505 siasticam,
525 431 734 498 omittendum
769 451 834 498 non
865 437 915 498 est.
944 433 1068 499 crimen
1103 432 1301 520 obreptionis
1330 438 1387 500 aut
1416 435 1492 500 snb·

314 558 471 642 replicuis
499 559 533 624 in
564 559 732 644 rescriptis
762 557 972 645 impetrandis
1003 557 1192 634 admissum
1225 560 1316 626 cuius
1346 562 1492 627 criminis

309 701 425 766 poeno
455 690 504 749 est
533 682 666 748 nullitas
695 685 845 770 rescripti
878 683 952 766 ipso
982 684 1074 766 sacto
1105 682 1251 751 afficiens
1282 687 1441 772 rescripta
1464 689 1491 752 si

314 810 507 893 rescriptum
538 811 580 876 sit
608 810 761 894 qratiam
790 810 922 875 nullitas
951 830 995 876 ex
1015 810 1161 877 'adverso
1192 831 1256 895 ope
1282 813 1492 896 acceptionis

313 932 477 1001 obtinetur
499 934 526 998 si
550 933 743 1018 rescriptum
766 933 808 998 sit
823 933 973 1014 iustitiae,
990 933 1106 999 saltem
1122 936 1213 1000 iuxta
1236 935 1399 1001 veriorem
1416 954 1490 1001 sen·

314 1059 466 1133 tentiam;
494 1077 564 1143 arg.
589 1076 662 1141 cop.
687 1057 749 1138 22,
773 1057 805 1121 b.
831 1063 864 1140 t,
891 1057 934 1124 ci.
959 1057 1098 1146 Pirhing
1116 1058 1147 1124 b.
1165 1064 1185 1123 t.
1201 1078 1237 1124 n.
1263 1059 1310 1125 85
1333 1058 1390 1144 (1),
1407 1060 1490 1126 Gar·

313 1184 388 1256 zius,
413 1183 464 1249 Dc
487 1181 605 1265 beret,
625 1186 720 1266 pari.
744 1182 777 1264 8,
802 1201 877 1266 cap.
901 1181 935 1249 3.

404 1307 546 1394 Elegans
569 1313 620 1373 est
640 1309 786 1392 quaestio
809 1327 852 1372 an
876 1308 959 1374 haec
990 1308 1120 1373 nullitas
1147 1308 1355 1392 inpositam
1379 1310 1492 1376 iucur-

314 1438 407 1497 ratur
437 1433 533 1496 eiiam
564 1432 596 1495 in
628 1431 796 1516 rescriptis
827 1430 1071 1517 Episcopalibus
1099 1450 1157 1497 seu
1179 1431 1315 1497 alterius
1345 1431 1491 1498 Praelati

315 1557 405 1642 Papa
427 1555 604 1621 inferioris.
623 1591 640 1605 -
660 1555 754 1621 Hanc
777 1557 996 1639 quaestionem
1017 1557 1119 1642 agitat
1135 1555 1278 1626 Garzias,
1298 1556 1346 1622 De
1369 1556 1490 1638 benefi,

309 1688 403 1765 part.
427 1682 460 1759 8,
484 1700 559 1765 cap.
583 1681 630 1756 2,·
652 1686 686 1748 et
707 1682 815 1747 varias
847 1683 910 1746 DD.
936 1687 1086 1747 recenset
1116 1682 1294 1768 opiniones.
1318 1683 1392 1768 lpse
1422 1685 1492 1769 opi-

313 1814 411 1872 natur
430 1825 580 1890 poenam
603 1807 758 1872 nullitatis
779 1826 845 1872 non
868 1825 971 1891 aeque
994 1813 1143 1892 spectare
1166 1807 1206 1872 ad
1229 1811 1390 1895 rescripta
1412 1811 1491 1896 Epi-

313 1933 465 2016 scopalia,
477 1931 577 1998 veluti
589 1931 629 1997 ad
644 1932 771 1997 litteras
786 1931 993 2004 dimissorias,
1006 1931 1046 1996 ad
1063 1932 1325 2018 dispensationes,
1339 1933 1380 1999 ad
1396 1933 1491 2001 abso·

314 2058 451 2122 lotiones
473 2076 494 2120 a
515 2058 673 2128 censuris,
697 2056 738 2123 ad
769 2044 958 2123 collationes
982 2053 1230 2132 beneficiorum
1256 2057 1398 2124 ethanc
1421 2061 1491 2145 opi·

313 2185 442 2248 otonem
465 2183 638 2267 sequimur,
662 2183 737 2267 quia
760 2181 843 2246 haec
862 2200 977 2264 poena
1000 2182 1033 2246 in
1057 2183 1128 2246 iure
1151 2183 1228 2247 satis
1251 2202 1406 2269 expressa
1425 2204 1490 2250 non

314 2313 376 2378 est,
401 2324 470 2390 arg.
499 2304 601 2371 Clem.
617 2304 652 2385 2,
677 2303 727 2371 De
749 2305 804 2388 off.
829 2303 903 2369 ord.
924 2339 940 2352 -
958 2303 1119 2375 Ceterum,
1143 2306 1192 2382 (et
1214 2303 1278 2369 hoc
1300 2304 1491 2374 advertatur

313 2430 418 2514 quoad
440 2431 594 2516 praxim),
619 2431 680 2494 ista
703 2429 863 2494 sententia
884 2427 1066 2493 considerat
1085 2447 1235 2511 poenam
1253 2429 1408 2496 nullitatis
1432 2451 1491 2496 seu

314 2555 494 2620 nullitatem
518 2553 683 2620 decretam
706 2554 739 2617 in
758 2571 920 2635 poenam,
937 2570 1001 2616 non
1026 2554 1126 2637 ipsam
1143 2552 1324 2617 nullitatem
1341 2553 1492 2619 derivan-

313 2686 379 2744 tem
403 2678 443 2744 0b
466 2680 587 2745 vitium
609 2680 832 2758 intrinsecum,
857 2674 1002 2742 afficiens
1025 2678 1126 2762 ipsam
1153 2644 1352 2744 voluntatem
1376 2698 1493 2745 conce·

314 2806 436 2883 dentis;
461 2804 588 2889 quando
605 2824 720 2890 nempe
736 2804 881 2890 obreptio
902 2804 1049 2888 pertinet,
1065 2802 1105 2867 ad
1128 2822 1258 2869 causam
1282 2804 1452 2871 motivam.
1473 2840 1491 2853 -

315 2931 495 2996 Praeterea
520 2929 710 2995 advertatur
734 2928 856 3013 requiri
887 2908 1079 2993 sententiam
1103 2927 1384 3003 declaratoriam,
1412 2948 1493 3013 quo·

314 3056 512 3137 tiescumque
534 3052 666 3119 nullitas
689 3051 835 3118 edicatur
858 3052 982 3115 incurri
1008 3070 1051 3115 ex
1070 3068 1207 3133 ροοηας
1230 3051 1277 3115 uti
1299 3052 1379 3117 scite
1403 3056 1494 3117 notat

315 3176 515 3243 D’Annibale
538 3178 566 3251 Ι,
591 3197 624 3242 o.
648 3175 742 3259 2385
764 3174 900 3260 proinde
922 3176 949 3241 si
972 3175 1033 3241 ista
1064 3176 1226 3261 rescripta
1258 3174 1356 3240 iudex
1386 3175 1493 3243 edicat

314 3306 466 3371 laborare
488 3304 645 3378 nullitate,
668 3303 840 3370 declarare
863 3301 958 3368 debet
981 3321 1119 3385 quanam
1143 3321 1185 3367 ex
1208 3320 1307 3367 causa
1322 3301 1412 3366 nulia
1428 3304 1492 3367 sint

314 3430 346 3495 id
370 3436 420 3495 est
441 3430 545 3496 autin
564 3447 724 3511 poenam,
748 3433 805 3493 aut
827 3427 867 3492 ob
890 3390 1051 3493 baturato
1072 3412 1192 3492 uitium
1215 3424 1414 3512 obreptionis
1437 3430 1494 3490 aut

315 3551 539 3638 subreptionis,
563 3556 597 3616 et
618 3549 693 3615 inde
715 3550 810 3615 alteri
834 3550 918 3635 parti
943 3549 995 3614 via
1018 3552 1106 3635 patet
1128 3547 1303 3632 impetendi
1320 3547 1406 3615 hanc
1421 3567 1492 3615 sen-

314 3676 448 3743 tentiam
471 3675 567 3739 etiam
589 3675 623 3739 in
646 3673 763 3739 iudicio
785 3671 1009 3758 appellationis
1032 3670 1087 3756 (2).

404 3904 444 3974 (l)
468 3902 597 3959 Meschoi
622 3903 689 3956 inst.
719 3901 784 3956 Can.
803 3904 828 3955 b.
852 3912 880 3965 t,
905 3918 932 3953 n.
952 3900 996 3965 10,
1016 3898 1154 3953 mordicus
1178 3897 1302 3954 defendit
1321 3898 1491 3952 contrariam

313 4012 493 4067 sententiam.
512 4040 526 4053 -
545 4010 603 4065 Nos
621 4009 709 4064 locuti
727 4026 822 4063 somus
841 4008 875 4062 de
894 4008 1011 4061 crimine
1032 4006 1201 4077 obreptionis
1224 4009 1273 4059 aui
1291 4005 1478 4075 subreptionis

315 4095 380 4173 nam
399 4117 508 4189 quando
533 4116 660 4186 obreptio
684 4118 734 4170 aut
757 4115 902 4184 subreptio
926 4112 1111 4168 committitur
1134 4111 1182 4167 sed
1199 4128 1234 4169 ex
1258 4112 1419 4182 iquorantic
1444 4118 1492 4165 aut

313 4226 502 4295 sirnplicitata
514 4226 650 4291 rescripte
668 4224 797 4277 laborant
814 4220 948 4276 nullitate
967 4220 990 4273 si
1009 4220 1142 4290 Princeps
1154 4220 1265 4290 capnitis
1277 4221 1394 4277 veritate
1408 4217 1492 4275 aliter

315 4335 511 4404 rescripsisset,
528 4333 619 4405 quoad
637 4334 816 4387 mbmanaam
835 4328 1029 4384 concessionis.

406 4440 447 4512 (2)
465 4440 507 4495 En
531 4441 617 4495 verbe
640 4440 741 4510 quibus
765 4437 864 4491 Garris
884 4438 902 4488 l.
922 4454 944 4490 c.
963 4436 1095 4491 enunciat
1119 4452 1197 4491 susm
1222 4434 1399 4490 sententiam.
1418 4445 1436 4487 <
1456 4432 1491 4487 Id
