3350 5100
353 306 420 373 662
822 326 929 375 runex
952 328 1070 375 neuun

412 450 524 503 Cesar.
542 476 579 491 -
600 449 671 511 Quid
700 456 728 503 et
756 447 919 519 quotuplex,
973 448 1119 517 dispicitur
1144 466 1179 501 an
1205 448 1332 502 incursae
1358 450 1415 502 siut
1431 466 1532 520 poenae
1634 476 1635 517 3

356 536 420 590 ρας.
442 520 493 575 103
510 531 585 575 nota.
974 520 992 573 l.
1012 539 1033 573 s.
1053 526 1102 573 eut
1121 519 1357 588 irregularitates,
1376 537 1438 591 pag.
1456 521 1515 576 531.

413 660 921 731 Citatio.-Quomododistiuguatur
1031 662 1164 732 Capsum
1186 684 1223 703 ν·
1244 661 1390 717 mulierem
1419 662 1452 715 ad
1480 680 1535 719 mo-

358 752 375 788 a
400 735 555 789 monitione
578 734 721 797 canonice,
741 750 802 802 pag.
823 732 886 788 351.
907 761 919 773 -
974 735 1127 789 nesterium
1151 733 1361 801 ingrediendum
1388 749 1536 805 eorumque

358 806 397 861 De
416 806 552 859 citatione
575 805 700 875 inquisiti
722 811 752 859 et
771 806 804 859 de
823 812 921 859 tenore
975 805 1124 873 complices
1135 806 1423 859 excommunicatione
1433 822 1537 861 nonre-

357 876 441 931 buius
460 876 611 941 citationis,
622 893 684 946 peg.
705 876 768 929 382.
786 904 799 916 -
817 874 921 936 Quotu-
974 882 1088 931 servata
1104 894 1123 929 a
1141 876 1223 929 Cone.
1244 876 1317 929 Trid.
1338 878 1537 947 percelluntur,
1634 874 1635 931 l

357 949 420 1019 pler
440 949 538 1002 citatio
551 948 709 1017 requiratur
727 947 761 1002 ad
780 956 922 1001 contuma-
976 965 1037 1017 pag.
1057 948 1100 1001 89.

355 1022 435 1081 dom,
454 1036 517 1089 pag.
536 1018 598 1073 383.
619 1048 628 1059 ·
647 1018 752 1073 Citatio
770 1019 811 1072 rei
830 1024 862 1072 ut
880 1018 921 1072 in·

353 1092 437 1147 tersit
461 1107 565 1144 caume
589 1090 782 1158 disceptationi
807 1094 851 1145 eet
873 1106 920 1145 ne·
1029 1088 1444 1161 Coniecturae-eleemosynas
1454 1092 1539 1145 maio-
1634 1084 1635 1137 ἶ

354 1163 490 1225 cestria,
516 1178 579 1230 pag.
605 1162 666 1215 401.
692 1190 707 1203 -
732 1160 919 1216 Declarationi
974 1162 1012 1214 ris
1032 1162 1114 1231 pretii
1134 1176 1183 1228 pro
1203 1162 1296 1214 Missis
1315 1160 1493 1215 celebrandis
1512 1170 1539 1218 et

355 1249 490 1290 censurae
503 1233 693 1302 praemittitur
703 1234 795 1287 edotio
808 1238 837 1286 et
851 1234 922 1287 cita·
974 1248 1008 1287 ex
1036 1232 1071 1287 iis
1098 1232 1204 1286 lucrum
1233 1239 1390 1301 captantes,
1421 1250 1538 1288 censura

354 1307 424 1360 tioni
439 1306 596 1359 necessaria
609 1305 711 1359 notitia
723 1304 856 1369 criminis,
870 1309 920 1357 aut
975 1303 1142 1374 plectuntur.
1164 1318 1225 1372 peg.
1250 1304 1289 1357 13.
1308 1333 1320 1345 -
1338 1304 1485 1365 Quomodo
1497 1308 1538 1358 in-

355 1379 496 1447 inquisitio
519 1392 573 1445 pro
594 1377 795 1445 informatione
814 1378 919 1441 curiae,
974 1382 1103 1429 curratur
1126 1374 1194 1427 haec
1220 1392 1345 1442 censure,
1372 1393 1435 1445 peg.
1467 1378 1507 1429 14.
1524 1407 1539 1419 -

356 1447 684 1517 peg.5ltsq.-Sutllcit
703 1447 872 1501 suscitatio
889 1451 920 1501 et
973 1446 1043 1508 Quid
1070 1446 1202 1500 statuerit
1229 1446 1256 1499 S.
1285 1446 1314 1501 C.
1340 1448 1369 1501 C.
1395 1464 1440 1500 an.
1473 1448 1538 1502 1893

374 1518 491 1574 uomodo
504 1518 687 1587 concipienda
698 1520 744 1584 sit,
759 1535 820 1587 pag.
833 1519 895 1571 515.
909 1546 919 1559 ·
973 1520 1049 1572 circe
1068 1518 1139 1571 hanc
1157 1519 1314 1583 materiem,
1334 1535 1397 1588 peg.
1421 1519 1463 1573 16.

354 1536 490 1645 litationi
510 1591 687 1660 subsequitur
703 1591 871 1644 contestatio
889 1596 919 1643 et
937 1640 940 1646 .

353 1663 480 1733 reliquae
499 1677 642 1730 pmcessus
661 1667 763 1731 partes,
781 1662 817 1714 ib.
1029 1660 1161 1715 Collusio.
1180 1688 1216 1703 --
1234 1658 1304 1720 Quid
1324 1662 1361 1714 sit
1381 1666 1411 1715 et
1428 1662 1538 1732 quando

974 1734 1173 1796 committetur,
1193 1748 1257 1802 pag.
1277 1731 1321 1785 93.

411 1804 432 1857 C
436 1806 561 1857 laesura.
574 1832 607 1845 -
623 1803 698 1872 Lege
711 1804 858 1857 clausurae
871 1804 918 1872 qui

355 1877 492 1940 ferrantur,
512 1890 574 1943 pag.
595 1877 620 1927 4.
638 1904 648 1915 -
668 1876 738 1934 Quid
758 1875 795 1927 sit
808 1884 837 1928 et
850 1892 919 1945 quas
1029 1874 1264 1929 Commentariun
1283 1875 1360 1929 -iu
1376 1875 1537 1929 instructio

354 1948 480 2000 actiones
510 1946 649 2015 probibet,
678 1964 739 2015 pag.
767 1946 803 1998 56
831 1962 888 2016 seq.
907 1975 931 2010 -q
974 1962 1035 1999 nem
1057 1947 1159 2001 editam
1180 1964 1196 1999 a
1215 1945 1283 1999 S.C
1312 1945 1366 1999 EE.
1377 1952 1407 1999 et
1422 1946 1482 1999 RR.
1496 1946 1538 2001 die

353 2017 495 2078 Quaenam
506 2016 805 2087 decernanturpoenae
814 2017 842 2069 in
857 2034 918 2073 eum
976 2017 1003 2071 ll
1028 2017 1085 2071 lun.
1105 2034 1130 2070 e.
1153 2016 1228 2078 1880,
1247 2015 1296 2072 341
1317 2034 1356 2087 sq.

353 2089 500 2153 violentes,
521 2105 585 2158 pag.
604 2088 640 2142 57
659 2104 699 2159 sq.

411 2230 546 2285 Clericus.
565 2258 598 2271 -
620 2230 660 2285 De
678 2230 788 2284 clericis
803 2232 917 2294 exteris,
977 2240 1106 2285 structor.

354 2301 402 2425 qui
415 2302 579 2355 ordinantur
591 2302 695 2372 absque
710 2302 826 2355 licentis
838 2300 917 2356 Card.

1029 2160 1250 2213 Commorantes.
1271 2188 1303 2201 -
1323 2158 1365 2211 cf.
1386 2158 1481 2214 ludere
1500 2164 1537 2215 iu·
1634 2128 1635 2183 l

382 2373 416 2426 ic.
439 2372 482 2428 rel
509 2388 563 2425 non
590 2374 749 2441 praemissis
776 2374 918 2427 exercitiis
1029 2373 1216 2443 Competeutiu
1233 2402 1270 2414 -
1291 2372 1391 2427 iudicis
1404 2374 1432 2427 in
1445 2392 1474 2429 re
1487 2378 1539 2430 cri·
1634 2380 1635 2447 ξ

353 2448 416 2507 etc,
435 2460 498 2513 pag.
518 2445 554 2497 25
571 2460 611 2513 sq.
631 2472 645 2485 ·
665 2443 865 2513 Delinqueutes
888 2446 917 2497 in
971 2444 1068 2498 minati
1089 2444 1207 2499 hebetur
1227 2445 1334 2498 ratione
1351 2446 1460 2511 obiecti,
1471 2466 1536 2517 prn-

354 2514 775 2600 ecclesiasticam'disciplinem
801 2515 918 2598 diuersis
970 2516 1032 2582 diss,
1052 2518 1196 2599 territorii,
1215 2516 1321 2598 delicti,
1346 2532 1411 2586 pag,
1439 2518 1502 2574 216.
1520 2548 1536 2570 ·.
1634 2532 1635 2600 p

355 2589 484 2642 remediis
502 2587 592 2640 vernn
612 2594 918 2656 poenrsconrentrone·
972 2589 1010 2642 De
1023 2597 1211 2657 competentis
1228 2593 1336 2642 retrone
1350 2591 1528 2661 obiecdpng
1634 2605 1635 2608 ’

355 2659 429 2712 libus
446 2664 477 2713 et
494 2660 651 2712 arbitrariis
669 2665 753 2729 etque
780 2660 917 2728 irregula-
971 2660 1037 2723 2253
1057 2691 1067 2700 -
1087 2662 1194 2714 ratione
1212 2661 1321 2730 predas
1342 2677 1391 2714 seu
1411 2661 1447 2716 de
1465 2664 1537 2718 ordi·

355 2731 486 2784 ritstibus
504 2736 723 2798 compescuntur,
744 2747 806 2799 pag.
829 2731 917 2794 1073-
971 2731 1084 2786 natione
1103 2731 1223 2785 iudicum
1246 2731 1336 2802 quosd
1361 2747 1462 2786 causes
1485 2737 1536 2790 cri-

352 2801 454 2856 Clerici
466 2800 610 2870 regulares
619 2807 648 2856 et
657 2802 815 2856 saeculares
824 2819 917 2857 exem·
971 2803 1089 2858 mineles
1118 2803 1287 2857 iudicialiter
1314 2805 1536 2874 cognoscendus,
1634 2837 1635 2840 ¹

353 2874 392 2942 pti
413 2874 549 2956 aquibus
573 2873 680 2941 possint
701 2872 792 2956 puniri
816 2877 853 2928 ib.
877 2889 915 2945 sq.
971 2889 1036 2957 pag.
1048 2873 1102 2928 227
1113 2889 1179 2956 sq.··
1194 2873 1231 2957 De
1244 2876 1435 2942 competentia
1447 2882 1535 2946 quoad

352 2946 393 2998 cf.
413 2950 497 2999 ettam
520 2945 749 3008 Coucubiuurms,
777 2945 917 3013 Sodomis,
971 2945 1089 3000 rudrcem
1102 2946 1273 2998 ordinarium
1287 2944 1458 3015 delegatum,
1472 2965 1533 3019 pag,

359 3019 482 3080 Venutio,
502 3016 629 3078 Habitus,
653 3018 789 3079 Tentura,
809 3017 917 3083 Ludus,
968 3015 1031 3070 231.
1049 3046 1059 3058 ·
1079 3017 1119 3070 De
1137 3018 1325 3086 competentis
1350 3017 1460 3072 retione
1479 3029 1534 3072 ter-

352 3089 527 3156 Nepotiotio,
546 3087 718 3142 Residentio.
742 3088 842 3142 Clerici
872 3105 917 3142 ec·
971 3090 1066 3142 ritorsi
1092 3090 1167 3154 ibid,
1193 3093 1221 3143 et
1248 3089 1275 3140 in
1306 3088 1402 3158 primis
1428 3091 1536 3150 ratione

352 3175 450 3214 casare
466 3158 657 3226 prohibentur,
673 3176 736 3227 pag.
753 3160 809 3212 187.
823 3187 837 3201 -
851 3157 918 3215 Seu·
972 3160 1117 3220 domicilii,
1130 3175 1191 3228 pag.
1203 3159 1262 3212 232.
1274 3187 1284 3200 ·
1297 3159 1335 3213 De
1348 3164 1536 3230 competentis

353 3231 443 3285 tentis
462 3247 498 3283 eu
517 3234 669 3300 informata
682 3232 848 3284 couscientia
863 3233 917 3285 ser·
971 3231 1082 3286 ratione
1093 3233 1199 3298 delicti,
1212 3231 1275 3284 ibid.
1289 3247 1327 3300 sq.
1342 3261 1353 3272 ·
1367 3231 1440 3285 linio
1454 3233 1536 3291 titulo

353 3307 399 3356 tur
408 3302 436 3354 in
448 3300 564 3355 clericos
574 3302 659 3357 etiem
671 3307 795 3355 arctatos
808 3303 918 3357 ratione
972 3305 1176 3371 competentiae
1195 3317 1248 3355 non
1266 3303 1385 3356 subsunt
1398 3304 1536 3376 Episcopi,

352 3372 492 3438 beneficii,
510 3390 573 3442 pag.
592 3373 654 3426 454.
674 3403 684 3414 -
703 3375 746 3426 An
766 3378 795 3428 et
807 3373 917 3442 quando
972 3389 1035 3443 pag.
1060 3373 1120 3427 235.
1138 3402 1153 3416 ·
1172 3373 1210 3428 De
1239 3373 1437 3444 prorogatione
1463 3392 1537 3431 com·

353 3445 420 3499 terri
449 3445 536 3512 possit
563 3445 591 3498 in
620 3445 737 3500 clericos
764 3445 918 3514 regulares,
971 3445 1122 3514 petentiae,
1140 3447 1208 3499 ibid.
1221 3444 1336 3515 sq.-De
1349 3449 1538 3515 competentia

356 3532 418 3586 pag.
438 3516 499 3569 455.
971 3516 1056 3569 dubia
1080 3521 1109 3570 et
1134 3515 1168 3571 de
1193 3516 1322 3570 conflictu
1348 3517 1424 3572 inter
1443 3518 1537 3587 pluras
1634 3567 1635 3596 ,

972 3587 1078 3642 iudices
1087 3604 1175 3658 aeque
1186 3591 1385 3658 competentes,
1398 3605 1462 3658 pag.
1476 3591 1536 3645 238.

411 3658 506 3712 Codex
515 3659 645 3728 poenalis
658 3659 802 3712 iudicialis
813 3659 919 3728 Greyo·
972 3687 983 3700 ·
1002 3659 1196 3728 Competentia
1220 3660 1248 3712 in
1279 3659 1369 3712 causis
1394 3662 1537 3716 matrimo-

355 3729 920 3798 rienes-Eiusnotiuspressittustru-
973 3723 1317 3794 nielibusdeterminetur,
1332 3732 1403 3784 utin
1418 3735 1538 3788 caeteris

356 3801 458 3855 otios.
478 3800 507 3854 C.
527 3801 581 3854 Eli.
601 3807 631 3856 et
651 3801 709 3854 RR.
728 3818 753 3855 a.
775 3801 858 3866 188ος
882 3802 918 3856 ab
973 3801 1072 3865 causis,
1092 3803 1201 3856 ratione
1222 3804 1329 3866 obiecti,
1353 3807 1464 3873 medus
1481 3807 1538 3861 bie·

356 3888 390 3928 eo
415 3873 530 3941 proinde
554 3873 660 3926 desumi
686 3888 765 3940 posse
789 3873 920 3928 videntur
973 3873 1104 3937 rurchici,
1122 3875 1267 3928 territorii.
1290 3873 1328 3927 De
1347 3878 1537 3942 competentia
1634 3875 1635 3948 j

356 3944 507 3999 nonnullae
517 3959 631 3999 normae
644 3945 835 4012 processuales
848 3960 919 4016 quee
973 3944 1082 3998 ratione
1099 3945 1210 4009 obiecti,
1232 3961 1292 4014 peg.
1313 3945 1380 4008 466ς
1400 3974 1414 3986 ·
1429 3948 1536 4004 ratione
1634 4013 1635 4016 Ἴ

355 4016 488 4070 deficiant
511 4016 540 4068 in
566 4017 613 4070 cit
639 4017 834 4080 Instructione,
856 4033 918 4086 pag.
973 4015 1074 4084 gradum
1102 4015 1365 4140 hli¹⁸l⁰li⁰l›..l³⁸g·
1386 4015 1449 4070 457.
1467 4046 1482 4059 -
1500 4019 1536 4075 De

353 4087 415 4141 346.
973 4091 1160 4156 competentis
1194 4085 1297 4141 Vrcarn
1354 4087 1480 4143 eueralis
1509 4091 1536 4145 iu

973 4157 1049 4212 hisce
1075 4160 1174 4222 causis,
1199 4175 1261 4228 pag.
1285 4159 1345 4211 488.
1367 4189 1383 4198 -
1403 4161 1448 4213 An
1474 4161 1536 4231 Epi·
1634 4187 1635 4190 =

409 4230 553 4284 Coercitio.
581 4257 615 4270 -
645 4229 786 4283 Pendente
816 4229 920 4283 iudicio
973 4245 1072 4298 scopus
1091 4229 1194 4286 hebent
1211 4235 1377 4298 potestatem
1390 4231 1536 4300 delegandi

356 4300 450 4354 laicali
470 4302 498 4352 in
516 4301 633 4354 clericos
652 4306 682 4354 et
700 4301 827 4370 apposita
843 4317 921 4355 coeo
974 4299 1026 4354 hac
1044 4303 1257 4368 111111αῆ1581.-
1271 4301 1388 4362 Quinam
1402 4303 1534 4360 sitiudex

356 4373 921 4442 citatioue‚assumitureblipiscoposum·
973 4372 1171 4441 appellationis
1190 4391 1206 4426 e
1224 4373 1373 4427 sententiis
1388 4373 1536 4445 Episcopo-

355 4446 447 4498 morio
466 4445 532 4497 tacti
549 4445 683 4512 cognitio,
696 4443 768 4499 uude
781 4444 810 4498 in
823 4444 920 4512 primis
972 4459 1042 4509 rum,
1060 4445 1125 4499 ibid
1137 4471 1151 4484 -
1163 4443 1326 4498 Tribunalie
1344 4461 1417 4516 quae
1435 4461 1535 4518 cogno·
