3350 5100
536 306 581 353 os
606 306 745 355 runicus
769 306 1012 357 carmruanraos
1295 292 1362 357 289

183 435 250 495 tum
261 449 390 513 purum
402 429 526 516 probat,
544 434 661 517 quippe
677 434 744 517 ipse
759 434 857 497 timor
869 431 977 497 iudicii
994 438 1026 498 et
1040 435 1223 519 gravissimi
1241 435 1359 501 fastidii

183 554 257 619 iude
272 554 455 627 obventuri,
472 562 523 621 est
537 555 701 622 sufficiens
717 558 800 622 ratio
813 576 876 650 cur
890 557 1006 641 aliquis
1022 559 1081 623 etsi
1099 560 1255 625 innocens
1270 579 1361 626 aver·

182 684 255 744 tere
278 684 414 744 conetur
436 684 562 745 tantum
587 679 771 745 discrimen.

271 803 458 878 Quaestioni
474 823 516 868 an
531 805 730 869 asseveratio
745 806 863 890 partim
879 806 1045 870 contraria
1060 807 1230 879 asserenti,
1244 808 1360 892 partim

183 928 369 995 favorabilis
388 928 577 1014 accipienda
600 931 642 994 sit
653 929 794 1017 ‚intepre
809 935 844 995 ut
859 930 1004 1015 legitima
1019 930 1190 1020 consessio,
1207 952 1249 996 an
1271 931 1361 997 scin·

183 1054 297 1119 denda
323 1055 461 1126 sitiam
489 1052 714 1139 respondimus
735 1053 811 1119 Vol.
839 1055 852 1118 1
877 1074 908 1117 n.
934 1054 1010 1120 451.
1034 1090 1046 1103 ·
1072 1054 1157 1120 Sane
1184 1074 1238 1119 res
1267 1074 1362 1140 expe·

182 1178 298 1243 dienda
328 1184 378 1245 est
400 1198 460 1265 par
490 1177 663 1243 arbitrium
692 1177 816 1252 iudicis,
849 1180 990 1244 maxime
1013 1181 1046 1244 in
1074 1183 1252 1264 systemate
1282 1178 1359 1245 iuti·

182 1320 260 1367 moe
284 1301 530 1385 persuasionis.
565 1300 667 1369 Casus
698 1303 901 1385 frequentior
932 1301 1115 1367 huiusmodi
1149 1301 1360 1367 consessionis

182 1425 321 1491 habetur
351 1427 389 1491 ia
420 1425 630 1509 confessione
652 1427 859 1511 qualificata
883 1427 983 1492 veluti
1015 1428 1041 1492 si
1070 1427 1233 1512 confitens
1256 1425 1359 1492 dicat:

181 1552 332 1615 iniuriam
355 1551 476 1636 protuli
500 1552 575 1635 quia
591 1552 718 1617 iniuriis
733 1550 816 1617 alius
835 1554 899 1615 iam
916 1570 967 1615 me
988 1552 1183 1637 impetierat,
1201 1571 1258 1615 seu
1278 1552 1359 1617 iniu-

181 1676 264 1739 riari
288 1681 323 1739 ut
345 1676 481 1740 iniurias
505 1674 724 1747 retunderem,
748 1676 874 1743 scilicet
896 1696 994 1762 scopo
1018 1675 1236 1759 defensionis.

270 1798 348 1864 222.
362 1799 622 1884 interrogatoria
636 1805 744 1865 autem
768 1820 789 1864 a
810 1800 916 1865 iudice
931 1802 1068 1886 proponi
1085 1821 1150 1866 non
1166 1799 1285 1866 debent
1300 1802 1361 1865 nisi

180 1924 315 2008 praevia
337 1923 437 1989 fuerit
458 1926 624 2008 inquisitio
646 1924 687 1989 de
709 1926 847 1990 crimine
870 1927 1001 2009 eiusque
1024 1926 1194 2001 adiunctis,
1209 1927 1359 1990 nimirum

180 2047 224 2113 de
246 2066 390 2130 corpore
412 2048 525 2115 delicti
547 2048 603 2134 (l).
630 2050 711 2113 Num
734 2051 883 2134 componi
898 2068 962 2113 non
978 2050 1089 2116 valent
1104 2050 1358 2136 interrogatoria

179 2176 265 2257 apte,
288 2172 350 2237 nisi
373 2173 545 2258 explorata
567 2174 610 2240 sit
631 2174 783 2240 materies
806 2175 1003 2259 quaestionis
1026 2180 1123 2259 atque
1147 2195 1211 2241 non
1235 2174 1285 2240 fas
1309 2181 1359 2241 est

180 2296 320 2380 aliquem
342 2295 540 2362 iudicialiter
563 2316 747 2363 convocare
770 2303 815 2369 ut,
840 2298 873 2361 in
896 2298 944 2362 sui
968 2317 1150 2382 personam,
1164 2298 1360 2384 respondeat

180 2422 221 2487 de
242 2424 387 2495 crimine,
404 2422 466 2485 nisi
483 2423 546 2486 iam
562 2426 692 2507 praesto
708 2423 773 2488 sint
788 2424 903 2508 gravia
918 2421 1037 2487 indicia
1052 2424 1146 2487 istum
1163 2425 1358 2489 accusantia.

268 2546 345 2613 223.
358 2546 575 2623 Quamobrem
590 2545 755 2631 confessio
767 2567 833 2612 non
849 2548 1037 2642 aestimatur
1048 2546 1219 2615 iudicialis
1231 2547 1358 2632 quando

180 2672 263 2736 haec
284 2676 334 2737 est
354 2671 579 2738 incidentatis.
609 2672 766 2736 Nimirum
796 2673 822 2736 si
850 2671 925 2736 dum
957 2691 1033 2736 reus
1063 2672 1286 2756 interrogatur
1316 2671 1357 2736 de

180 2798 317 2861 crimine
343 2795 511 2869 adulterii,
537 2799 606 2880 ipse
634 2795 776 2862 fateatur
806 2795 939 2870 furtum,
971 2795 1068 2861 iudici
1096 2797 1260 2881 integrum
1290 2816 1355 2863 non

181 2927 230 2987 est
245 2922 406 3007 persequi,
423 2940 539 3006 nempe
563 2921 621 2986 viu
642 2921 855 3012 incidentali,
875 2921 986 2986 eadem
1011 2921 1211 3006 perdurante
1238 2925 1359 2990 instan-

179 3046 234 3119 tia
258 3046 323 3110 hoc
345 3045 483 3110 alterum
507 3047 652 3119 crimem
676 3043 733 3109 sed
763 3046 941 3129 praemissa
968 3043 1045 3109 facti
1073 3045 1278 3128 inquisitione
1301 3065 1359 3110 seu

177 3168 368 3256 probatione
390 3168 430 3233 de
453 3187 598 3252 corpore
619 3168 740 3242 delicti,
766 3167 851 3234 istud
882 3169 1006 3260 crimen
1036 3171 1187 3254 persequi
1219 3169 1356 3235 curabit.

180 3295 358 3379 Paliegrini
381 3293 443 3360 loc.
468 3296 522 3360 cit.
547 3294 632 3360 Sect.
650 3293 709 3367 IV,
726 3313 758 3358 n.
775 3293 819 3358 86
835 3293 939 3360 docet.
959 3313 977 3358 ιι
995 3295 1177 3360 Notandum
1201 3303 1250 3361 est
1273 3296 1356 3380 quod

179 3418 351 3502 aliquando
374 3420 500 3484 crimen
524 3417 656 3483 devenit
677 3417 718 3482 ad
741 3416 855 3483 iudicis
877 3419 1023 3484 notitiam
1051 3420 1114 3483 alio
1142 3420 1236 3484 modo
1263 3439 1357 3504 quam

179 3564 239 3629 per
261 3545 510 3616 accusationem,
535 3544 784 3627 inquisitionem,
808 3542 1089 3609 denunciationem
1113 3549 1172 3610 aut
1195 3546 1357 3631 exceptio-

179 3687 264 3741 nem,
280 3668 406 3734 scilicet
427 3687 488 3753 per
512 3667 757 3740 confessionem,
774 3665 858 3750 quod
875 3666 1002 3751 quidem
1026 3665 1145 3733 accidit
1160 3667 1212 3732 vel
1229 3666 1356 3751 quando

180 3811 256 3878 pars
277 3811 436 3858 accusans
458 3791 511 3858 vel
534 3793 626 3858 testis
648 3790 831 3857 incidenter
846 3789 1019 3857 confltetur
1034 3809 1069 3855 se
1085 3790 1213 3874 aliquod
1230 3791 1358 3856 commi·

179 3919 258 3982 sisse
288 3916 455 3991 delictnm;
480 3922 513 3981 et
537 3921 625 3997 tunc,
648 3915 726 3980 licet
755 3935 799 3980 ex
829 3914 984 3981 eiusmodi
1013 3915 1219 3980 confessione
1250 3917 1357 4000 puniri

179 4061 243 4106 non
267 4043 376 4127 possit,
401 4040 484 4106 bena
507 4046 617 4106 umen
639 4039 737 4106 iudex
752 4040 873 4126 poterit
888 4059 931 4106 ex
947 4060 986 4104 ea
1005 4039 1186 4125 procedere
1199 4039 1240 4104 ad
1257 4041 1358 4124 inqui-

268 4326 308 4394 (l)
327 4324 367 4380 Cf.
387 4325 508 4394 Meyer·
521 4326 564 4380 De
576 4326 676 4395 effectu
688 4325 871 4395 confessionis
890 4339 1009 4393 corpora
1027 4325 1125 4379 delicti
1140 4324 1232 4378 adhuc
1250 4324 1357 4379 incerto

177 4433 316 4504 ·Lipsiae
337 4431 420 4495 1779;
440 4438 470 4487 et
489 4431 643 4501 Pellegrini
664 4433 716 4486 loc.
735 4435 780 4486 cit.
800 4431 871 4486 Soet.
892 4431 909 4485 1
915 4433 942 4486 V.
962 4450 989 4486 n.
1008 4433 1058 4485 33.

252 4559 313 4613 Soc.
333 4559 411 4627 Lapa
431 4557 492 4611 Lib.
512 4558 544 4621 11,
563 4557 617 4611 vol.
639 4557 684 4610 tv.
1219 4557 1250 4612 19
