3350 5100
338 304 403 369 644
786 320 992 371 annnoaruu
1017 317 1067 366 vr.

337 450 401 499 acta
428 445 541 500 redacta
569 448 624 511 est,
650 445 763 514 signata
789 458 946 499 numero...
975 446 1048 496 Acta
1074 448 1140 496 aunt
1164 440 1234 497 haec
1262 442 1342 497 dia...
1370 422 1520 497 mensis..'..

337 567 445 605 anno...

768 659 828 729 ugo
847 658 880 712 rr.
901 658 1031 713 Vinaria·
1048 657 1195 713 uouemus
1217 656 1464 713 Archidioeceseos
1487 656 1521 709 u.
1633 615 1634 644 ⁷

767 768 827 839 Ego
846 767 879 821 N.
899 767 1061 821 Actuarios.

406 1017 522 1065 Fortun
543 1016 756 1065 scriptumst
780 1016 1069 1067 PRONUNTIANDAE
1091 1019 1113 1064 Δ
1137 1016 1254 1066 lumen
1277 1018 1321 1065 Αῐ)
1344 1017 1450 1072 dunat.

426 1192 456 1247 In
476 1192 594 1248 Nomine
612 1192 773 1247 individuae
787 1196 815 1247 et
826 1191 874 1247 SS.
887 1192 1043 1247 Trinitatis.
1057 1194 1156 1248 Amen.
1170 1191 1228 1247 Nos
1241 1192 1274 1246 N.
1289 1191 1418 1247 vicarius
1430 1191 1526 1247 Geno-

338 1298 405 1353 rclis
423 1298 668 1355 Archidioeceseos
687 1299 720 1353 N.
744 1316 778 1353 ac
796 1298 879 1354 index
898 1298 1070 1367 ordinarius,
1088 1300 1157 1353 disis
1174 1316 1209 1353 ac
1227 1298 1377 1369 diiigenter
1395 1298 1523 1353 consida-

337 1406 405 1459 ratis
418 1406 546 1461 omnibus
565 1412 594 1461 et
611 1407 730 1476 singulis
747 1407 874 1461 actitatis
893 1408 922 1461 in
941 1423 1025 1461 causa
1039 1412 1068 1461 et
1082 1408 1174 1461 causis
1186 1407 1317 1461 discussis
1329 1423 1423 1461 coram
1444 1422 1526 1462 reve·

338 1512 421 1567 rendo
441 1512 473 1566 N.
493 1510 606 1567 Viccrio
625 1512 757 1567 Generali
776 1512 936 1569 dioeceseos
955 1512 987 1567 N.
1008 1519 1107 1568 contra
1126 1514 1274 1569 Dominum
1293 1512 1325 1567 N.
1344 1512 1522 1567 diffamatum

337 1622 407 1686 (sire
426 1628 594 1689 accusatum,
613 1624 672 1677 siva
691 1623 899 1691 denuntiatum)
917 1623 980 1679 do...
993 1624 1035 1692 (et
1048 1623 1087 1677 ibi
1100 1626 1276 1693 exprimatur
1293 1623 1439 1694 delictum)
1454 1625 1524 1679 visis
1633 1613 1634 1618 ἵ

336 1729 403 1783 item
422 1729 551 1783 omnibus
569 1729 712 1799 productis
740 1730 802 1783 iure
827 1734 858 1785 et
881 1730 957 1783 facto
975 1729 1009 1783 ad
1028 1730 1151 1785 favorem
1179 1730 1313 1799 praedicti
1339 1729 1451 1783 Domini
1471 1730 1526 1793 N.;

336 1835 397 1888 visa
414 1835 520 1905 pariter
538 1836 677 1891 sententia
695 1840 792 1890 contra
811 1836 939 1890 eumdem
961 1835 1070 1905 prolata
1082 1853 1100 1889 a
1112 1837 1241 1905 praefato
1253 1836 1287 1889 N.
1298 1835 1412 1890 Vicario
1424 1835 1522 1892 Gene-

337 1938 388 1992 rali
407 1942 437 1993 et
455 1939 546 1993 iudice
565 1939 705 1994 ordinario
724 1938 886 2008 praedictae
908 1939 1081 2005 dioeceseos;
1105 1941 1167 1994 visa
1192 1940 1305 1994 tandem
1330 1939 1526 2009 appellatione
1633 1945 1634 1992 ξ

337 2044 371 2097 ad
390 2044 422 2098 N.
443 2045 626 2113 interposita3
646 2045 788 2117 ipsiusque
807 2046 908 2109 causis,
923 2045 1031 2099 iuribus
1043 2051 1073 2101 et
1086 2045 1306 2113 probationibus,
1319 2060 1413 2099 coram
1433 2045 1523 2099 Nobis
1633 2031 1634 2056 ¹

337 2150 478 2220 productis
501 2151 535 2204 ad
559 2151 647 2221 ipsam
671 2150 870 2217 sustinendam,
897 2158 1008 2207 mature
1033 2152 1173 2221 pensatis3
1200 2152 1287 2207 Deum
1312 2150 1404 2205 solum
1429 2152 1522 2205 omnis

336 2258 460 2312 iustitiae
479 2259 584 2311 fontem
605 2274 670 2327 prae
689 2257 779 2311 ocutis
797 2256 949 2322 habentem
969 2258 1109 2326 perhanc
1127 2258 1440 2313 nostrsmdennitivam
1458 2274 1524 2312 san·
1633 2279 1634 2288 ¹

336 2366 462 2429 tentiam,
480 2380 562 2435 quam
582 2365 610 2418 in
629 2362 673 2418 his
691 2365 803 2435 scriptis
821 2366 948 2429 ferimus,
966 2364 1085 2420 dicimus
1103 2366 1262 2434 praefatum
1290 2364 1440 2419 Dominum
1459 2382 1521 2419 osse

336 2471 377 2539 (et
394 2472 433 2525 ibi
452 2472 626 2539 exprimatur
644 2487 707 2525 sum
726 2476 852 2539 patrasse
873 2471 930 2526 tale
949 2471 1091 2537 delictum,
1116 2471 1149 2526 de
1174 2486 1230 2542 quo
1253 2471 1309 2524 tuit
1333 2474 1521 2540 processatus,

336 2597 399 2634 com
418 2579 521 2634 talibus
534 2579 719 2650 qualitatibus
732 2585 761 2633 ot
774 2579 1013 2650 circumstantiis).
1027 2579 1203 2650 Quapropter
1215 2580 1383 2635 sententiam
1397 2597 1415 2633 a
1427 2580 1521 2634 iudice

336 2685 475 2740 ordinario
494 2687 629 2742 dioececis
641 2687 674 2740 N.
689 2687 775 2741 latam
788 2688 997 2745 confirmantes.
1008 2689 1164 2756 praefatum
1184 2687 1218 2740 N.
1225 2686 1443 2742 condemnamus
1457 2687 1519 2740 ad...

425 2793 454 2846 Si
473 2809 562 2862 poena
580 2793 689 2848 diversa
708 2793 861 2862 infligatur,
874 2793 1044 2847 omittantur
1062 2810 1112 2849 eae
1129 2809 1214 2849 rocas
1232 2795 1398 2849 sententiam
1417 2794 1522 2863 confir·-

336 2909 450 2955 mantaa.
471 2899 499 2953 Si
518 2905 616 2954 contra
634 2899 798 2954 absolvatur
817 2915 890 2963 reus,
905 2904 968 2967 post
980 2915 1076 2954 rocem
1089 2901 1209 2954 dicimus
1222 2904 1342 2969 ponatur
1353 2901 1445 2953 torma
1458 2915 1520 2953 seo·

337 3007 442 3062 tentiae
462 3007 660 3074 absolutorium
681 3013 821 3076 utsupra.
848 3006 884 3059 Et
909 3005 1025 3059 addatur
1043 3007 1126 3060 solita
1152 3006 1278 3061 clausula
1296 3009 1335 3060 ita
1351 3009 1521 3077 praesuta·

337 3118 428 3168 nimus
442 3133 497 3184 pro
517 3115 652 3169 tribunali
671 3118 724 3168 otc.
