3350 5100
448 290 491 335 nu
514 290 655 337 runicus
679 291 922 341 carumsursus
946 293 980 339 in
1005 294 1122 341 srucru
1309 277 1376 345 365

284 412 360 479 295.
379 416 439 477 Ast
453 420 548 479 caute
564 414 747 479 adhibenda
765 421 814 479 est
825 414 991 501 purgatio
1007 424 1044 482 ut
1058 437 1116 482 suo
1131 434 1229 501 scopo
1246 437 1376 503 respon·

195 535 279 601 deat.
297 572 316 585 -
333 536 500 603 Ordiuarii
524 537 639 603 iudicis
653 545 702 604 est
717 538 915 609 discernere.
937 540 1065 623 quando
1088 540 1210 605 sinistri
1227 560 1375 607 rumores

195 668 252 727 aut
272 663 361 747 vulgi
387 662 703 729 obmurmurationes
732 665 825 729 nihili
856 666 921 730 sint
951 664 1133 737 faciendae,
1165 666 1372 749 quamobrem

194 786 253 850 bas
275 792 470 872 aspernatur
492 794 589 872 atque
612 788 736 855 refellit
755 790 959 869 Ordinarius,
981 792 1037 874 ipsi
1065 788 1266 875 presbytero,
1284 812 1372 855 men-

194 912 303 982 daciis,
326 912 614 978 obtrectationibus
638 915 792 999 impetitu.
816 922 930 1000 aperte
952 914 1085 979 tradens
1108 934 1186 979 suae
1209 917 1372 981 existima·

193 1037 290 1101 tionis
307 1037 491 1102 testimonia
506 1056 589 1119 quae
605 1038 691 1101 illius
714 1037 833 1102 famam
857 1038 1071 1105 vehementer
1093 1039 1176 1125 apud
1201 1038 1318 1124 probos
1342 1047 1374 1106 et

194 1159 347 1223 honestos
378 1160 469 1223 cives
500 1158 741 1223 commendant:
767 1159 850 1224 baec
882 1166 932 1224 est
958 1162 1123 1247 purpurio
1151 1162 1317 1227 canonico
1341 1163 1373 1225 in

194 1286 306 1368 primis
335 1283 518 1368 expetenda
548 1304 569 1347 a
600 1284 802 1369 presbyteris
831 1286 977 1349 honestis
1010 1285 1166 1350 adversus
1197 1286 1373 1351 malevolos

194 1411 357 1481 homines,
381 1431 452 1496 arg.
476 1430 551 1493 cup.
578 1410 624 1474 12
647 1410 676 1473 b.
703 1415 724 1475 t.
751 1412 810 1475 Ast
834 1431 897 1475 non
922 1412 1032 1488 semel,
1057 1414 1154 1476 etiam
1180 1414 1211 1475 in
1236 1414 1372 1477 sanctis-

194 1538 291 1601 simos
309 1538 408 1606 viros.
428 1535 547 1600 indicia
564 1537 759 1601 exoriuntur
774 1543 807 1601 et
821 1538 1031 1620 suspiciones,
1049 1544 1082 1603 et
1100 1540 1372 1601 murmurationes

194 1660 313 1723 famam
336 1659 502 1724 laedentes
517 1679 597 1743 quas
619 1678 787 1744 spernere,
803 1666 838 1725 at
860 1659 1035 1725 nullimode
1060 1660 1214 1725 refellere
1238 1681 1299 1725 non
1324 1668 1373 1725 est

195 1784 361 1867 prudentis
376 1786 554 1868 viri.,Tunc
569 1784 691 1851 utiliter
703 1785 729 1849 si
746 1785 811 1849 alia
825 1805 890 1850 non
907 1790 1079 1870 suppetant
1094 1784 1243 1851 faciliora
1257 1786 1370 1855 modia.

194 1909 294 1974 veluti
316 1908 460 1973 libellum
484 1908 582 1973 edere
605 1910 658 1991 qui
682 1928 808 1973 omnem
833 1910 1047 1993 suspicionem
1071 1909 1173 1973 diluat
1195 1916 1251 1975 aut
1274 1928 1371 1993 quae-

193 2035 329 2097 stionem
360 2032 550 2097 submittere
577 2030 715 2097 arbitrio
746 2032 940 2117 prudentum
967 2034 1113 2097 virorum
1145 2034 1197 2115 qui
1225 2032 1372 2099 omnibus
1492 2058 1495 2065 ·

194 2159 256 2222 rite
284 2158 452 2241 perpensis
482 2158 700 2242 pronuncient
729 2156 912 2222 arbitrium
942 2156 984 2222 de
1013 2156 1184 2239 moritum
1208 2177 1371 2237 recursus,

194 2284 332 2364 inquam,
358 2280 470 2345 baberi
495 2287 600 2365 potest
621 2280 662 2345 ad
677 2282 919 2367 purgationem
943 2280 1156 2355 eanonicam,
1180 2282 1371 2347 remedium

192 2406 455 2471 enbaindinuie
479 2406 730 2473 sunsrorsnruu‘.
763 2406 811 2471 cl.
839 2406 1050 2491 Van-Espen.
1082 2426 1136 2490 op.
1165 2406 1218 2474 eit.
1244 2407 1312 2482 111,
1338 2406 1369 2486 8,

193 2531 528 2617 mdnfflm

282 2657 358 2722 296.
383 2658 455 2722 Hoc
478 2632 654 2722 remedium
672 2676 734 2720 non
755 2657 887 2741 expedit
902 2656 1072 2721 admittere
1088 2657 1150 2720 nisi
1166 2655 1370 2730 Ordinarius,

194 2801 231 2845 re
251 2784 389 2866 cognita,
406 2783 490 2848 idern
514 2780 709 2866 probaverit.
728 2783 769 2847 Ut.
784 2780 898 2865 probet
913 2781 996 2846 baec
1011 2786 1210 2846 concurrant
1225 2785 1369 2865 oportet:

197 2909 227 2988 l)
250 2927 367 2992 nempe
391 2927 455 2971 uon
478 2903 650 2992 suppetere
673 2906 738 2971 alia
759 2906 865 2971 media
888 2906 1086 2980 ordinas-im
1111 2905 1144 2991 2)
1162 2908 1266 2970 virum
1287 2904 1370 2969 infa-

194 3035 256 3096 mia
271 3039 414 3097 notatum
431 3031 472 3096 ad
488 3034 712 3125 purgationem
728 3017 967 3104 admittendum,
982 3031 1111 3116 dignum
1126 3051 1196 3095 esse
1213 3031 1267 3113 qui
1283 3031 1369 3094 iura-

194 3167 302 3223 mento
324 3156 418 3222 tidem
439 3157 546 3227 faciat,
564 3177 634 3241 arg.
653 3176 727 3238 cap.
745 3158 771 3223 1.
791 3157 821 3220 b.
843 3162 863 3221 t.
884 3157 1130 3242 ‹Purgatores
1152 3155 1243 3222 illins
1267 3155 1370 3220 hone-
1425 3169 1427 3172 ·

193 3283 288 3347 statis
303 3287 335 3347 et
354 3282 525 3365 opinionis
547 3300 618 3366 esse
640 3282 797 3347 columna
820 3281 913 3364 qnod
932 3281 1114 3346 oensiniite
1136 3280 1179 3345 sit
1201 3299 1258 3348 eos
1279 3281 1370 3345 nolle

193 3421 320 3474 encore,
338 3404 417 3470 odio
437 3423 497 3469 sen
516 3403 650 3470 obtentu
669 3403 839 3486 pecuniae
858 3403 1026 3484 peierare.
1051 3403 1227 3466 Ufentem
1252 3421 1369 3466 monur

194 3547 393 3593 srusnusur
415 3545 549 3592 neeesse
572 3534 620 3592 est
642 3534 679 3591 nt
700 3528 774 3593 eins
796 3547 898 3612 onem
920 3545 1078 3612 purpure
1101 3525 1236 3608 debent,
1260 3545 1369 3591 vrrnn

193 3657 227 3715 et
249 3666 552 3719 couvuassrrounn
568 3660 767 3738 cognoscant
783 3674 800 3716 ›
815 3655 859 3718 ita
875 3672 948 3735 cap.
968 3654 990 3717 7
1007 3653 1037 3716 b.
1056 3659 1075 3716 t.
1090 3691 1107 3700 -
1126 3654 1205 3717 Nam
1221 3652 1255 3716 hi
1271 3658 1369 3718 testes

192 3784 267 3842 sunt
281 3777 324 3842 de
339 3777 538 3842 credulitate
554 3797 611 3841 seu
629 3799 647 3838 e
662 3777 700 3842 id
717 3779 827 3844 sotum
844 3783 1000 3844 tenentur
1015 3780 1208 3844 iuramento
1228 3778 1369 3862 firmare

192 3901 284 3984 quod
298 3902 475 3966 ueritatem
490 3901 633 3967 eredunt
649 3921 728 3966 eum
744 3902 855 3966 dicere
870 3902 930 3986 qni
942 3907 1149 3986 purgatur»
1164 3904 1210 3965 ita
1226 3920 1301 3983 cup.
1315 3899 1368 3980 13,

108 4115 112 4122 .
192 4025 223 4088 ft.
236 4031 257 4090 t.
277 4025 418 4090 Proinde
435 4027 486 4092 isti
501 4031 602 4091 testes
617 4027 682 4090 sint
697 4031 825 4110 oportet
841 4045 999 4110 personae
1015 4027 1058 4092 de
1072 4025 1198 4092 vicima
1214 4045 1271 4090 seu
1287 4043 1369 4108 quae

191 4149 323 4215 mcinue
344 4155 425 4215 sunt
445 4157 476 4215 et
496 4151 664 4230 honestae,
689 4148 775 4214 iubet
797 4167 872 4231 cap.
889 4151 924 4215 11
949 4151 980 4214 b.
1004 4156 1025 4215 t.

282 4273 495 4339 Nihilominus
511 4277 579 4358 ipse
595 4274 727 4340 Geruldi
740 4275 895 4356 Emposit.
908 4275 975 4338 inr.
989 4281 1082 4357 pont.
1100 4274 1141 4339 ad
1157 4276 1189 4339 h.
1206 4277 1254 4339 tit.
1268 4280 1367 4340 notat,

191 4397 393 4490 eanonicam
416 4399 640 4483 purgationem
655 4397 693 4462 in
708 4397 813 4463 curin
835 4400 949 4464 eccles.
972 4417 1054 4483 pene
1074 4399 1265 4478 exolevisse,
1283 4417 1366 4461 eam·
