3350 5100
505 286 549 331 ns
574 285 715 333 runicus
738 285 982 333 cnrnrusmsus
1177 284 1181 291 ·
1268 267 1329 333 301

147 409 271 495 aliquid
300 410 467 496 singulare
496 408 604 475 habet.
630 410 710 476 Nam
733 409 772 476 in
794 409 957 484 civilibus,
981 410 1072 475 testis
1095 408 1256 477 inhabilis
1279 420 1336 475 aut

145 540 333 629 casaecon-
349 534 522 620 repellitur
536 554 556 599 a
571 536 756 601 testimonio
779 534 932 609 lerend03
957 536 1016 600 etsi
1034 534 1180 620 probatio
1197 536 1245 600 rei
1262 550 1335 600 con·

147 664 322 724 traversae
346 659 475 725 aliunde
499 661 602 745 repeti
626 680 691 725 non
714 660 813 741 valet,
837 658 1021 745 respublica
1044 659 1126 724 nihil
1149 659 1334 726 detrimenti

147 784 252 869 capit:
278 784 365 868 qnia
388 788 503 849 actore
524 801 596 849 non
615 782 786 866 probante
807 802 890 849 reus
912 782 1106 850 absolvitur.
1133 784 1193 848 Ast
1217 786 1249 848 in
1273 785 1336 850 ori·

146 908 337 975 minatibns
351 910 459 995 agitur
482 908 622 975 debono
646 908 844 994 reipublicae
861 910 951 975 cuius
966 908 1180 975 vehementer
1199 910 1336 975 interest

147 1034 289 1099 crimina
304 1039 339 1098 et
353 1035 544 1099 criminosos
560 1052 777 1118 composuere.
792 1033 884 1100 Unde
899 1034 931 1098 in
946 1038 1120 1120 conspectu
1137 1036 1227 1101 testis
1241 1034 1335 1100 inba-

147 1157 221 1225 bila
243 1164 305 1223 aut
335 1158 491 1241 suspecti,
515 1158 571 1243 qui
599 1160 789 1242 ceteroquin
812 1159 952 1243 aliquam
976 1138 1199 1244 probationem
1223 1156 1334 1225 facere

148 1282 287 1357 valeret,
305 1281 381 1366 quid
393 1280 492 1347 iurisl
509 1280 684 1368 Pellegrini
702 1284 763 1349 loc.
777 1284 830 1349 cit.
848 1281 932 1349 Soet.
947 1282 1009 1357 IV,
1024 1302 1059 1348 n.
1074 1282 1132 1365 75,
1151 1281 1333 1367 respondet,

152 1408 261 1473 «Erit
277 1406 454 1472 notandum
467 1407 595 1491 primo,
611 1405 771 1475 inhabiles
786 1408 858 1473 illos
875 1407 937 1473 dici
954 1409 1007 1491 qui
1024 1408 1196 1492 testificari
1214 1406 1333 1491 probi·

150 1530 281 1604 bantur,
315 1532 377 1597 sed
407 1532 509 1598 etiam
540 1531 596 1599 isti
625 1530 663 1597 ln
695 1531 900 1617 quibasdam
932 1532 1065 1599 casibus
1095 1531 1334 1607 admittuntur,

148 1660 284 1743 propter
309 1658 454 1722 criminis
476 1658 680 1723 atrocitatem
704 1661 740 1721 ut
763 1658 796 1722 in
819 1657 958 1722 crimine
981 1656 1136 1739 haeresis,
1158 1656 1332 1742 sacrilegii,

149 1782 338 1847 simoniae...
364 1780 544 1847 Notandum
568 1786 618 1847 est
640 1782 789 1849 secando
805 1781 890 1865 quod
913 1780 1085 1866 aliquando
1109 1783 1142 1847 in
1158 1780 1333 1847 subsidium

149 1910 248 1973 testes
262 1905 433 1973 inhabiles
447 1906 660 1973 admittuntur
681 1908 708 1971 si
732 1906 787 1972 alii
809 1906 916 1973 idonei
937 1905 1051 1973 haberi
1075 1912 1279 1990 nequeant...
1302 1910 1334 1971 et

150 2030 211 2097 hoc
241 2030 462 2097 introductum
478 2037 542 2097 ‘est
564 2031 679 2096 lavore
709 2030 908 2116 reipublicae
932 2052 974 2097 ne
997 2032 1114 2097 delicta
1143 2037 1334 2098 remaneant

153 2157 341 2241 impunita...
365 2162 400 2221 et
424 2162 502 2223 tunc
533 2158 635 2243 recipi
665 2161 799 2241 possunt
828 2157 1069 2243 consanguinei,
1094 2157 1198 2229 amici,
1225 2156 1333 2221 dome·

153 2280 241 2351 stici.
267 2282 431 2354 mulieres,
455 2282 552 2357 viles,
576 2280 715 2347 infames
737 2285 771 2345 et
797 2282 917 2345 similes
937 2302 967 2346 ›.
993 2278 1057 2345 Sed
1089 2280 1122 2345 bi
1149 2285 1249 2347 testes
1279 2282 1332 2365 qui

153 2405 330 2472 audiuntur
345 2408 378 2471 in
394 2405 570 2473 subsidium
593 2407 722 2473 testium
749 2405 938 2471 idoneorum
956 2411 987 2471 et
1003 2404 1168 2487 habilium,
1185 2406 1259 2489 quia
1274 2424 1335 2490 per

154 2550 188 2596 se
199 2550 330 2617 semper
344 2536 419 2598 sunt
432 2530 599 2598 inhabiles
610 2551 666 2597 seu
678 2530 834 2614 suspecti,
854 2551 918 2597 non
935 2528 1059 2597 iaciunt
1074 2529 1201 2616 plenam
1218 2528 1333 2616 proba-

153 2655 269 2720 tionem
293 2655 352 2721 sed
366 2655 545 2734 indiciam,
561 2657 607 2721 uti
622 2660 713 2722 notat
726 2656 905 2742 Pellegrini
916 2657 938 2720 l.
953 2657 1006 2722 cit.
1020 2664 1052 2722 et
1064 2653 1235 2722 confirmat
1247 2655 1334 2719 Fari·

156 2781 264 2846 nacius
280 2779 331 2847 De
341 2780 413 2847 ind.
427 2801 457 2866 q.
472 2779 521 2848 37
531 2801 565 2848 n.
579 2779 628 2847 63
639 2801 689 2866 aq.
702 2786 735 2845 et
749 2781 810 2846 lul.
824 2781 939 2848 Clarus
952 2779 1067 2847 Proct.
1081 2781 1177 2848 crim
1195 2799 1224 2864 q.
1241 2779 1297 2846 24.
1315 2815 1333 2828 ·

157 2902 315 2978 Quocirca
341 2925 409 2988 pro
439 2905 685 2989 informatione
711 2906 843 2981 nonae,
872 2910 968 2972 caute
992 2910 1110 2988 amen,
1142 2904 1216 2971 dum
1243 2904 1333 2974 colli-

155 3035 277 3112 guntur
292 3030 411 3096 indicia
425 3031 466 3096 de
488 3031 625 3096 crimine
640 3037 673 3096 et
683 3035 817 3096 auctore
841 3031 986 3095 criminis
1009 3049 1071 3096 nec
1086 3049 1151 3094 non
1163 3029 1200 3094 tn
1216 3027 1334 3112 desen-

155 3151 283 3220 sionem
297 3155 358 3236 rei,
374 3159 507 3240 possum
525 3155 625 3240 recipi
642 3159 743 3222 testes
765 3154 853 3220 alias
868 3153 1043 3229 inhabiles,
1060 3157 1167 3239 prouti
1184 3153 1331 3219 diximus.

156 3275 279 3344 Verum
303 3280 378 3362 quia
400 3278 536 3344 intentio
559 3277 673 3344 iudicis
695 3283 825 3344 estnon
841 3279 1006 3363 propriam
1030 3276 1178 3345 obtinere
1198 3281 1335 3344 attesta-

132 3433 138 3444 ·
158 3393 278 3464 tionem
301 3398 358 3463 sed
380 3398 508 3482 aliquod
531 3398 707 3472 indiciam,
724 3398 844 3464 exinde
866 3398 900 3464 hi
925 3419 989 3466 non
1013 3404 1174 3484 coguntur
1201 3400 1331 3464 lurore.

159 3519 232 3588 Nam
256 3523 349 3589 testib
369 3542 439 3590 non
461 3522 597 3590 iurabas
619 3543 691 3590 non
709 3522 845 3606 probat,
870 3524 927 3590 sed
955 3543 975 3589 a
998 3529 1080 3590 teste
1103 3523 1247 3590 inhabili
1267 3543 1331 3588 non

160 3645 378 3728 expostulatur
407 3646 554 3712 formalis
586 3648 750 3715 attestatio
773 3647 829 3712 sed
852 3647 981 3732 aliquod
1004 3647 1191 3729 indic-lanu
1215 3651 1248 3710 et
1270 3646 1334 3711 hoc

159 3766 316 3837 obtinetur
338 3791 358 3836 a
380 3777 464 3837 teste
486 3791 552 3838 non
574 3773 698 3841 iurato.
724 3773 876 3839 (laterum
899 3779 1014 3839 testem
1039 3770 1223 3838 inhabitem
1243 3771 1333 3835 iura-

159 3899 259 3958 mento
282 3893 506 3981 obstringere,
531 3903 618 3965 esset
645 3897 794 3964 eumdem
825 3915 991 3983 exponere
1015 3895 1161 3981 periculo
1185 3895 1332 3980 periurii.

160 4011 213 4080 Est
239 4020 401 4085 sententia
431 4021 609 4086 communis
632 4021 696 4086 DI).
727 4056 745 4070 -
771 4021 819 4088 Ol.
845 4021 993 4086 Farinac.
1019 4020 1065 4083 De
1089 4023 1157 4084 test.
1187 4035 1218 4102 q.
1246 4016 1293 4082 74
1316 4053 1331 4066 ·

160 4141 205 4204 cui
234 4144 376 4210 concinit
404 4145 656 4230 iurisprudentia
686 4145 717 4212 S.
746 4147 925 4214 R.Rotae.
952 4145 1147 4210 -Praestat
1178 4142 1328 4209 recolere

160 4265 383 4334 montosae.
410 4269 491 4335 God.
521 4269 592 4335 ind.
620 4269 721 4356 Grep.
746 4271 932 4354 -quirem
964 4269 1083 4354 optima
1110 4267 1297 4354 expediunt.
1314 4302 1329 4315 ·

162 4384 225 4454 Art.
240 4391 316 4458 256.
334 4391 430 4486 §Qui
444 4397 590 4461 aetatem
604 4412 676 4461 non
692 4395 879 4479 captaverit
895 4414 1069 4463 annornm
1081 4394 1122 4460 14
1138 4413 1208 4461 non
1220 4398 1331 4477 potest
