3350 5100
508 312 553 359 ne
580 310 999 361 rnn1cnscn1n1uln1nus.
1277 294 1343 361 233

254 435 382 501 Verum
409 434 513 519 quoad
540 433 655 501 iudicis
685 438 930 521 competentiam
954 438 1097 520 exsero
1124 438 1235 505 delicti
1260 438 1343 503 haec

160 558 369 625 observanda
392 567 484 626 sunt:

303 684 334 767 l)
359 685 461 750 ludex
485 692 534 750 est
555 689 743 771 competens
772 685 812 749 ad
844 685 994 753 iudicium
1025 686 1269 753 instaurandum
1300 708 1343 753 ex

160 808 227 873 isto
250 809 344 873 titulo
368 808 550 881 dummodo,
570 808 684 873 saltem
707 810 869 883 citatione,
885 812 1076 897 praeveniat
1098 810 1207 878 delicti
1232 816 1341 879 aucto·

161 952 248 1004 rem.
265 940 438 1017 autequam
459 934 516 999 hic
537 932 675 1000 excedat
697 954 717 998 e
739 954 798 999 suo
820 935 999 999 territorio.
1025 936 1073 1001 Cl.
1098 935 1276 1021 Schmalzg.
1294 934 1344 1001 De

158 1055 233 1135 for.
259 1076 368 1139 comp.
391 1077 426 1123 n.
450 1058 502 1122 61.

299 1182 334 1267 2)
358 1182 495 1257 Quando
511 1182 701 1267 delinquens
724 1184 861 1249 excedat
876 1183 981 1249 eloco
1004 1182 1112 1251 delicti
1128 1190 1204 1249 ante
1223 1186 1344 1251 citatio

161 1325 253 1377 nem,
276 1304 376 1369 index
398 1305 581 1371 ordinarius
604 1306 746 1371 eiusdem
762 1305 826 1371 loci
841 1326 901 1392 per
916 1307 1040 1389 litteras
1054 1306 1270 1374 emissorius
1286 1326 1344 1375 seu

163 1430 407 1515 requisitoriac
429 1429 484 1515 (cf.
509 1430 584 1496 Vol.
605 1432 648 1502 ll,
665 1452 698 1496 n.
711 1432 800 1515 323).
816 1430 858 1496 ab
874 1430 1049 1499 Ordinario
1071 1431 1223 1497 domicilii
1246 1432 1344 1497 delin-

161 1556 296 1638 quentis
322 1556 466 1639 exquirit
486 1559 543 1620 aut
565 1532 600 1621 nt
627 1555 866 1639 delinquentem
889 1556 957 1640 ipse
980 1557 1091 1641 puniat
1117 1560 1172 1620 aut
1195 1563 1343 1622 atreum

161 1678 207 1745 ad
229 1698 266 1745 se
289 1682 442 1750 remittat,
456 1698 561 1764 poena
582 1678 827 1765 percellendum
855 1678 895 1745 ad
918 1678 1040 1745 ordinis
1063 1680 1343 1745 restaurationem.

166 1802 276 1869 Iudex
297 1804 490 1889 requisitus,
509 1800 600 1871 iuxta
623 1824 825 1871 communem
849 1806 913 1869 DD.
938 1806 1138 1877 sententiam.
1162 1806 1209 1870 uti
1232 1803 1344 1871 videre

161 1936 216 1993 eat
239 1929 323 2013 apud
347 1930 526 2014 Schmalzg.
551 1930 572 1995 l.
594 1950 622 1995 c.
645 1949 681 1993 n.
700 1928 757 2003 63,
782 1931 960 2015 praemissa
982 1929 1212 2014 requisitionis
1227 1948 1344 1995 causae

165 2056 344 2120 summaria
370 2056 565 2140 cognitione,
593 2075 740 2120 annuere
773 2054 868 2121 debet
898 2056 1042 2139 petitioni
1070 2054 1192 2135 iudicis,
1223 2074 1344 2141 cogens

171 2161 476 2264 delinquentem,'(si
492 2182 556 2245 hoc
578 2180 762 2267 expostulet
784 2182 867 2245 ratio
891 2180 1128 2245 ecclesiasticae
1143 2179 1344 2266 disciplinae)

166 2326 230 2391 per
240 2305 346 2371 media
358 2306 455 2369 etiam
469 2304 627 2390 poenalia,
642 2311 676 2370 ut
695 2310 881 2390 compareat
897 2324 1006 2369 coram
1018 2304 1123 2369 iudice
1138 2304 1200 2369 loci
1212 2304 1345 2387 patrati

163 2430 367 2515 delictique
390 2430 518 2516 plenior
540 2428 584 2494 ibi
606 2428 662 2495 liat
684 2431 765 2495 iuris
788 2432 982 2495 instauratio
1005 2428 1060 2495 ubi
1083 2428 1170 2495 lacta
1193 2434 1241 2493 est
1263 2430 1345 2514 legis

170 2557 318 2623 violatio.
336 2556 592 2622 Fundamentum
606 2557 703 2622 huius
715 2556 930 2622 conclusionis
954 2561 1002 2620 est
1024 2558 1057 2620 in
1080 2553 1229 2622 subsidio
1248 2555 1344 2629 iuris,

161 2681 250 2768 qnod
266 2681 388 2748 indices
403 2683 491 2747 inter
509 2701 545 2747 se
568 2681 760 2748 coordinati
774 2685 944 2764 praestare
967 2679 1026 2745 sibi
1046 2679 1163 2746 debent
1179 2682 1211 2744 in
1227 2680 1344 2745 bonum

168 2810 347 2873 universae
362 2804 561 2891 reipublicae
575 2803 631 2889 (1).
656 2805 705 2871 (ll.
729 2805 803 2870 Vol.
828 2805 872 2877 II,
897 2805 918 2869 t.
943 2804 996 2870 cit.
1021 2803 1083 2870 Sed
1106 2803 1201 2870 hodie
1217 2805 1346 2870 conlor·

161 2936 249 3000 mins
272 2939 323 2998 est
347 2935 487 3018 receptis
502 2930 645 2995 moribus
666 2937 698 2996 et
714 2929 949 2996 conditionibus
959 2929 1031 3012 fori
1045 2931 1209 2998 ecclesias.
1226 2936 1262 2996 ut
1276 2904 1347 3016 ipse=

161 3059 265 3125 iudex
276 3059 450 3132 dornicitii
460 3075 558 3123 causa
570 3056 763 3122 iudicialiter
775 3057 915 3141 cognita,
929 3055 1093 3141 procedat,
1107 3055 1146 3122 ad
1160 3057 1343 3122 instantiam

161 3185 302 3248 alterins
324 3181 448 3256 iudicis,
471 3181 512 3246 ad
535 3179 731 3267 puniendum
754 3200 846 3245 reum
870 3179 928 3264 (2).

256 3378 297 3446 (l)
316 3376 493 3430 Domicilinm
512 3377 553 3430 ita
571 3375 676 3428 dictum
693 3376 818 3444 ‘oripinie
843 3374 999 3428 attenditur
1024 3379 1133 3432 tantum
1158 3375 1248 3446 quoad
1266 3376 1343 3430 ordiu-

163 3502 216 3540 nes
239 3483 504 3554 suscipiendoque
523 3499 578 3536 non
597 3483 672 3552 parit
695 3481 910 3550 competentiam
935 3480 1103 3546 iudicialem,
1123 3481 1176 3534 nisi
1194 3494 1258 3536 amu
1277 3499 1344 3536 cou-

162 3593 282 3644 currant
291 3593 341 3643 aot
358 3589 532 3643 domicilium
545 3591 595 3641 aut
605 3589 755 3646 delictum:
766 3603 825 3656 arg.
840 3605 899 3657 cup.
911 3587 941 3640 5.
953 3587 994 3641 De
1003 3589 1144 3656 parochiis
1158 3587 1187 3641 X
1199 3587 1271 3656 (ΙΙΙ,
1282 3589 1342 3656 29).

257 3695 298 3765 (2)
316 3695 378 3749 lure
396 3711 459 3750 can.
472 3710 527 3748 non
541 3694 640 3763 viguit,
658 3709 707 3750 seu
726 3693 837 3765 quando
850 3694 934 3748 etiam
949 3698 1059 3763 praesto
1071 3701 1132 3748 erat
1145 3693 1228 3747 iudici
1245 3693 1342 3748 eccles.

165 3803 278 3856 familia
295 3805 413 3866 armata,
431 3805 528 3871 sonem
545 3800 820 3869 deprehensionem
840 3799 919 3853 cuiue
943 3803 1041 3853 auctor
1059 3799 1192 3864 criminis,
1210 3814 1344 3868 quocum·

164 3926 221 3980 qne
239 3909 270 3962 in
289 3907 352 3962 loco
371 3906 538 3975 reperiatur,
550 3904 719 3976 apprehendi
738 3905 815 3960 valet
832 3923 850 3958 a
868 3905 959 3960 iudice
977 3904 1031 3958 loci
1047 3905 1344 3974 simpliciacommora·

163 4020 247 4072 tionis
260 4033 310 4072 sen
323 4016 391 4086 quin
404 4013 488 4069 iudex
504 4019 666 4084 competens
684 4015 792 4069 ratione
811 4015 910 4068 delicti
926 4018 976 4068 aut
994 4012 1131 4066 domidlii
1148 4010 1344 4081 deprehensio·

164 4141 229 4178 nem
248 4123 354 4176 iubeat.
368 4120 523 4189 Schmalzg.
539 4121 558 4173 l.
572 4139 595 4174 c.
611 4137 637 4174 n.
649 4121 694 4186 65,
709 4119 821 4174 disserit
839 4118 872 4173 de
892 4117 944 4172 hoo
957 4119 1017 4172 iure
1030 4117 1282 4184 consuetudinario,
1294 4137 1344 4174 sua

163 4238 266 4300 aetate,
278 4230 385 4285 alicubi
404 4230 526 4299 rigente.
538 4257 552 4270 ·
563 4231 601 4282 At
613 4245 695 4283 nemo
708 4244 763 4282 non
776 4228 854 4282 videt
866 4244 949 4297 quam
963 4225 1147 4296 periculosum
1167 4227 1204 4280 sit
1222 4227 1252 4281 in
1271 4228 1344 4297 ipsos

164 4358 226 4395 reos
244 4337 382 4395 eiusmodi
401 4339 501 4391 lorum.
512 4366 525 4377 -
539 4337 569 4389 lo
588 4335 715 4390 Ecclesia
734 4351 801 4390 sero
820 4334 902 4388 hodie
922 4350 972 4388 nec
987 4333 1126 4403 possibilis
1145 4339 1188 4388 est
1210 4335 1343 4390 eiusmodi

164 4445 359 4517 deprehensio,
378 4459 466 4514 quum
484 4443 579 4497 curiae
598 4446 711 4496 careant
730 4441 838 4495 familia
856 4445 973 4495 armata.
995 4439 1047 4495 Sed
1072 4441 1168 4512 quaeri
1193 4445 1284 4511 potest
1309 4459 1343 4496 an
