3350 5100
359 359 363 366 ‚
434 305 478 350 na
501 304 640 352 marens
664 303 906 352 caruruaursus
932 302 967 348 ru
991 300 1107 348 srncrn
1295 280 1362 346 535
1423 355 1430 365 ¹

274 429 367 493 Inter
382 427 534 494 officiales
549 429 645 494 huius
660 429 692 495 S.
709 427 987 514 Congregationis,
1000 428 1126 512 primus
1140 433 1189 490 est
1205 425 1365 492 Assessor

184 555 278 638 quasi
295 554 576 640 congregationis
591 553 806 636 secretarius,
818 555 905 618 inter
917 553 1079 638 praelatos
1090 551 1276 617 saeculares
1289 551 1364 636 eligi

185 677 311 748 solitus,
336 679 389 761 qui
417 697 532 742 munus
559 677 659 743 babet
688 677 876 743 moderandi
909 678 1038 764 negotia
1065 677 1160 742 huius
1188 676 1219 744 S.
1243 675 1363 761 Gongr.

184 802 270 868 unde
293 807 327 867 et
345 800 474 888 negotia
498 804 699 890 expedienda
722 804 790 888 ipse
813 803 994 889 generatim
1018 821 1202 889 proponere
1225 801 1308 866 solet
1330 801 1365 866 in

185 923 368 1010 congressu
399 925 624 992 consultorum
654 932 687 992 et
717 927 979 1012 congregatione
1010 925 1229 992 cardinalium
1260 928 1294 990 et
1325 923 1365 988 de

185 1049 330 1114 omnibus
347 1051 455 1134 Papae
472 1051 663 1116 relationem
678 1050 766 1116 iacit.
785 1053 937 1118 Attamen
954 1070 1072 1116 causae
1087 1067 1170 1134 quae
1186 1054 1363 1114 censentur

185 1177 272 1240 inter
282 1177 461 1261 proniores
476 1196 621 1260 quaeque
636 1183 862 1262 proponuntur
878 1197 937 1262 per
948 1177 1149 1244 relationem
1164 1177 1216 1240 vel
1233 1176 1363 1260 scriptis

185 1307 353 1366 exaratam
370 1301 422 1366 vel
437 1304 524 1388 typis
539 1301 668 1373 editam.
681 1301 743 1366 bae
761 1317 887 1375 causae,
902 1303 1041 1386 inquam,
1055 1302 1089 1366 in
1105 1304 1268 1366 conventu
1282 1299 1363 1365 Car-

185 1423 336 1491 dinalium
354 1425 544 1492 referuntur
559 1447 579 1490 a
595 1426 758 1493 cardinali
775 1427 970 1511 antiquiore
985 1445 1041 1490 seu
1054 1423 1177 1492 Secret.
1195 1423 1369 1496 Secundus¹

186 1547 341 1614 Officialis
356 1556 405 1614 est
423 1549 685 1616 conmisso-ior
700 1548 884 1616 Tribunalis
904 1549 935 1615 S.
953 1547 1058 1616 Officii
1075 1569 1119 1613 ex
1134 1548 1248 1614 ordine
1266 1549 1362 1614 Prae·

185 1673 374 1744 dicatorum,
390 1694 433 1739 ex
449 1677 622 1759 provincia
636 1675 881 1761 Longobardiae
897 1675 1108 1741 assumendus
1127 1675 1180 1759 qui
1197 1675 1242 1740 uti
1260 1675 1363 1758 ipsum
1427 1705 1430 1710 ·

185 1819 302 1864 nomen
314 1797 484 1884 significat.
496 1799 784 1886 (cf.supran.155)
793 1801 948 1866 directius
957 1805 1050 1867 curat
1061 1801 1191 1884 negotia
1201 1798 1364 1864 iudicialia

184 1923 299 1997 ordine
316 1924 455 1990 iudiciali
472 1925 674 2008 expedienda
693 1931 727 1992 et
748 1928 940 2010 praesertim
958 1923 1088 1992 conficit
1103 1943 1274 2010 processus
1289 1923 1364 1990 heic

185 2049 219 2112 in
236 2048 334 2112 curia
351 2049 562 2113 instruendos.
578 2050 637 2115 Est
650 2053 740 2136 quasi
756 2051 864 2116 iudam
878 2051 1072 2132 instructor,
1088 2050 1128 2115 ad
1146 2051 1228 2135 quod
1247 2069 1363 2115 munus

186 2169 265 2234 duos
282 2171 414 2236 Fratres
429 2174 479 2237 sui
494 2173 628 2238 Ordinis
647 2173 746 2239 babet
761 2172 878 2240 Socios
900 2173 999 2260 vulgo
1015 2197 1032 2236 ‹
1048 2175 1231 2260 compapni
1249 2195 1280 2238 ».
1304 2175 1365 2240 Ast

185 2314 251 2360 uon
277 2297 377 2360 semel
403 2317 612 2382 processuum
640 2298 809 2363 instructio
836 2300 1046 2366 committitur
1069 2297 1255 2364 Ordinariis
1277 2299 1363 2363 loco·

186 2445 268 2490 rum,
282 2426 388 2491 -cum
404 2425 435 2491 S.
451 2423 555 2491 Officii
570 2425 727 2490 TrIbunal
743 2433 918 2512 cognoscat
933 2426 974 2490 de
990 2427 1127 2510 negotiis
1143 2423 1364 2490 criminalibus

185 2550 277 2616 adest
302 2554 398 2617 etiam
429 2550 588 2635 officiatis
610 2552 754 2617 uocalis
780 2553 833 2635 qui
862 2554 894 2617 in
921 2552 1158 2637 expeditionem
1190 2572 1361 2617 causarum
1423 2545 1425 2550 ’

185 2676 417 2741 criminalium
444 2676 535 2739 sedet
564 2676 650 2741 inter
677 2674 887 2743 consultores
919 2678 949 2741 in
979 2676 1206 2751 conventibus;
1238 2678 1364 2760 quoties

184 2817 264 2863 vero
279 2800 320 2863 ab
337 2798 520 2865 Ordinariis
539 2820 710 2884 processus
726 2802 841 2865 instrui
859 2800 1006 2872 debeant,
1025 2802 1091 2885 ipse
1108 2806 1223 2866 exarat
1240 2802 1364 2866 Instru-

186 2922 309 3003 ctiones
323 2941 403 3004 quas
418 2924 505 3005 sequi
524 2922 664 2986 debeant
680 2925 713 2986 in
728 2923 932 3009 processibus
954 2922 1163 2990 conficiendis
1183 2923 1362 2991 Ordinarii.

186 3045 340 3119 Quamvis
371 3045 455 3129 apud
476 3044 546 3128 [hoc
568 3046 709 3111 tribunal
741 3046 795 3113 liat
827 3048 966 3113 facultas
996 3050 1062 3115 reis
1093 3049 1231 3135 eligendi
1263 3048 1363 3114 advo·

185 3174 303 3243 catum,
322 3173 432 3235 umen
456 3170 548 3234 adest
569 3168 716 3236 officialis
738 3171 933 3238 deivocatus
955 3192 1096 3239 reorum
1117 3174 1170 3257 qui
1195 3193 1237 3237 ex
1258 3171 1364 3237 officio

186 3290 330 3357 defendit
358 3300 527 3359 accusatos
558 3314 621 3358 non
650 3295 797 3361 valentes
819 3300 876 3360 aut
906 3297 1053 3363 nolentes
1081 3298 1271 3363 advocatum
1303 3296 1364 3362 sibi

185 3415 318 3501 eligere.
337 3451 354 3463 -
373 3416 439 3481 Pro
454 3418 536 3483 actis
553 3436 670 3483 causae
686 3418 862 3484 exarandis
885 3418 976 3485 adest
990 3420 1156 3487 Notarius
1175 3422 1229 3505 qui
1252 3419 1364 3504 plures

185 3539 283 3605 habet
303 3540 506 3616 substitutos,
526 3545 568 3609 uti
585 3542 753 3609 Officiales
774 3545 851 3609 huic
874 3544 992 3631 congr.
1018 3544 1172 3611 addictos.
1200 3546 1250 3611 Uti
1274 3546 1364 3609 innui

188 3664 450 3733 commissarius
473 3671 506 3731 in
529 3668 737 3754 expediendis
760 3670 850 3734 hisce
874 3672 1010 3756 negotiis
1041 3670 1243 3737 iudicialibus
1267 3668 1365 3735 habet

185 3786 265 3852 duos
289 3788 405 3856 Socios
427 3811 469 3855 ex
494 3792 646 3858 Patribus
670 3794 888 3857 Dominicanis
911 3793 1032 3861 electos
1054 3796 1109 3879 qui
1123 3796 1236 3861 vocari
1259 3794 1365 3860 solent
1400 3874 1403 3881 1

186 3912 327 3978 Primus
343 3915 567 3981 esseminant
589 3915 718 3983 Socios.
737 3952 754 3967 ·
771 3918 913 3983 Primus
935 3926 1042 3984 autem
1067 3923 1235 4005 graviores
1254 3920 1365 4003 explet

186 4042 296 4120 partes
307 4039 339 4100 in
351 4038 532 4103 adiuvando
545 4039 797 4108 Commissum.
807 4078 822 4089 ·
833 4044 914 4107 Item
926 4064 986 4129 pro
999 4043 1364 4111 conficiendorcstrictu

185 4180 393 4244 processuum
410 4164 496 4228 inter
511 4162 676 4231 Officiales
698 4166 932 4235 adnumeratur
957 4170 1179 4236 ‹Surnmista
1196 4190 1227 4245 »;
1252 4190 1362 4236 exem·
1454 4192 1455 4197 ¹

186 4286 290 4371 plaria
311 4305 392 4351 vero
416 4290 624 4353 restrictuum
641 4289 823 4355 diribentur
837 4297 871 4356 et
886 4292 1130 4359 consultoribus
1154 4301 1186 4359 et
1203 4296 1269 4361 ΡΡ.
1286 4296 1360 4363 car·

184 4410 354 4477 dinalibus,
372 4412 411 4476 ln
422 4412 635 4479 conventibus
649 4416 721 4480 sive
732 4415 960 4483 consultorum
976 4419 1046 4484 sive
1063 4420 1129 4484 ΡΡ.
1143 4418 1362 4487 cardinalium
