3350 5100
610 322 717 372 rnnux
741 292 944 374 srucrrious

575 559 592 618 ὅ
613 554 637 607 3.
659 556 699 609 De
718 558 828 611 delictis
846 560 982 613 venereis.

425 692 485 747 (fluo
500 695 629 739 resersntnr
643 697 678 740 tit.
696 697 728 750 16,
743 699 773 751 Χ,
789 697 840 742 libr.
855 700 883 751 V,
898 706 922 741 st
935 700 972 743 tit.
989 700 1026 752 1³,
1041 702 1071 752 X,
1087 700 1137 755 iv).

190 876 234 929 56.
255 875 364 930 Delicta
383 892 501 931 veneres
519 881 585 931 sont
602 878 684 933 mixti
702 878 754 933 fon'
757 917 1156 935 ..........
1167 828 1201 935 δ.
1231 900 1298 953 pop.
1335 884 1371 938 82

190 984 235 1037 57.
255 982 294 1038 Dc
311 983 497 1040 fornicatione
515 984 559 1039 vol
578 974 709 1055 simplici,
726 986 771 1041 vel
790 987 940 1043 coniuncte
959 1004 1022 1042 cum
1043 990 1201 1060 sacrilegio.
1240 1032 1245 1043 .
1283 1010 1299 1043 ι
1333 994 1371 1047 ib.

191 1088 237 1145 58.
256 1090 295 1147 De
314 1092 423 1146 incestu
433 1130 1246 1150 ...................
1284 1117 1301 1154 e
1337 1099 1372 1152 83

192 1196 236 1251 59.
256 1195 295 1253 Dc
313 1202 411 1267 stupro
437 1237 1245 1257 ...................
1283 1223 1300 1259 »
1336 1205 1371 1259 84

193 1302 237 1357 60.
256 1300 362 1365 Quibus
381 1304 477 1375 poenis
498 1309 528 1359 et
546 1304 765 1374 obligationibus
788 1310 920 1361 tenestur
943 1311 1112 1377 stuprator.
1150 1350 1157 1362 .
1196 1351 1202 1363 .
1239 1352 1246 1365 .
1284 1327 1301 1366 6
1334 1313 1371 1365 ib.

192 1410 238 1463 61.
257 1410 297 1465 De
315 1411 455 1467 adulterio
457 1451 667 1465 ......
673 1470 679 1483 ,
706 1452 1246 1471 .............
1285 1434 1302 1475 >s
1337 1418 1372 1473 86

193 1517 236 1571 cs.
258 1518 296 1573 no
315 1516 512 1587 impedimento
534 1519 659 1574 oriminis
661 1560 1114 1575 ...........
1143 1498 1158 1575 ’.
1197 1564 1202 1575 .
1240 1565 1247 1577 .
1285 1539 1302 1577 »
1338 1524 1373 1577 ss

153 1808 158 1817 ,
254 1758 272 1818 ἓ
292 1760 316 1807 4.
337 1755 378 1809 De
396 1756 560 1809 criminibus
578 1772 658 1825 quos,
673 1758 856 1825 pessumdato
875 1758 1018 1812 maritmis
1036 1768 1084 1811 cut
1102 1760 1223 1811 iustitiae
1242 1758 1313 1826 lece,

550 1864 702 1949 anemius!
713 1864 892 1919 vehementer
909 1874 1017 1917 nocent.
1191 1843 1195 1851 ¹

195 2056 239 2111 63.
259 2058 311 2119 Qui
324 2062 430 2127 cogunt
441 2057 586 2113 mulierem
605 2058 640 2112 sd
658 2060 857 2115 monostobium
877 2058 1086 2129 ingrediundum
1099 2074 1251 2130 eorumque

302 2163 453 2233 complices
470 2166 757 2221 excommunicatione
776 2182 830 2220 non
849 2182 953 2222 reserv.
971 2163 1163 2235 percelluntur
1197 2204 1202 2216 .
1236 2182 1303 2236 pop.
1340 2164 1376 2219 69

196 2272 240 2325 64.
261 2270 400 2327 Excomm.
411 2273 479 2328 item
490 2289 545 2327 non
555 2278 699 2329 reservsts
712 2273 873 2344 plectuntur
884 2278 1013 2342 ruptores
1022 2274 1178 2327 mulierum
1190 2290 1251 2326 me·

304 2379 428 2433 trimcnii
443 2380 555 2436 ineundi
568 2398 661 2446 cause,
673 2397 824 2453 eorumque
836 2380 995 2450 complices,
1014 2385 1043 2435 et
1061 2379 1166 2434 domini
1184 2384 1252 2435 tem·

305 2486 414 2558 porslcs
432 2487 592 2542 libertatem
612 2488 782 2543 matrimonii
801 2486 940 2541 violentes
976 2524 1251 2540 .......
1288 2505 1305 2541 s
1340 2486 1377 2540 90

197 2595 241 2649 65.
261 2595 301 2650 96
319 2594 448 2650 fidelibus
466 2596 514 2666 qui
533 2595 654 2651 decimes
672 2612 727 2651 non
746 2594 860 2650 solvunt
887 2630 1250 2649 .........
1289 2610 1304 2645 6
1341 2593 1373 2647 91

196 2702 240 2756 66.
260 2701 398 2756 Patronus
416 2701 464 2772 qui
483 2702 605 2756 scienter
624 2705 785 2770 praesentet
802 2699 947 2770 indignum
965 2699 1001 2754 sd
1017 2700 1207 2755 beneficium.
1244 2739 1250 2749 .
1288 2714 1306 2755 >
1341 2698 1379 2753 92

199 2809 243 2862 67.
264 2806 303 2863 06
322 2808 477 2862 collusione
495 2807 650 2876 detegendo
662 2844 1250 2861 ..............
1288 2820 1306 2861 >
1341 2805 1378 2860 93

197 2913 242 2968 68.
262 2913 302 2970 96
320 2914 486 2984 obreptione
505 2913 549 2968 vel
567 2915 749 2984 subreptione
767 2914 795 2967 in
816 2914 958 2982 rescriptis
975 2913 1021 2968 rel
1039 2913 1198 2968 Pontifleiis
1209 2911 1254 2966 vel

307 3021 517 3091 Episcopslibus
528 3058 1246 3074 .................
1285 3037 1301 3073 »
1337 2987 1376 3072 ib.

198 3128 242 3184 69.
263 3128 359 3194 Fures,
378 3128 497 3182 usurarii
517 3132 546 3184 et
564 3129 681 3182 infames
697 3129 726 3182 in
748 3143 852 3198 genere
889 3164 1253 3180 .........
1290 3142 1307 3178 ›
1342 3124 1379 3178 95

666 3307 680 3374 p
697 3307 723 3359 5.
743 3307 785 3360 no
803 3307 907 3360 usuro.

200 3449 243 3504 70,
265 3449 377 3508 Usuree,
392 3449 469 3502 notio
483 3481 1207 3501 .................
1240 3461 1307 3513 poe.
1344 3442 1380 3495 96

200 3557 244 3610 71.
265 3557 295 3612 16
314 3573 369 3627 quo
393 3557 529 3612 consistet
553 3571 699 3609 usurarum
724 3553 842 3620 melitis,
860 3569 947 3625 quere
966 3553 1001 3606 eb
1021 3550 1148 3606 Ecclesia
1170 3565 1257 3619 usque

307 3666 422 3719 fuorunt
440 3668 469 3718 et
487 3667 553 3717 sunt
573 3661 721 3716 demnetee
758 3694 1255 3712 ............
1293 3672 1309 3707 e
1343 3655 1380 3708 ib.

201 3771 245 3824 72.
264 3769 407 3832 Quomodo
424 3771 486 3824 iure
505 3769 566 3839 ipsc
584 3768 705 3822 netureli
724 3767 873 3821 demnetse
890 3765 949 3819 sint
967 3779 1075 3818 usurse.
1113 3802 1120 3817 .
1247 3800 1253 3812 .
1292 3776 1309 3815 e
1345 3758 1381 3812 99

201 3876 245 3930 73.
265 3876 370 3931 Temen
390 3893 443 3931 non
458 3893 492 3931 cx
504 3874 590 3929 titulo
608 3873 697 3928 mutui
716 3873 879 3935 intrinseco,
891 3869 939 3925 ssd
951 3887 985 3925 ex
998 3869 1083 3924 titulo
1098 3869 1257 3924 extrinseco

309 4001 410 4038 usuras
430 3983 518 4052 repeti
538 3981 645 4048 velent,
659 3980 730 4034 inito
748 3984 846 4033 mutuo
847 4013 1254 4032 ..........
1292 3988 1310 4029 >
1331 3973 1381 4027 100

202 4091 246 4144 74.
267 4091 306 4145 De
324 4091 410 4146 titulo
428 4089 515 4160 legsli
535 4123 1031 4144 ............
1069 4099 1076 4111 ·
1115 4122 1122 4135 .
1159 4121 1166 4135 .
1203 4120 1211 4134 .
1249 4121 1254 4131 .
1293 4079 1382 4133 »102

202 4198 246 4252 75.
267 4197 373 4252 Usures
390 4196 528 4268 quomodo
546 4195 606 4251 iure
626 4169 695 4248 rom..
711 4193 841 4262 stipulari
859 4193 982 4246 inseret
983 4223 1256 4243 .......
1293 4201 1311 4240 n
1331 4185 1382 4239 193

202 4305 246 4359 76.
266 4305 411 4360 Sententis
429 4303 596 4359 d'Annibele
615 4300 790 4372 expenditur,
806 4299 855 4354 sed
873 4296 1027 4368 probabilis
1045 4312 1100 4350 non
1122 4293 1231 4349 videtur
1250 4334 1256 4346 .
1294 4309 1309 4344 ›
1333 4293 1383 4345 104

204 4413 248 4466 77.
270 4411 308 4466 lle
328 4411 424 4482 poenis
443 4411 472 4465 in
492 4409 632 4464 usurarios
669 4439 1256 4460 ..............
1295 4418 1311 4454 s
1334 4399 1382 4452 106
