3350 5100
502 341 546 386 na
570 338 724 386 nrnrcrrs
748 339 790 386 ar
813 337 935 385 ronnrs
1245 311 1310 380 133

135 458 210 528 liciis
231 464 377 547 suspensi
404 467 489 543 sunt,
513 482 596 547 quae
625 464 672 528 uti
695 462 813 548 singuli
840 459 1011 547 possident.
1039 493 1056 507 ·
1088 455 1307 533 Quamobrem

130 585 276 670 capitula,
288 590 468 650 conventus
479 587 653 652 incurrunt
665 586 906 671 suspensionem
919 584 964 650 uti
969 601 1130 666 poenam.
1144 580 1231 666 (Vol.
1246 582 1306 653 ΙΙΙ,

131 727 161 773 n.
173 711 228 796 98)
244 716 278 775 et
291 711 379 776 hanc
393 710 533 776 subeunt
548 713 644 776 etiam
661 731 726 775 non
743 717 977 791 contumacer;
992 709 1053 772 clii
1068 726 1185 774 omnes
1199 711 1308 772 autem

130 837 173 901 nti
187 837 325 923 rinquti,
339 842 372 901 et
393 837 472 902 hinc
487 855 550 921 qua
564 855 755 904 censuram.
770 871 787 883 -
805 835 867 910 Qui
892 835 1015 907 fovent,
1033 831 1185 898 obediunt
1211 831 1309 896 Prae

130 959 198 1026 latis
221 962 271 1026 ita
293 961 366 1025 iam
388 961 541 1045 receptis,
556 961 645 1026 nulla
660 961 735 1026 heic
749 961 937 1046 plectuntur
952 976 1065 1043 poena,
1081 958 1190 1042 prouti
1213 953 1309 1024 nebat

130 1085 233 1151 Gnnst.
258 1089 314 1150 cit.
339 1086 530 1152 lniunctae.

213 1211 279 1277 Sed
302 1217 375 1296 post
398 1210 516 1275 editam
541 1211 649 1278 const.
673 1211 738 1292 Ap.
757 1178 864 1292 Sedit,
890 1211 967 1274 Pius
984 1208 1033 1272 lX
1057 1207 1163 1272 Oonst.
1180 1204 1305 1272 Roma·

128 1356 190 1402 ntis
204 1335 381 1418 Pontifex,
395 1335 471 1402 data
486 1336 597 1420 quinto
612 1335 769 1400 kalendas
785 1335 871 1421 Sept.
888 1333 982 1406 1873,
999 1333 1158 1398 consuluit
1169 1332 1306 1396 auctori·

128 1463 182 1526 tati
197 1462 409 1527 Vicarinrum
426 1461 657 1548 capitularium
673 1461 727 1545 qui
743 1460 922 1525 Ecclesiam
935 1459 1163 1523 administrare
1177 1454 1305 1536 debent,

128 1605 291 1671 quousque
313 1588 487 1652 Praelatus
511 1588 574 1651 rite
593 1586 753 1669 provisus
776 1583 967 1658 ostenderit,
993 1585 1038 1648 uti
1063 1602 1170 1667 supra,
1195 1581 1308 1646 literas

129 1713 338 1794 provisionis;
363 1731 405 1776 ne
428 1710 546 1778 exinde
566 1708 623 1774 fiat
644 1710 734 1777 locus
750 1711 917 1795 Episcopis
942 1709 1083 1774 intrusis.
1101 1708 1210 1782 Quare
1233 1707 1308 1771 heic
1437 1735 1443 1748 ·

129 1832 282 1901 Pontifex
305 1838 480 1921 compescit
505 1837 604 1901 alium
634 1835 785 1908 abusum,
810 1836 954 1900 inolitum
979 1835 1119 1900 maxime
1142 1835 1175 1898 in
1201 1833 1307 1918 regio-

127 1960 214 2026 nibus
237 1960 338 2026 valde
360 1959 552 2028 distantibus
574 1980 595 2026 a
617 1961 648 2027 S.
667 1961 758 2032 Sede,
775 1961 829 2026 nbi
852 1960 1021 2026 nominati
1044 1964 1076 2024 et
1094 1959 1307 2042 praesentati

128 2084 267 2172 legitime
291 2107 312 2151 a
334 2087 423 2152 civili
444 2090 613 2172 potestate,
633 2087 805 2152 cadebant
827 2105 991 2150 assumere
1016 2087 1163 2172 regimen
1187 2085 1302 2149 Eccle-

127 2213 243 2276 siarum
268 2217 441 2294 antequam
473 2212 600 2276 litteras
626 2212 834 2276 institutionis
857 2212 1042 2296 reciperent
1064 2229 1085 2274 a
1109 2209 1141 2276 S.
1166 2209 1248 2275 Sede
1273 2214 1305 2273 et

127 2335 273 2422 Capitulo
296 2338 587 2421 praesentaverint,
604 2336 676 2412 sibi,
692 2341 728 2402 nt
749 2337 931 2421 plurimum,
953 2339 1107 2420 arrogato
1130 2335 1223 2400 titulo
1248 2355 1305 2400 seu

126 2462 255 2525 nomine
279 2461 407 2526 Vicani
439 2460 633 2545 Capitularis
664 2466 720 2524 aut
749 2460 928 2526 Generalis.
956 2459 1154 2543 -Equidem
1186 2459 1218 2522 in
1252 2458 1304 2522 cit.

126 2582 228 2649 Consi.
257 2584 414 2648 Pontifex
436 2576 640 2657 lamentatur,
665 2582 780 2666 §Hac
805 2582 972 2649 «abusum
996 2582 1054 2647 sub
1078 2583 1191 2666 quovis
1214 2580 1306 2644 titulo

126 2709 173 2773 vel
187 2712 367 2795 praetenso
382 2712 415 2772 et
430 2713 554 2773 asserto
569 2707 749 2792 privilegio,
766 2710 909 2792 quaesito
926 2707 1035 2771 colore
1056 2710 1088 2770 et
1103 2724 1306 2789 quacumque

125 2850 227 2907 rausa,
253 2832 333 2897 licet
355 2832 485 2916 speciali
509 2835 543 2896 et
565 2850 721 2915 expressa
744 2832 907 2895 mentione
931 2830 1037 2915 digna,
1059 2831 1091 2893 in
1116 2828 1304 2913 quibusdam

125 2961 232 3043 regnis
252 2978 312 3023 seu
328 2956 523 3043 regionibns,
539 2958 731 3041 praesertim
746 2956 929 3040 longinquis
946 2956 1119 3028 invectum,
1137 2974 1199 3038 quo
1216 2956 1305 3039 Capi·

125 3082 220 3146 tulum
238 3082 411 3147 Ecclesiae
426 3080 561 3147 Gathed.
577 3083 734 3153 vacantis,
752 3078 932 3164 obsequens
947 3080 1127 3145 invitationi
1144 3100 1201 3145 seu
1218 3100 1305 3144 man-

125 3204 299 3281 dnt0,licet
321 3206 431 3272 verbis
454 3206 687 3291 deprecatoriis
710 3212 876 3296 concepto,
890 3225 1060 3291 supremae
1084 3206 1187 3270 civilis
1214 3210 1306 3290 pote-

124 3336 222 3402 statis,
241 3330 426 3396 concedere
449 3336 483 3397 et
504 3330 688 3395 transferre
718 3332 896 3416 praesumit
919 3350 957 3395 ac
980 3330 1020 3394 de
1044 3330 1130 3395 facto
1158 3330 1306 3396 concedit

126 3460 156 3519 et
169 3455 332 3520 transfert
346 3455 381 3518 in
394 3456 590 3520 nominatum
607 3460 639 3519 et
654 3461 896 3539 praesentatum
912 3455 952 3519 ad
969 3454 1112 3520 eamdem
1125 3456 1306 3520 Ecclesiam

127 3579 206 3647 illius
222 3600 348 3650 curam,
363 3579 510 3664 regimen
533 3583 566 3644 et
588 3579 906 3651 administrationem,
920 3598 1055 3663 eamque
1071 3579 1252 3644 nominatus
1274 3584 1306 3644 et

126 3708 350 3785 praesentatus
380 3702 439 3768 sub
466 3704 596 3767 nomine
620 3703 822 3784 Provisoris,
847 3704 971 3767 vicarii
1000 3704 1169 3769 Generalis
1200 3702 1306 3767 aliove

125 3831 252 3893 nomine
263 3826 443 3914 gerendam
456 3829 589 3913 suscipit
600 3832 675 3892 ante
688 3828 917 3893 exhibitionem
931 3828 1005 3893 Litt.
1022 3830 1165 3912 Apost....
1180 3831 1304 3892 remoto

126 3952 258 4034 proinde
275 3952 412 4016 Vicario
428 3950 634 4036 Capitulari›
652 3952 704 4016 vel
720 3952 783 4015 alio
800 3971 865 4015 non
886 3947 1028 4025 suffectu,
1047 3968 1120 4015 oum
1137 3949 1305 4031 defecerit,

125 4093 326 4160 quacumque
349 4077 492 4162 legitima
515 4095 613 4141 causa
629 4076 752 4161 primus
767 4076 821 4140 vel
835 4077 919 4142 alter
936 4075 1114 4160 deputatus,
1132 4076 1238 4160 prouti
1255 4076 1304 4141 ius

126 4216 294 4265 commune
318 4200 511 4285 expostulat,
536 4199 620 4283 quod
644 4200 706 4264 hac
729 4200 836 4266 const.
863 4198 1081 4265 confirmatur.

212 4326 257 4391 Vi
290 4326 386 4390 huius
409 4326 516 4391 (toust.
541 4327 713 4390 incurrunt
744 4326 1109 4390 excommunicationem
1137 4346 1182 4410 sp.
1212 4326 1305 4392 modo

128 4447 235 4535 Papae
258 4456 462 4516 reservatam
485 4454 518 4515 et
540 4450 620 4515 alias
643 4470 772 4535 poenas,
785 4470 864 4534 quas
887 4450 952 4516 edit
970 4455 1078 4517 textus
1101 4450 1197 4517 huius
1220 4450 1304 4519 Con-
