3350 5100
335 299 399 364 148
606 365 609 369 ,
846 317 929 364 raas
953 317 989 363 11.

253 420 255 423 ⁵
333 443 449 508 relicta
472 445 545 505 erat
567 440 733 506 exclusive
759 441 885 525 privato
909 439 1031 505 homini
1057 439 1155 504 laeso.
1173 475 1190 488 -
1208 439 1353 505 Publica
1376 459 1415 504 ea
1437 444 1514 504 sunt

334 587 416 650 quaa
437 567 508 652 ipsa
530 566 669 630 societas
696 583 903 650 compescere
931 565 1043 629 statuit
1064 569 1174 649 utpote
1198 563 1369 645 laedentia,
1393 565 1514 629 saltem

333 692 506 772 indirecte,
529 693 715 756 universam
733 692 930 756 societatem.
949 725 963 738 -
987 689 1129 756 Privato
1150 691 1301 756 accusari
1325 695 1359 755 et
1380 688 1514 775 probari

333 816 506 882 in·iudicio
531 817 683 898 competit
704 821 830 882 tantum
855 817 917 880 civi
942 835 1002 900 per
1025 817 1149 880 crimen
1177 817 1292 888 laeso:
1318 814 1383 880 ciui
1405 821 1514 880 autem

333 943 459 1026 privato
482 942 542 1006 etsi
564 960 635 1008 non
658 942 749 1008 laeso
773 940 822 1006 las
846 947 896 1005 est
918 942 1041 1005 crimen
1059 939 1254 1006 iudicialiter
1269 939 1430 1024 persequi.
1450 938 1515 1003 Hic

333 1068 428 1137 enim,
444 1087 517 1130 cum
532 1074 707 1151 cognoscat
729 1066 874 1130 criminis
897 1064 1056 1136 adiuncta,
1078 1070 1210 1149 paratus
1227 1071 1275 1129 est
1295 1065 1418 1128 crimen
1438 1082 1515 1147 pro-

332 1187 411 1254 bare
427 1195 460 1254 et
476 1192 545 1253 eius
559 1194 725 1254 auctorem
750 1187 888 1254 reddere
911 1189 1048 1253 crimina
1071 1189 1263 1254 convictum.
1283 1222 1300 1235 -
1327 1187 1513 1271 Simplicior

236 1353 239 1358 ,
333 1334 410 1378 sane
426 1321 476 1379 est
491 1315 575 1379 haec
598 1314 704 1378 forma
719 1313 925 1399 procedendi,
942 1315 1017 1398 quia
1038 1315 1071 1377 in
1087 1313 1204 1377 iudicio
1228 1311 1387 1376 criminali
1412 1311 1516 1374 maxi·

332 1459 419 1504 mum
441 1440 606 1524 negotium
631 1439 761 1503 lacessit
786 1459 868 1503 onus
899 1437 1053 1523 probandi
1084 1437 1324 1502 accusationem
1354 1435 1514 1500 adversus

331 1568 517 1627 accusatum
549 1563 673 1635 civam;
704 1571 738 1628 et
760 1561 836 1626 huic
859 1562 1042 1626 necessitati
1068 1562 1101 1624 in
1125 1579 1279 1645 processu
1306 1559 1513 1624 accusatorio

331 1685 488 1752 satisfacit
503 1687 571 1770 ipse
587 1687 667 1749 civis
683 1685 790 1750 laesus
805 1684 857 1748 vel
881 1685 995 1749 saltem
1015 1684 1079 1757 ille,
1096 1686 1149 1768 qui
1173 1684 1319 1769 apprime
1343 1684 1512 1768 cognoscit

332 1812 478 1877 criminis
512 1810 664 1875 adiuncta
697 1812 829 1894 eiusque
867 1817 1043 1875 auctorem.
1078 1809 1294 1885 Quamobrem
1330 1809 1437 1874 statim
1467 1799 1514 1874 'ac
1573 1865 1576 1869 .

332 1936 468 2021 populus
490 1936 681 2001 adolescere
703 1937 816 2019 incipit
839 1937 871 1998 in
894 1934 998 2002 studio
1022 1936 1186 2000 civilitatis
1210 1943 1243 2000 et
1266 1936 1298 1998 in
1322 1932 1513 1999 criminibus

331 2060 473 2144 percipit
494 2058 670 2123 laesionem
694 2059 843 2144 integrae
865 2059 1009 2124 societati
1027 2060 1213 2142 irrogatam,
1231 2058 1298 2142 ipse
1315 2057 1455 2121 iustitiae
1479 2065 1514 2122 et

332 2184 481 2270 publicae
496 2184 739 2269 tranquillitatis
760 2203 854 2249 amor
877 2186 999 2249 excitat
1021 2186 1109 2248 cives
1132 2191 1168 2248 ut
1191 2187 1321 2249 nomine
1345 2188 1377 2248 et
1399 2189 1513 2250 aucto-

331 2311 428 2375 ritate
443 2310 543 2394 ipsius
558 2310 721 2375 societatis
744 2311 883 2374 crimina
905 2316 1076 2384 accusant;
1101 2311 1246 2396 quamvis
1268 2309 1422 2374 eiusmodi
1447 2311 1513 2374 cri·

331 2435 419 2498 mina
441 2436 529 2519 ipsos
548 2433 671 2498 directe
694 2453 758 2498 non
787 2434 917 2499 laedant
932 2435 994 2500 sed
1019 2441 1176 2518 quatenus
1195 2434 1402 2521 Reipublicae
1426 2436 1513 2500 iniu-

332 2562 413 2626 riam
438 2560 593 2625 inferunt.

421 2687 493 2751 Hoc
520 2692 664 2772 systema
689 2686 772 2770 quod
796 2687 885 2771 prius
907 2693 1052 2772 tempore
1080 2689 1243 2773 reperitur
1270 2688 1354 2774 apud
1380 2688 1513 2773 populos

331 2810 505 2879 civiliores,
529 2816 638 2875 tamen
662 2812 737 2894 quia
763 2812 935 2874 maximam
961 2812 1114 2895 relinquit
1136 2810 1319 2877 libertatem
1353 2817 1385 2875 et
1415 2830 1512 2876 aecu-

333 2934 493 2999 satoribus
516 2941 549 2999 et
572 2936 738 3006 accusatis,
756 2941 790 2999 et
811 2936 946 3020 privatis
962 2935 1085 3000 civibus
1101 2938 1270 3001 committit
1293 2935 1513 3002 defensionem

331 3060 449 3125 iunium
475 3059 700 3145 Reipublicae,
724 3081 790 3125 non
812 3060 970 3127 satisfacit
992 3082 1049 3125 suo
1073 3063 1227 3133 instituto,
1252 3062 1311 3125 nisi
1336 3063 1424 3139 cives
1447 3064 1514 3126 sint

331 3186 472 3250 maxime
495 3185 621 3249 honesti
641 3191 674 3250 st
688 3185 817 3250 solliciti
843 3188 959 3251 iunium
987 3186 1194 3270 Reipublicae
1219 3189 1320 3271 magis
1344 3205 1436 3269 quam
1461 3187 1512 3250 sui

332 3312 450 3394 privati
474 3308 640 3375 commodi.
680 3298 683 3304 ’

424 3433 497 3499 106.
522 3436 577 3500 Ius
600 3453 777 3505 romanum.
794 3435 859 3499 hac
878 3434 937 3499 sub
962 3436 1096 3505 ratione,
1123 3435 1243 3500 evolvit
1259 3440 1400 3520 systema
1414 3452 1510 3498 accu-

331 3559 484 3624 satorium
508 3564 542 3624 et
562 3561 763 3643 comparavit
785 3578 898 3625 ou1vts
916 3578 959 3623 ua
978 3578 1107 3627 reputo
1124 3560 1325 3625 criminalem
1341 3559 1513 3625 actionem

332 3807 434 3870 Bouix,
461 3808 502 3861 De
524 3807 584 3859 incl.
609 3807 722 3873 eraclea,¹
742 3808 884 3871 Fournier,
905 3808 958 3863 Las
978 3808 1148 3878 officialitc's3
1169 3809 1387 3874 Pierantonslli,
1407 3809 1513 3863 Prcoeis

332 3911 402 3965 Furi
419 3912 616 3975 ecclesiastici5
634 3910 735 3963 Petrus
750 3911 828 3965 Rota.
846 3912 1028 3967 Euchiridicn
1042 3917 1210 3984 confessarii
1229 3924 1254 3967 at
1271 3916 1374 3969 iudicis
1387 3916 1486 3969 eccles.
1497 3944 1512 3956 ·

332 4016 387 4070 Pro
406 4017 522 4071 historia
541 4018 610 4071 iuris
628 4018 706 4070 cuim,
726 4024 755 4071 et
775 4019 1000 4073 institutionibus
1023 4020 1109 4074 etiam
1135 4020 1273 4087 civilibus,
1293 4022 1328 4075 cf.
1347 4019 1512 4087 Thonissen,

332 4124 440 4177 Histoir
452 4126 487 4178 dc
506 4125 582 4178 droit
599 4126 677 4178 crim.
697 4126 748 4179 des
763 4126 884 4195 pauplcs
902 4130 1029 4192 ancisum
1042 4126 1170 4194 carrara,
1185 4128 1380 4197 Propruaumu,
1396 4126 1459 4181 Vol.
1473 4127 1511 4191 113

332 4230 440 4300 Meyer,
458 4230 571 4284 institut
588 4233 761 4301 judiciuira3
784 4230 876 4296 Helie,
897 4233 938 4284 lla
959 4231 1145 4287 l'instruction
1164 4235 1338 4301 criminalia·
1356 4230 1450 4298 Beeot,
1471 4232 1514 4287 Da

334 4337 551 4405 l'orpanisation
568 4338 603 4391 dc
624 4340 653 4391 lc
670 4339 776 4409 justice
800 4337 975 4408 rc'prcsst'ne5
1007 4338 1082 4404 Huc,
1108 4339 1252 4409 Influanca
1271 4344 1311 4395 du
1329 4341 1404 4395 droit
1429 4355 1513 4393 ωηο-

332 4446 414 4514 nique
432 4460 484 4498 eur
503 4444 531 4499 la
548 4446 623 4499 droit
638 4444 733 4515 petat.
