3350 5100
547 326 590 371 ns
614 324 753 372 runicus
777 324 1019 371 caruissemus
1046 289 1049 295 ’
1312 304 1378 369 297

288 447 364 513 228.
388 447 484 513 Modo
507 448 639 534 regulas
661 446 871 513 delibabimus
887 447 1106 513 observandas
1125 450 1158 511 in
1178 445 1377 534 perficiendo

200 575 250 638 rei
270 574 428 637 ommino.
444 572 631 639 Advertunt
650 593 762 638 omnes
786 573 862 646 ola,
887 574 1047 639 examinis
1070 578 1176 658 aptam
1200 572 1378 637 conlectio-

199 718 273 763 nem
289 698 497 783 expcstulare
512 700 685 763 maximam
703 700 853 783 peritiam
877 704 908 763 et
931 697 1136 785 prudentiam
1156 717 1221 763 non
1237 702 1301 763 tam
1319 716 1378 783 per

197 822 289 908 leges
309 822 491 890 abstractas
506 823 757 908 comparandam
774 843 869 908 quam
886 844 945 889 usu
962 821 1189 889 addiscendam
1206 824 1378 890 coniuncto

199 968 273 1014 cum
303 949 444 1013 naturali
474 950 595 1034 ingenii
627 949 814 1015 calliditate.
848 948 1062 1015 Nihilominus
1094 951 1183 1015 iuvat
1211 968 1378 1035 supremas

199 1074 376 1138 enunciare
405 1075 536 1158 regulas
559 1074 728 1142 examinis,
757 1092 840 1158 quae
866 1079 1061 1161 promanant
1085 1093 1128 1139 ex
1152 1075 1263 1140 intima
1286 1078 1379 1139 actus

200 1203 326 1263 natura.

290 1322 322 1407 l)
346 1322 460 1387 Prouti
483 1324 546 1386 iam
569 1322 778 1395 advertimus,
803 1322 845 1387 ad
870 1325 917 1389 rei
942 1343 1081 1388 examen
1109 1342 1174 1387 non
1205 1322 1378 1387 devenitur

199 1448 262 1512 nisi
284 1450 523 1533 praecesserint
546 1447 664 1526 iudicia
687 1451 766 1513 satis
789 1450 905 1534 gravia
927 1447 967 1513 de
991 1449 1197 1515 accusatione
1224 1447 1296 1533 plus
1319 1448 1378 1511 mi-

200 1592 302 1639 nusve
324 1579 438 1657 aperte
460 1574 611 1639 facienda
626 1582 659 1639 et
674 1575 896 1641 contestando
911 1594 969 1639 reo
989 1576 1022 1639 in
1039 1594 1194 1660 processu
1209 1575 1378 1639 examinis.

202 1733 222 1747 ·
235 1700 296 1763 nst
311 1718 448 1763 examen
463 1704 512 1762 est
527 1702 619 1763 actus
635 1699 839 1782 inquisitivus
855 1717 912 1762 seu
928 1698 1128 1783 analyticus,
1145 1684 1300 1781 quocirca
1314 1699 1378 1762 ain·

199 1822 277 1908 gula
305 1823 519 1906 interrogatio
550 1821 678 1906 singula
712 1821 865 1887 adiuncta
899 1822 1068 1887 continere
1099 1819 1196 1887 debet
1225 1841 1283 1886 seu
1314 1841 1379 1886 non

200 1948 400 2013 cumulatim
423 1948 597 2011 enunciata
619 1944 675 2011 sed
698 1946 841 2012 seorsim
865 1946 1021 2030 exposita,
1040 1950 1075 2010 ut
1098 1963 1173 2010 reus
1194 1945 1330 2030 simplici
1348 1950 1380 2011 et

200 2069 303 2136 nitida
326 2073 535 2156 responsione
551 2071 659 2135 valeat
674 2069 831 2155 expedire
847 2071 1068 2154 quaestionem
1083 2069 1203 2153 absque
1219 2068 1379 2156 ambigui·

200 2196 328 2262 tatibus.

289 2321 323 2405 2)
336 2322 483 2386 Examen
496 2322 706 2406 analyticum
719 2326 817 2385 antea
831 2322 959 2405 quaerit
974 2321 1014 2386 de
1029 2320 1235 2404 qualitatibus
1251 2322 1380 2385 omnino

196 2445 437 2528 personatibus
454 2447 601 2547 *inquisiti
625 2445 739 2529 quibus
755 2446 851 2511 iudici
865 2446 1020 2529 probatur
1036 2443 1186 2511 identitas
1201 2465 1378 2530 personae;

201 2569 275 2634 inde
291 2589 430 2635 examen
445 2577 595 2636 vocatum
610 2569 671 2636 tuit
688 2606 706 2619 ·
725 2571 942 2637 coustitutum
959 2605 976 2618 -
994 2571 1069 2654 quia
1084 2571 1248 2634 actuarius
1264 2576 1381 2636 exarat

201 2689 347 2756 scribens
374 2693 619 2758 «Constitutus
638 2692 869 2776 personaliter
892 2691 935 2756 N.
952 2690 1019 2773 N.;
1043 2696 1075 2756 et
1089 2691 1188 2757 iudex
1211 2691 1380 2757 exorditur

202 2815 242 2880 ab
265 2817 497 2902 interrogando
519 2837 578 2881 reo
601 2837 644 2882 an
668 2838 705 2882 re
728 2837 808 2881 vera
830 2818 899 2902 ipse
922 2817 963 2882 sit
986 2816 1041 2881 ille
1065 2817 1117 2880 vir
1140 2816 1180 2882 de
1206 2836 1268 2900 quo
1287 2835 1381 2900 quae

202 2940 296 3004 ritur.

290 3063 324 3149 3)
348 3064 635 3148 Interrogationes
649 3083 732 3147 quae
744 3064 995 3146 subsequuntur,
1008 3063 1091 3128 aliae
1103 3071 1279 3130 versantur
1291 3066 1381 3131 circa

202 3187 288 3254 iacta
312 3208 373 3274 per
394 3209 431 3254 se
454 3189 684 3272 indifferentia
705 3187 807 3255 veluti
831 3227 849 3238 -
873 3190 1047 3276 coquoscis
1071 3196 1107 3256 tu
1132 3190 1257 3256 Titium
1277 3191 1382 3258 Clem-

203 3310 310 3381 mm?
326 3313 516 3380 tabescam
533 3334 572 3381 eo
589 3315 861 3382 coniunctionem
883 3311 1089 3397 saupuiuisl
1102 3351 1130 3388 ·‚
1148 3316 1266 3381 exinde
1282 3315 1381 3382 iudex

202 3446 371 3525 promovet
383 3443 656 3526 interrogationes
672 3443 705 3505 in
718 3440 903 3524 inquisitum
917 3440 1056 3524 aliquam
1069 3442 1271 3506 continentes
1286 3460 1383 3507 accu-

203 3565 377 3646 sationem,
401 3565 499 3630 veluti
526 3601 544 3614 ·
569 3571 605 3632 tu
628 3566 723 3647 dicis,
749 3564 807 3631 tibi
836 3566 963 3632 Titium
979 3584 1049 3632 esse
1069 3585 1157 3648 pene
1171 3565 1380 3651 insepultum

203 3689 262 3754 sed
285 3694 381 3755 testes
402 3708 473 3756 aaa
496 3689 619 3755 desum
639 3695 828 3756 asserentes
851 3690 944 3774 quod
968 3696 1003 3754 tu
1026 3709 1104 3755 cum
1128 3708 1166 3756 eo
1187 3688 1383 3756 versabaris

199 3815 323 3898 paucis
345 3814 469 3881 abhinc
490 3814 608 3880 diebus
629 3815 667 3879 in
691 3816 751 3903 tuli
774 3817 856 3882 loco.
883 3817 933 3880 lta
956 3834 1054 3900 porro
1081 3833 1221 3880 examen
1244 3814 1380 3880 alternis

202 3938 512 4025 interrogationibus
542 3945 670 4006 constat
702 3938 818 4023 quibus
848 3945 946 4005 antea
976 3939 1110 4004 alicuius
1141 3938 1236 4012 facti,
1270 3943 1382 4023 suapte

204 4066 331 4134 natura,
353 4080 418 4126 non
441 4063 606 4127 criminosi
629 4064 741 4128 notitia
764 4063 958 4146 exquiritur,
975 4061 1059 4128 unde
1075 4061 1202 4129 occasio
1225 4063 1383 4147 arripitur

117 4267 123 4276 .
204 4185 355 4269 inquisito
379 4185 582 4252 contestandi
605 4186 734 4270 aliquod
756 4187 923 4254 iudicium
946 4187 1170 4252 accusationis.

295 4309 328 4398 4)
352 4311 402 4376 Ad
430 4311 615 4377 evitandum
644 4313 757 4378 vitium
779 4317 959 4399 suppostus
989 4312 1086 4378 iudex
1117 4311 1296 4397 procedens
1318 4332 1383 4379 me·

204 4435 305 4502 tbodo
329 4437 504 4522 analytica
526 4456 590 4500 non
615 4437 780 4502 discurrat
803 4457 824 4501 a
851 4437 985 4523 coquito
1017 4435 1058 4500 ad
1081 4436 1301 4522 incoquitum,
1327 4457 1384 4502 seu
