3350 5100
317 278 392 347 «586
770 296 976 345 mascaron
1000 296 1050 343 111.

323 422 433 475 conone
445 435 463 477 »
475 424 492 484 5
505 420 538 487 4)
550 435 696 473 causarum
714 418 964 474 matrimonialium
983 418 1109 487 cognitio
1122 418 1266 488 quibusvis
1278 416 1416 471 iudicibus
1430 415 1506 468 infe-

220 590 223 597 *
324 528 450 594 rioribus,
471 543 525 581 non
545 528 676 581 obstante
694 526 793 597 quovis
813 526 961 596 privilegio
980 543 1014 581 ac
1033 526 1261 595 praescriptione,
1279 524 1367 579 fuerit
1380 521 1506 585 sublata,

326 648 358 686 ac
369 632 565 702 Episcoporum
575 636 683 687 tantum
693 632 814 687 examini
828 636 858 688 et
871 632 1057 686 iurisdictioni
1070 635 1214 687 reservata
1224 630 1311 685 etiam
1325 645 1391 699 prae
1403 627 1506 681 Abba·

324 738 400 791 tibus
418 754 483 792 vere
502 738 620 803 Nullius,
640 739 707 793 licet
726 737 911 793 cardinalitia
927 738 1068 807 dignitate
1085 738 1260 807 fulgentibus
1285 738 1365 791 iuxta
1383 733 1409 788 S.
1429 734 1506 786 Con·

323 844 497 914 gregationis
515 844 708 910 resolutiones,
728 843 793 899 binc
814 846 902 899 tutius
920 846 983 910 erit,
1004 851 1035 898 ut
1053 845 1155 900 nedum
1173 844 1314 899 mutantia
1332 844 1504 911 proferatur,

323 950 370 1005 sed
390 951 474 1003 etiam
493 954 557 1003 acta
576 966 719 1019 processus
738 966 787 1018 per
806 950 982 1019 Episcopum,
994 950 1041 1005 vel
1054 966 1103 1019 per
1116 950 1341 1005 Ecclesiasticam
1355 962 1506 1017 personam

325 1056 485 1126 specialiter
503 1058 537 1111 ab
557 1072 590 1111 eo
608 1056 792 1125 delegandam
814 1057 1006 1111 conficiantur.

398 1162 479 1217 Hisce
499 1163 665 1232 praemissis,
683 1164 793 1234 quoties
812 1163 915 1234 aliquis
932 1181 967 1218 ex
985 1164 1152 1233 coniugibus
1170 1164 1334 1217 inatautiam
1347 1162 1375 1215 in
1389 1160 1506 1229 scriptis

325 1271 449 1339 porriget
468 1287 551 1339 super
568 1270 699 1325 nullitate
713 1270 897 1331 Matrimonii,
913 1270 1065 1339 Episcopus
1079 1270 1210 1336 Iudicem,
1222 1271 1246 1323 ai
1259 1269 1338 1331 velit,
1350 1268 1505 1336 delegabit,

323 1376 423 1431 deinde
442 1378 508 1446 ipse,
528 1376 572 1430 vel
592 1376 673 1431 iudex
691 1375 840 1445 delegatus
859 1377 940 1429 citari
965 1377 1108 1431 mandabit
1128 1377 1305 1431 Defensorem
1318 1375 1505 1439 Matrimonii,

325 1488 462 1553 quatenus
480 1484 509 1536 in
528 1484 607 1537 curia
625 1482 782 1553 Episcopali
803 1484 859 1536 iam
877 1483 1027 1551 deputatus
1050 1484 1165 1549 existat,
1184 1484 1227 1537 sin
1251 1485 1352 1547 minus,
1371 1480 1505 1536 idoneum

326 1590 415 1643 virum
444 1590 589 1659 deputabit
612 1590 646 1643 iis
670 1590 856 1661 qualitatibus
881 1596 1085 1659 praestantem,
1103 1606 1174 1661 quas
1196 1590 1324 1659 superius
1348 1592 1506 1641 memorata

326 1696 475 1751 Constitut.
495 1696 520 1750 S.
541 1698 579 1751 M.
599 1698 741 1752 Benedicti
761 1696 826 1751 XIV
846 1697 973 1768 requirit,
992 1714 1110 1767 eumque
1129 1697 1211 1750 citari
1231 1696 1381 1750 mandabit.
1403 1694 1505 1748 Defen-

321 1803 395 1855 soris
415 1802 587 1857 Matrimonii
605 1805 661 1858 erit
680 1805 801 1872 praefixa
820 1802 865 1858 die
883 1803 1017 1858 accedere
1034 1804 1068 1857 ad
1088 1803 1285 1872 praestandum
1303 1803 1503 1865 iuramentum,

326 1925 356 1963 se
374 1926 474 1963 munus
492 1926 572 1964 suum
591 1908 742 1976 diligenter
759 1914 789 1963 et
809 1908 969 1977 incorrupte
996 1909 1188 1978 expleturum,
1206 1916 1236 1963 et
1260 1909 1354 1963 omnia
1377 1924 1444 1962 voce
1468 1924 1507 1961 ac

324 1996 435 2084 scriptis
453 2014 644 2081 deducturum,
657 2032 728 2085 quae
747 2020 781 2069 ad
795 2016 969 2071 validitatem
983 2016 1155 2069 matrimonii
1167 1986 1357 2071 sustinendam
1376 2015 1507 2069 conferre

326 2126 465 2190 poterunt.
486 2122 636 2177 Praeterea
653 2122 699 2175 bic
724 2123 851 2177 defensor
875 2122 1048 2176 matrimonii
1074 2122 1200 2177 citandus
1224 2124 1280 2178 erit
1302 2122 1336 2175 ad
1361 2120 1508 2193 quaelibet

324 2232 396 2293 acta,
416 2243 450 2281 ne
469 2228 538 2282 vitio
557 2227 696 2281 nullitatis
715 2229 775 2297 ipsa
795 2229 951 2282 tabescant.
970 2228 1034 2297 Ipsi,
1044 2228 1091 2298 qui
1106 2243 1156 2297 pro
1169 2227 1343 2281 Sacramenti
1357 2226 1507 2279 validitate

325 2340 390 2395 stat,
404 2352 511 2404 semper
526 2346 556 2389 et
568 2334 798 2405 quandocumque
810 2341 875 2389 acta
888 2350 1040 2403 processus,
1051 2336 1103 2388 etsi
1125 2335 1245 2388 nondum
1258 2334 1407 2403 publicati,
1419 2338 1506 2388 erunt

324 2442 561 2507 communicanda,
580 2458 688 2511 semper
707 2448 736 2496 et
754 2442 984 2513 quandocumque
1001 2442 1062 2496 eius
1075 2442 1180 2510 scripta
1193 2445 1276 2495 erunt
1288 2441 1454 2511 recipienda,
1470 2457 1506 2495 ac

325 2548 389 2604 novi
409 2548 522 2602 termini
541 2565 573 2603 eo
592 2548 738 2618 flagitante
757 2555 840 2603 erunt
858 2547 1034 2617 prorogandi,
1054 2554 1084 2602 ut
1103 2565 1136 2603 ea
1156 2547 1283 2618 perficiat
1307 2553 1337 2602 et
1361 2545 1504 2603 exhibeat

398 2657 549 2710 Praetinita
567 2655 612 2710 die
630 2656 659 2708 in
678 2656 813 2712 citatione
832 2657 1006 2724 comparebit
1025 2656 1133 2710 instans
1152 2672 1203 2725 pro
1221 2654 1360 2721 nullitate,
1379 2660 1409 2710 et
1434 2660 1504 2708 tunc

325 2763 457 2817 Defensor
478 2761 650 2816 Matrimonii
669 2761 760 2816 tradet
773 2761 993 2829 interrogatoria
1004 2761 1109 2826 clausa,
1122 2772 1151 2815 et
1162 2761 1313 2830 obsignata
1325 2760 1505 2816 Canceilario

324 2885 373 2924 seu
392 2867 516 2935 Notario,
535 2867 685 2936 aperienda
705 2867 754 2920 illo
773 2865 935 2936 postulante
948 2883 983 2922 ex
996 2865 1098 2920 iudicis
1109 2867 1221 2922 decreto
1234 2869 1262 2921 in
1276 2873 1340 2922 actu
1357 2869 1506 2932 examinis,

325 2989 408 3044 super
426 2975 527 3044 quibua
545 2973 760 3042 interrogandus
779 2974 834 3027 erit
852 2974 953 3027 coniux
973 2974 1062 3026 istane
1081 2989 1130 3042 pro
1148 2973 1290 3028 nullitate.
1312 2974 1348 3027 lis
1369 2990 1403 3028 ea
1421 2974 1507 3029 addet

325 3082 411 3134 etiam
430 3080 457 3132 in
478 3085 541 3134 actu
561 3081 697 3134 examinis
716 3097 750 3133 ex
772 3079 864 3132 officio
889 3079 986 3145 ludex,
1005 3096 1077 3150 quae
1104 3095 1138 3134 ex
1164 3080 1388 3149 responsionibus
1412 3083 1507 3150 magis

324 3192 390 3254 apta
409 3185 562 3255 conspiciet
579 3185 613 3238 ad
633 3186 778 3240 veritatem
798 3184 949 3240 eruendam
968 3186 1027 3240 sive
1049 3187 1079 3240 in
1102 3185 1321 3240 declarationem
1346 3188 1507 3254 responsio·

325 3309 391 3346 num
419 3292 560 3364 datarum,
579 3292 637 3347 sive
660 3309 743 3360 super
769 3293 849 3344 novis
871 3293 1090 3368 circumstantiis
1116 3293 1331 3357 resultantibus,
1350 3293 1423 3365 quod
1447 3295 1508 3349 erit

326 3399 539 3469 intelligendum
557 3401 642 3454 etiam
661 3399 695 3454 de
714 3399 777 3452 aliis
797 3401 1031 3466 interrogatoriis,
1050 3416 1133 3468 super
1150 3400 1254 3469 quibus
1279 3402 1383 3455 coeteri
1406 3415 1508 3456 omnes

326 3508 359 3561 de
377 3523 406 3560 re
426 3506 555 3560 instructi
575 3509 657 3559 erunt
676 3505 862 3560 examinandi.

396 3613 464 3666 Cum
483 3615 577 3684 itaque
596 3613 741 3668 advenerit
759 3619 868 3668 statuta
886 3614 953 3678 dies,
974 3631 1037 3683 pars
1056 3613 1216 3668 nullitatem
1235 3615 1407 3669 matrimonii
1434 3615 1508 3670 alle-

324 3738 394 3790 gans
412 3720 592 3788 comparebit,
613 3727 643 3773 ut
661 3737 745 3790 supra
763 3721 877 3784 dictum,
896 3735 989 3774 coram
1008 3721 1109 3788 Iudice,
1130 3721 1260 3777 adstante
1279 3722 1430 3777 Defensore
1443 3722 1509 3776 Ma·

325 3826 448 3880 trimonii
467 3829 496 3878 et
514 3825 697 3880 cancellario.
722 3825 806 3880 ludex
825 3825 931 3881 deferet
951 3828 1023 3896 parti
1041 3827 1243 3882 examinandae
1261 3827 1450 3882 iuramentum
1470 3830 1507 3884 de

325 3903 444 3986 veritate
471 3929 602 3994 dicenda,
628 3933 656 3984 st
680 3930 779 3984 deinde
805 3931 942 3985 reserabit
966 3932 1184 4006 interrogatoria
1208 3931 1343 3998 exhibita,
1364 3935 1396 3985 ut
1420 3949 1509 4003 supra

325 4037 428 4090 dictum
450 4041 537 4100 est,a
560 4036 704 4090 defensore
729 4037 912 4100 Matrimonii,
933 4053 1022 4108 eaque
1046 4037 1208 4107 singulatim
1234 4044 1385 4107 proponet,
1408 4037 1506 4095 audiet

326 4145 526 4212 responsiones,
543 4159 645 4214 easque
664 4144 783 4198 dictabit
801 4143 982 4198 Cancellario.

397 4248 518 4314 Interim,
532 4247 596 4301 dum
610 4265 673 4317 pars
691 4249 745 4302 erit
763 4248 958 4313 examinanda,
971 4250 1030 4317 ipse
1043 4248 1234 4303 Cancellarius
1245 4249 1386 4304 exscribet
1399 4249 1427 4301 in
1442 4262 1505 4317 pro·

325 4371 402 4410 cesso
424 4355 540 4423 primam
559 4355 819 4422 interrogationem,
838 4360 868 4408 et
885 4353 1017 4423 deinceps
1035 4355 1161 4424 singulas
1179 4372 1214 4410 ex
1232 4355 1337 4418 ordine,
1358 4357 1421 4423 post
1434 4371 1506 4423 quaa
