3350 5100
312 276 377 342 102
587 329 591 337 .
832 295 917 343 rans
941 295 964 341 1.

309 420 450 485 lucram
479 438 615 485 cessans
645 425 706 484 ant
729 419 926 502 pericnlum
955 418 1066 484 sortis.
1090 453 1106 466 -
1130 418 1284 483 Rationes
1315 421 1421 482 autem
1447 437 1491 483 ex

309 543 423 628 quibus
452 545 630 630 gignuntur
659 545 695 608 hi
724 545 808 610 tituli
840 543 1023 610 entrinscci
1054 541 1228 608 nullimode
1258 543 1424 629 pertinent
1451 542 1493 608 ad

309 673 460 733 naturam
482 670 594 750 mutui,
611 667 667 734 sed
691 668 732 733 ad
754 673 936 754 temporum
961 674 995 734 et
1017 687 1128 732 rerum
1143 667 1355 738 adiunctam
1378 667 1495 752 primis

308 791 349 858 ad
366 793 553 858 commercii
569 792 778 859 conditiones.
795 828 810 840 ·
827 792 918 867 Quae
933 791 1028 860 hodie
1045 798 1120 858 sunt
1136 790 1289 858 eiusmodi
1306 796 1341 858 ut
1357 793 1495 876 quisque

309 918 389 982 civis
412 916 560 985 detinens
575 922 710 984 centurn
725 916 865 999 libellas,
879 937 938 1002 pro
953 917 1082 1003 singulo
1102 935 1197 989 anno,
1214 916 1384 981 dummodo
1401 917 1493 990 velit,

309 1047 415 1128 potest
437 1041 566 1108 easdem
582 1043 634 1107 vel
657 1044 690 1108 in
713 1044 860 1108 versuris
884 1042 1019 1127 publicis
1035 1041 1199 1128 (nimirum
1223 1043 1255 1106 in
1272 1041 1392 1107 titten's
1415 1059 1489 1106 crc-

310 1168 372 1234 ctiti
394 1187 441 1234 cca
458 1168 596 1252 publico
612 1187 692 1235 aare
708 1166 834 1254 alieno)
850 1169 903 1232 vel
919 1171 953 1234 in
968 1168 1076 1253 aliqua
1089 1169 1183 1234 Anca
1202 1165 1492 1252 Compendiornm

310 1297 367 1358 aut
396 1291 636 1362 Parsimoniae
665 1291 786 1375 absque
817 1292 925 1375 aliquo
956 1291 1157 1357 incommodo
1188 1297 1221 1358 et
1255 1292 1342 1366 omni
1376 1290 1493 1376 procul

310 1417 455 1502 periculo
487 1417 658 1490 collocare,
683 1417 768 1482 unde
795 1436 938 1481 annuum
965 1415 1106 1482 tructam
1136 1416 1260 1500 recipit.
1291 1415 1433 1480 Proinde
1465 1415 1491 1480 si

310 1543 413 1607 amico
444 1543 610 1627 expetenti
640 1548 803 1614 mutuum,
836 1540 918 1606 dabo
949 1541 1037 1606 mille
1067 1540 1211 1614 libellas,
1243 1560 1284 1605 ne
1315 1539 1394 1604 mihi
1428 1539 1493 1604 hoc

310 1671 454 1732 mutuum
476 1666 511 1730 in
534 1665 684 1731 damnum
702 1672 828 1751 vergat,
846 1663 947 1730 debeo
972 1664 1119 1751 stipulari
1142 1684 1258 1730 usuras
1282 1685 1361 1748 quas
1377 1683 1497 1748 nempe

311 1793 513 1876 perciperem
537 1791 564 1854 si
586 1791 651 1854 alia
673 1791 800 1856 ratione
822 1796 965 1854 mutuam
989 1788 1134 1855 dederim
1161 1791 1341 1875 pecuniam.
1368 1823 1385 1836 -
1412 1787 1494 1853 lnde

311 1916 432 1981 iactum
456 1921 505 1980 est
526 1919 563 1980 nt
586 1915 617 1982 S.
642 1915 741 1982 Sedes
764 1916 834 1980 visa
857 1917 899 1980 sit
921 1899 1147 2000 non'amplius
1170 1913 1344 2000 prohibere
1361 1932 1496 1988 usuras;

177 2036 180 2041 ⁴
313 2041 429 2126 quippe
452 2059 535 2123 qnae
557 2041 681 2125 saepias
705 2039 852 2106 consulta
875 2038 1050 2124 respondit,
1067 2059 1138 2104 non
1158 2057 1228 2104 esse
1251 2037 1495 2122 inquietandos

312 2183 367 2228 eos
390 2165 444 2248 qui
467 2183 511 2230 ex
525 2171 635 2230 mutuo
652 2183 767 2230 usuras
781 2162 911 2228 aliunde
927 2162 1068 2228 modicas
1084 2171 1117 2228 et
1132 2182 1191 2248 pro
1207 2183 1319 2228 rerum
1334 2162 1499 2227 adiunctis

311 2287 494 2354 moderatas
511 2291 719 2374 paciscuntur
735 2294 767 2355 et
788 2290 932 2373 exigunt.
951 2287 990 2352 ln
1011 2288 1143 2353 collect.
1153 2287 1313 2362 ,Lacansi
1340 2286 1413 2351 Vol.
1431 2286 1493 2359 VI,

311 2409 371 2475 col.
404 2410 469 2476 677
502 2410 602 2476 habes
632 2410 760 2475 abunde
790 2410 911 2475 relatas
941 2409 1122 2475 huiusmodi
1154 2411 1382 2494 responsiones
1410 2428 1497 2492 quae

311 2540 457 2625 ceterum
481 2535 599 2621 passim
622 2535 769 2601 invenies
792 2535 877 2621 apud
897 2533 1079 2620 Theologos
1101 2532 1157 2617 (cf.
1175 2531 1369 2607 Lehmkuhl,
1395 2533 1416 2599 t.
1435 2533 1497 2615 ol:

311 2662 388 2726 hino
399 2666 582 2746 praetereo.
595 2662 734 2726 Tantum
746 2660 889 2733 adverto,
904 2664 999 2724 caute
1011 2665 1043 2724 et
1055 2659 1156 2724 veluti
1168 2660 1318 2745 negative
1332 2658 1363 2723 S.
1377 2656 1494 2724 Sedem

310 2784 506 2869 approbasse
518 2804 689 2849 usurarum
703 2785 952 2870 stipulationem,
965 2802 1007 2849 ne
1018 2784 1168 2849 videatur
1180 2783 1363 2870 approbare
1378 2802 1499 2849 usuras

309 2907 344 2972 oi
374 2906 483 2990 ipsius
505 2906 632 2988 mutat,
656 2926 735 2992 quas
759 2926 859 2990 nsque
883 2905 1046 2971 damnavit
1069 2910 1102 2970 et
1124 2906 1305 2985 damnabit,
1329 2907 1356 2970 si
1381 2925 1494 2971 rerum

310 3030 453 3097 conditio
476 3036 619 3096 mutetur
642 3030 851 3114 quamobrem
883 3029 971 3095 iubet
1000 3028 1112 3095 fideles
1137 3036 1283 3114 paratos
1305 3050 1377 3095 esse
1401 3034 1500 3097 stara

310 3154 484 3221 mandatis
498 3155 678 3228 beonnae,
694 3160 730 3220 ut
744 3159 855 3239 pateat
871 3154 1000 3229 diserte,
1017 3154 1280 3241 approbationem
1302 3152 1495 3219 hodiernam

311 3278 453 3363 pendere
476 3296 520 3343 ex
543 3277 748 3344 mutabilibus
770 3298 883 3343 rerum
906 3277 1075 3344 adiunctis.

399 3402 454 3467 74.
478 3404 570 3468 Inter
594 3404 658 3469 llll.
674 3405 797 3469 acriter
812 3403 1009 3489 disputatum
1033 3408 1082 3469 eet
1105 3410 1137 3468 et
1158 3404 1265 3469 adhuc
1285 3403 1495 3489 disputationi

310 3532 360 3592 est
381 3527 472 3592 locus
496 3529 571 3612 quia
593 3527 743 3594 formiter
767 3548 836 3593 rem
860 3528 892 3593 S.
910 3526 1009 3594 Sedes
1024 3547 1189 3611 nunquam
1204 3527 1357 3613 expedire
1374 3520 1507 3603 voluit,¹

310 3651 468 3736 quomodo
496 3671 612 3740 nempe
642 3652 759 3719 titulus
782 3652 866 3737 lepis
888 3650 1063 3736 Principis
1085 3672 1143 3719 seu
1162 3653 1362 3736 praemium
1385 3654 1500 3740 lepalc

310 3774 529 3842 determinans
551 3778 761 3862 quantitatem
785 3796 958 3843 usurarum
982 3796 1081 3860 quae,
1106 3778 1139 3842 in
1162 3777 1291 3843 defectu
1315 3797 1499 3863 expressae

308 3900 532 3985 stipulationis,
549 3900 732 3967 censendae
751 3908 826 3967 sunt
849 3900 959 3967 deberi
975 3902 1133 3968 mutuanti
1152 3904 1323 3987 pecuniam
1345 3906 1402 3967 aut
1425 3903 1498 3967 eius

310 4022 475 4097 creditori,
500 4024 631 4109 probari
654 4024 763 4089 valeat
783 4024 830 4089 uti
854 4024 938 4088 ratio
962 4022 1107 4109 legitima
1136 4044 1196 4109 pro
1220 4023 1391 4112 exigendis
1416 4040 1494 4091 usu·

311 4148 367 4212 ris.
393 4182 411 4195 -
437 4149 587 4214 Iamvero
609 4148 738 4214 videtur
760 4147 816 4212 hic
837 4147 920 4233 legis
942 4146 1056 4212 titulus
1078 4166 1144 4212 non
1167 4169 1260 4236 posse
1292 4150 1496 4215 considerari

310 4272 356 4336 uti
380 4272 464 4337 ratio
488 4273 640 4340 distincta
662 4272 702 4337 ab
725 4272 796 4336 aliis
818 4270 919 4335 titulis
942 4270 998 4335 sad
1021 4274 1123 4359 magis
1140 4275 1185 4340 uti
1206 4274 1323 4361 legalis
1339 4273 1494 4339 determi-

309 4396 399 4461 natio
422 4398 623 4482 quantitatis
645 4414 817 4463 usurarum
834 4413 914 4478 quas
938 4397 1072 4481 exigere
1095 4396 1145 4462 fas
1167 4402 1217 4463 est
1239 4397 1351 4463 habita
1366 4399 1498 4464 ratione
