3350 5100
851 300 932 345 Pelas
960 300 997 345 11.

543 588 563 664 ξ
590 584 618 647 1.
643 583 693 648 De
716 583 948 665 appellatione
971 584 1115 667 aliisque
1139 584 1299 649 remediis

607 708 899 775 extraordinariis
916 714 947 774 el
962 710 1005 775 de
1019 728 1058 775 re
1072 708 1232 775 iudicata.

329 942 548 999 summarium.
566 972 601 985 -
620 944 681 998 259.
701 943 817 1004 Quando
834 942 976 997 sententia
995 944 1053 997 sive
1071 944 1244 996 absolutoria
1262 942 1321 996 eive
1340 946 1509 997 condemna·

416 1052 490 1103 toria
513 1054 637 1105 transeat
661 1051 689 1103 in
716 1066 774 1104 rem
794 1049 953 1103 iudicatam.
977 1049 1046 1109 Quid
1071 1049 1141 1102 iurie
1164 1049 1197 1103 de
1223 1050 1450 1105 interlocutoriis.
1473 1077 1509 1091 -

418 1158 477 1211 260.
500 1158 538 1211 De
557 1157 746 1226 appellatione
758 1158 794 1210 ab
813 1158 949 1211 incidenti
966 1157 1114 1211 sententia
1134 1185 1167 1197 -
1187 1156 1248 1209 261.
1263 1156 1302 1211 De
1320 1156 1509 1227 appellatione

416 1261 475 1315 eive
492 1262 649 1332 principali
667 1262 726 1314 sive
745 1262 880 1315 incidenti
898 1266 927 1315 el
945 1260 979 1315 de
998 1260 1062 1313 aliis
1081 1258 1211 1314 remediis
1223 1259 1460 1315 extraordinariis.
1474 1288 1508 1299 -

417 1368 477 1421 262.
497 1368 640 1429 Quomodo
659 1369 789 1421 decurrat
805 1367 968 1421 decendium
988 1368 1022 1420 ad
1042 1366 1246 1437 appellandum.
1261 1396 1295 1409 -
1308 1367 1369 1421 263.
1390 1369 1431 1420 An
1451 1367 1510 1420 eni·

416 1493 535 1547 cumque
553 1480 583 1529 et
602 1476 630 1529 in
654 1476 783 1529 omnibns
808 1476 901 1529 causis
925 1474 1089 1544 permissum
1107 1474 1145 1528 eit
1163 1475 1314 1545 appellere.
1333 1504 1368 1517 -
1387 1475 1448 1529 nol.
1469 1474 1509 1529 De

416 1583 562 1637 effectibus
574 1582 780 1651 appellationis.
791 1610 826 1623 -
836 1582 898 1635 265.
911 1581 1053 1642 Quaenam
1066 1598 1167 1636 caueae
1179 1582 1307 1635 dicantur
1320 1568 1375 1636 nan
1387 1582 1508 1637 transire

397 1690 444 1743 =in
464 1706 521 1743 rem
543 1689 703 1743 iudicatam.
724 1716 758 1729 -
776 1690 840 1743 266.
864 1689 901 1742 De
921 1689 1094 1744 executione.
1114 1718 1150 1730 -
1168 1690 1228 1743 267.
1250 1690 1288 1745 De
1307 1690 1444 1759 expensis.

416 1918 492 1985 259.
510 1919 676 1985 Sententia
691 1922 760 1985 sire
776 1919 986 1987 absolutoria
1002 1922 1071 1985 sire
1087 1920 1367 1987 condemnator-io
1390 1924 1507 1986 transit

327 2043 358 2105 in
371 2062 445 2107 rent
456 2044 654 2116 indicatam,
668 2044 795 2127 quando
806 2046 943 2128 amplius
958 2046 1186 2127 appellatione
1202 2045 1311 2128 impeti
1327 2065 1392 2109 non
1408 2046 1504 2111 valet.

325 2163 545 2234 Absolntoria
570 2174 677 2233 autem
705 2169 778 2233 heic
802 2168 995 2253 intelligitur
1021 2171 1190 2240 sententia,
1215 2188 1297 2251 quae
1319 2189 1340 2234 a
1363 2170 1506 2237 crimine

325 2290 472 2365 absolvit,
491 2312 555 2355 nan
571 2296 696 2357 tantum
711 2291 756 2358 ab
771 2292 945 2357 instantia.
963 2294 1054 2358 Haec
1077 2294 1163 2357 enim
1180 2313 1244 2357 non
1260 2294 1389 2379 attingit
1403 2296 1504 2360 meri·

325 2422 398 2480 tara
421 2418 616 2501 quaestionis
632 2422 664 2481 et
679 2416 818 2481 habetur
843 2418 942 2483 veluti
959 2418 1103 2499 quaestio
1118 2417 1272 2483 incidens
1290 2438 1348 2483 seu
1367 2419 1505 2485 intarta·

325 2540 468 2616 altaria
492 2562 511 2605 a
535 2563 598 2626 qua
620 2548 728 2607 temen
756 2542 924 2627 appellare
948 2548 1054 2626 posset
1078 2550 1244 2628 promotor
1273 2540 1401 2624 fiscalis,
1425 2564 1503 2628 qua-

324 2671 524 2753 tieeeumque
546 2670 599 2733 hia
622 2669 802 2736 arbitretur
832 2689 878 2736 aa
908 2671 992 2737 aclis
1022 2673 1099 2737 salis
1125 2675 1275 2750 constare
1298 2671 1338 2735 de
1361 2675 1504 2763 accusati

327 2793 452 2856 reitate.
478 2791 646 2873 Appellat,
664 2809 682 2854 e
698 2797 822 2862 eontra.
840 2798 1010 2857 aecusatus
1034 2793 1060 2856 si
1084 2794 1243 2875 opinetur,
1262 2794 1362 2876 ipsum
1386 2781 1502 2859 nedum

324 2913 364 2979 ab
389 2915 552 2980 instanlia
575 2915 631 2980 sed
646 2914 686 2979 ab
702 2917 917 2983 acanaliane
940 2916 1170 2982 absolvendum
1187 2935 1267 2983 esse.
1288 2952 1304 2964 -
1325 2918 1404 2981 Nam
1421 2919 1503 2982 haec

325 3048 374 3103 est
397 3039 541 3121 quaestio
563 3039 727 3114 incidens,
752 3059 841 3124 qnae
856 3042 925 3106 aim
942 3040 1039 3107 habet
1054 3041 1247 3126 definiliaae
1270 3047 1303 3107 et
1325 3061 1502 3136 gravamen

325 3160 421 3227 affert
443 3183 512 3248 per.
525 3143 721 3228 definitivam
741 3185 804 3228 non
822 3165 1014 3249 reparabile.
1033 3165 1080 3230 Gi.
1099 3165 1172 3228 Vol.
1191 3167 1216 3245 1,
1233 3185 1264 3230 n.
1282 3166 1357 3232 542.

415 3287 491 3353 260.
508 3287 593 3354 Sane
609 3287 650 3352 ad
665 3291 870 3372 quaestiones
885 3289 1070 3355 incidentes
1086 3293 1182 3354 etiem
1200 3290 1394 3356 aiminates
1418 3290 1502 3374 quod

324 3413 449 3486 attinet,
466 3413 555 3497 viget
572 3412 685 3497 regula
707 3413 740 3475 in
764 3412 854 3476 hisae
870 3431 935 3476 nan
958 3412 1081 3479 admitti
1103 3415 1351 3498 appellationem
1374 3416 1401 3479 ei
1424 3435 1501 3500 gra-

324 3557 441 3601 vamen
454 3537 575 3620 corrigi
587 3538 687 3620 possit
699 3557 757 3620 per
769 3537 979 3621 definitivam
991 3541 1193 3612 sententiam,
1207 3541 1312 3623 prouti
1325 3541 1417 3605 iussit
1428 3541 1501 3606 Tri·

325 3661 411 3726 dent.
425 3661 546 3726 Concil.
558 3680 637 3726 sess.
645 3659 694 3756 ‚13
706 3682 732 3726 c.
746 3662 773 3732 1.
786 3660 913 3743 Deras.
930 3663 1058 3729 Etenim
1072 3665 1118 3728 rei
1131 3665 1301 3728 eriminum
1313 3663 1501 3748 plerumque

323 3785 364 3850 ad
381 3786 547 3850 evitandas
559 3805 679 3869 poenes
691 3791 724 3851 et
737 3785 986 3852 Ordinatiorum
999 3787 1040 3851 ad
1054 3787 1211 3853 eludenda
1227 3787 1355 3862 iudicia,
1370 3809 1500 3872 quaere-

324 3912 373 3976 las
395 3914 597 3976 interserant
619 3916 653 3975 et
674 3914 866 3996 gravamina
882 3913 1042 3984 simulent,
1060 3913 1174 3996 quibus
1197 3916 1420 4000 appellationis
1442 3915 1502 3980 dil·

324 4033 422 4119 lugiu
447 4035 638 4099 indiciorum
665 4036 1063 4121 processum-impediant.
1091 4040 1190 4120 Atqui
1213 4059 1254 4103 ne
1276 4040 1328 4105 isti
1356 4039 1500 4104 remedio

323 4158 363 4222 ad
391 4161 595 4224 innocentiae
626 4159 818 4244 praesidium
850 4162 995 4226 instituto
1017 4161 1058 4225 ad
1082 4163 1257 4246 iniquitatis
1280 4161 1500 4229 defensionem

323 4282 505 4357 abutantur,
519 4294 615 4369 etque
632 4294 666 4351 ut
681 4286 859 4352 huiusmodi
878 4287 1045 4352 calliditati
1062 4295 1094 4353 et
1109 4288 1372 4374 tergiversationi
1389 4308 1501 4354 occur·

324 4413 425 4474 ratur.
442 4410 486 4473 ita
505 4412 618 4474 statuit
640 4417 673 4475 et
695 4409 842 4475 decrevit
865 4409 900 4476 C.
918 4410 1003 4475 Trid.
1030 4413 1050 4476 l.
1067 4413 1138 4478 cil:
1165 4415 1239 4478 «ln
1264 4415 1370 4498 nausis
1393 4415 1501 4480 visita·
