3350 5100
520 303 563 349 nn
591 302 745 350 nnnrcrrs
769 303 812 350 ur
836 303 955 350 posuis
1283 284 1328 349 43

146 442 207 508 per
228 425 493 510 respectionem
508 424 568 491 sub
583 426 766 492 conditione
782 429 815 490 in
831 428 881 492 sui
896 428 950 492 vel
972 427 1006 490 in
1021 427 1155 494 alterius
1178 427 1326 492 favorem

146 548 280 622 adiecta
297 569 462 630 accessus,
477 549 661 636 inpressas,
679 556 736 616 aut
752 569 940 638 repressas,
957 561 1014 616 aut
1028 551 1087 616 sub
1103 553 1328 617 reservatione

145 673 280 739 alicuius
302 677 406 760 partis
427 675 602 741 fructuum.
621 711 639 724 -
657 677 783 742 Verum
799 676 912 742 clerici
928 681 1150 761 permutantes
1168 673 1327 742 beneficia

145 800 230 864 inter
253 819 306 872 se,
330 801 382 866 his
413 802 509 866 etiam
543 800 638 866 iactis
673 801 964 873 reservationibus,
993 807 1125 886 patrant
1157 802 1327 866 simoniam

143 924 230 990 iuris
253 926 368 992 eccles.
392 925 430 990 irc
452 945 587 1011 ponere,
612 946 678 992 non
701 928 869 992 simoniam
893 923 1163 1010 confidentiulem
1181 923 1236 1012 (l).

234 1050 289 1115 29.
316 1051 407 1117 luter
430 1071 485 1116 res
508 1052 693 1136 spirituales
716 1071 736 1117 a
759 1051 874 1135 quibus
896 1049 987 1117 labes
1009 1052 1185 1116 simoniaca
1214 1051 1325 1116 sedulo

142 1173 288 1238 arcenda
312 1181 369 1244 est,
395 1178 467 1240 iure
489 1177 605 1240 merito
628 1181 820 1242 recensetur
842 1177 1010 1260 ingressus
1026 1175 1060 1240 in
1078 1174 1225 1239 ordinem
1250 1175 1326 1240 reli·

141 1297 343 1380 giosumseu
360 1297 429 1382 ipsa
444 1298 602 1382 professio
625 1299 792 1383 religiosa;
817 1317 889 1383 arg.
906 1319 933 1364 c.
950 1318 976 1363 c.
994 1297 1027 1377 8,
1044 1298 1097 1378 19,
1113 1296 1173 1371 30,
1190 1297 1240 1364 40
1254 1298 1285 1362 b.
1303 1303 1325 1364 t.

142 1425 175 1485 et
199 1421 380 1506 Extravag.
398 1423 425 1487 1.
450 1422 481 1486 b.
507 1427 528 1488 t.
553 1423 642 1490 iuter
666 1441 871 1490 communes.
897 1423 1022 1488 Verum
1045 1422 1129 1487 haec
1152 1442 1206 1487 res
1231 1423 1326 1507 spiri·

140 1543 242 1609 tualis
268 1564 332 1609 non
356 1563 449 1608 secus
473 1565 512 1610 ac
535 1551 666 1610 ceterae
691 1565 743 1610 res
770 1545 972 1630 spirituales,
995 1544 1140 1609 admixta
1162 1546 1327 1629 reperitur

141 1667 242 1732 rebus
268 1668 510 1752 temporalibus,
536 1671 686 1734 nimirum
718 1669 902 1734 necessitati
925 1668 1152 1734 alimentorum
1178 1667 1220 1734 ad
1242 1687 1335 1752 quae·

142 1795 196 1858 ins
219 1796 421 1860 nanciscitur
443 1795 496 1860 vir
518 1795 570 1860 vel
594 1795 736 1862 foemina
758 1795 932 1880 regularis.
959 1831 977 1842 -
1002 1793 1229 1868 Quamobrem,

281 1917 314 2002 1)
338 1939 438 2004 usque
460 1922 654 2006 permissum
679 1921 740 1986 fuit
763 1926 796 1985 et
818 1925 925 1985 ratum
948 1918 1061 1985 habuit
1090 1918 1178 1984 Trid.
1202 1918 1324 1987 concil.

140 2063 224 2109 sess.
249 2043 311 2123 25,
335 2043 387 2110 De
408 2046 536 2130 repul..
561 2065 635 2128 cap.
661 2045 720 2126 16,
744 2064 837 2130 posse
860 2046 949 2130 exigi
972 2064 1133 2130 expensas
1155 2064 1214 2130 pro
1237 2044 1334 2110 victu

141 2172 176 2232 et
199 2165 343 2232 vestibus
366 2173 512 2252 tempore
535 2171 721 2236 novitiatus.

277 2292 313 2377 2)
338 2293 480 2360 Proinde
507 2295 533 2359 si
561 2293 621 2360 sub
645 2296 821 2360 intentione
848 2293 1114 2359 subministrandi
1139 2294 1335 2358 necessaria.

140 2417 255 2490 victui,
272 2417 393 2501 aliquid
416 2425 535 2502 sponte
558 2416 715 2484 offeratur
738 2419 879 2485 familiae
903 2418 1075 2503 religiosae
1097 2415 1139 2482 ab
1161 2420 1230 2502 ipso
1253 2436 1325 2502 pro

141 2541 230 2607 fesso
246 2542 300 2607 vel
325 2540 366 2608 ab
388 2541 469 2615 aliis,
487 2541 576 2608 nulla
598 2541 704 2609 obstat
725 2541 899 2628 prohibitio
922 2543 999 2625 quia
1012 2561 1109 2607 omne
1131 2539 1221 2606 abest
1237 2542 1324 2625 peri-

143 2666 253 2732 culum
276 2668 449 2742 simoniam
474 2686 545 2753 arg.
570 2686 644 2751 cap.
669 2666 720 2733 30
743 2667 773 2731 b.
800 2672 819 2730 t.

280 2790 315 2876 3)
339 2791 464 2855 Verum
487 2791 608 2874 aliquid
623 2790 762 2877 ccipere
777 2788 818 2854 ab
832 2788 1100 2875 ingredientibus,
1118 2790 1213 2854 etiam
1231 2788 1324 2855 titulo

143 2915 351 2980 necessariae
375 2918 623 2989 sustentationis,
641 2918 713 2982 iure
732 2916 869 3001 positivo
891 2915 1089 2999 prohibitum
1109 2920 1168 2995 est,
1184 2932 1259 2997 cap.
1276 2914 1335 2980 40·

145 3038 175 3103 b.
194 3045 216 3103 t.
233 3042 268 3104 et
283 3040 419 3105 Extrav.
436 3041 464 3104 1.
482 3038 512 3103 b.
530 3045 551 3106 t.
568 3042 657 3107 inter
679 3059 885 3115 communes,
903 3060 942 3104 eo
965 3040 1050 3124 quod
1072 3040 1225 3107 statuitur
1248 3040 1331 3105 reli--

144 3164 252 3247 giosos
264 3162 490 3230 sustentandos
507 3184 577 3230 esse
600 3164 755 3231 reditibus
770 3166 959 3230 monasterii
969 3170 1002 3231 et
1017 3164 1103 3230 haud
1127 3165 1236 3250 pluras
1252 3183 1324 3229 ease

145 3286 348 3373 recipiendos
371 3308 466 3373 quam
490 3290 678 3374 permittant
700 3290 823 3355 reditus
846 3292 1034 3354 monasterii
1057 3291 1126 3355 sive
1149 3291 1231 3355 certi
1254 3291 1329 3356 sive

144 3414 272 3486 incerti,
297 3414 806 3500 velutieleemosynae100ncil.
832 3414 920 3479 Trid.
945 3434 1022 3480 sess.
1047 3415 1107 3487 25,
1132 3415 1181 3479 Da
1203 3414 1323 3500 repul,

146 3555 221 3619 cap.
246 3534 279 3601 3.

234 3783 274 3854 (l)
293 3754 471 3845 Quaestionis
485 3789 527 3839 aet
540 3802 576 3838 an
590 3785 748 3838 committat
762 3784 911 3838 simoniam
930 3786 1156 3855 confidentiulam
1174 3783 1222 3853 qui
1241 3782 1325 3838 alteri

147 3895 277 3958 procurat
295 3890 462 3944 beneficium
481 3892 534 3945 sibi
552 3906 608 3944 non
626 3906 686 3943 amr
706 3896 853 3946 reservata
872 3892 1012 3961 pensione.
1033 3891 1148 3961 inquam
1167 3918 1181 3933 -
1199 3891 1251 3944 sibi
1268 3906 1326 3944 noa

147 3996 206 4060 ulii,
224 4025 240 4037 ·
258 4014 321 4051 nam
335 3998 358 4050 si
371 3998 433 4062 ulit,
452 3997 561 4051 nullum
580 3998 710 4063 dubium3
728 3998 752 4051 si
770 4000 830 4065 sibi,
845 3998 918 4052 ratio
936 3997 1082 4051 dubitandi
1101 4000 1151 4063 eat,
1171 3997 1238 4067 quia
1255 3996 1327 4052 baec

148 4104 301 4157 reservatio
319 4119 375 4157 non
394 4103 521 4159 absolute
540 4102 713 4171 prohibetur,
732 4104 779 4159 sed
798 4104 958 4173 expostulat
970 4109 1080 4158 tantum
1098 4103 1242 4159 licentiam
1262 4104 1326 4174 Epi·

149 4210 232 4277 scopi.
242 4209 430 4265 Nihilominus
440 4188 707 4280 longe'probabilior
716 4217 759 4265 est
771 4212 914 4266 sententia
924 4211 1077 4265 affirmans:
1088 4212 1123 4265 cf.
1134 4211 1279 4267 Reiffenst.
1290 4211 1328 4274 V,

149 4317 210 4371 bt.
229 4336 255 4369 n.
275 4318 319 4384 39,
338 4318 384 4374 aed
405 4319 536 4388 negativa
555 4336 609 4374 non
629 4320 822 4389 improbabilia
841 4320 951 4375 videtur
971 4320 1000 4373 Β·
1009 4320 1164 4387 Annibale,
1185 4323 1203 4373 l.
1223 4339 1244 4375 c.
1266 4322 1327 4388 112,

150 4434 202 4477 not.
222 4424 266 4477 14.
