3350 5100
845 261 929 309 PARS
953 262 974 308 1.

671 512 694 645 a
717 561 748 630 a.
771 561 822 628 ne
845 561 974 628 antea
996 562 1156 629 66616.

593 756 644 798 1166
657 753 751 799 rufant.
766 755 802 798 tit.
818 754 851 810 lo,
866 754 951 810 x,1ib.
967 756 996 808 V,
1010 762 1034 799 ct
1047 757 1084 800 tit.
1099 756 1131 808 13,
1147 756 1178 810 X,
1193 756 1234 801 IV.

325 968 539 1026 summarium.
557 997 594 1022 -ι
611 969 655 1024 56.
675 969 784 1024 Delicta
802 985 922 1025 venerea
939 975 1004 1026 sunt
1022 972 1104 1026 ms'asti
1121 973 1188 1042 fori.
1207 999 1243 1015 -
1262 972 1306 1026 57.
1326 971 1365 1027 116
1382 972 1509 1026 fornica·

414 1077 491 1132 tione
509 1076 554 1131 vel
572 1075 693 1146 simplici
706 1075 751 1132 vel
764 1077 915 1131 coniuncta
927 1093 989 1130 cum
1002 1077 1160 1148 sacrilegio.
1174 1107 1208 1120 -
1220 1077 1263 1133 58.
1284 1077 1324 1134 Da
1337 1079 1454 1135 incestu.
1467 1106 1506 1122 -

412 1183 455 1238 59.
476 1184 515 1238 Do
533 1187 637 1252 stupro.
651 1210 687 1226 -
702 1183 745 1237 60.
766 1183 872 1244 Quibus
891 1185 987 1252 poenis
1006 1190 1035 1239 et
1053 1185 1273 1254 obligationibus
1292 1190 1422 1240 tencatur
1440 1194 1505 1240 stu·

413 1295 515 1362 prator.
530 1317 564 1332 -
577 1289 619 1344 61.
642 1289 679 1344 116
699 1287 845 1344 adulterio.
859 1319 895 1332 -
907 1291 951 1345 62.
970 1291 1009 1346 De
1029 1291 1227 1361 impedimento
1246 1293 1378 1347 criminis.

413 1507 466 1574 56.
484 1506 601 1573 Omnia
616 1505 761 1590 equidem
778 1507 915 1572 crimina
929 1513 1124 1592 promanant
1138 1496 1181 1572 es
1197 1493 1333 1592 quadam
1352 1505 1502 1575 effraenn

222 1689 227 1697 .
323 1629 514 1718 cupiditate;
538 1649 578 1696 aa
595 1649 676 1696 vero
691 1649 771 1714 quae
788 1631 953 1696 eluxuria
967 1630 1118 1697 derivant
1132 1633 1230 1717 (quae
1246 1633 1367 1699 delicta
1384 1634 1503 1700 cannis

322 1757 479 1842 appellari
503 1753 619 1838 solent)
633 1772 694 1840 per
709 1775 753 1826 se,
771 1761 846 1820 sunt
860 1755 962 1822 minti
974 1756 1046 1838 sori
1061 1776 1119 1822 seu
1133 1757 1195 1821 nisi
1212 1755 1347 1822 accedat
1362 1757 1501 1841 qualitas

321 1899 482 1966 personae
497 1879 710 1964 delinquentis
725 1899 841 1965 nempe
857 1880 980 1954 clerici,
998 1885 1053 1946 aut
1068 1879 1208 1947 conditio
1223 1881 1397 1966 sacrilegii,
1415 1879 1501 1946 unde

322 2005 555 2071 determinatur
570 2005 784 2089 competentia
799 2004 966 2070 Ecclesiae
985 2004 1168 2087 privativa.
1184 2041 1201 2054 -
1216 2004 1377 2090 Siquidem
1392 2007 1426 2070 in
1442 2024 1498 2091 ge

323 2147 403 2196 nere
419 2149 494 2195 usus
507 2133 738 2215 praeposterus
750 2130 867 2193 virium
884 2129 1077 2194 naturalium
1093 2129 1133 2195 ad
1150 2135 1267 2196 statum
1281 2131 1499 2196 matrimonia-

320 2255 385 2320 lem
398 2253 618 2320 ordinatarum
631 2254 790 2339 compesci
803 2252 898 2319 debet
910 2255 1005 2318 etiam
1017 2253 1058 2318 ab
1067 2253 1223 2329 Ecclesia,
1234 2256 1324 2320 cuius
1336 2260 1385 2320 est
1396 2260 1499 2321 status

321 2378 575 2459 matrimonialis,
600 2379 704 2443 evecti
727 2375 768 2442 ad
791 2376 979 2462 dignitatem
1003 2378 1123 2464 mapni
1140 2380 1356 2460 sacramenti,
1372 2381 1498 2464 specia-

320 2505 385 2571 lem
400 2501 647 2571 sollicitudinem
670 2500 803 2568 habere.
820 2500 930 2575 Quare
947 2501 1130 2581 fornicatio
1146 2501 1223 2588 (non
1239 2501 1406 2589 solitaria)
1421 2513 1498 2569 cnm

319 2630 497 2716 sacrilupio
521 2628 704 2708 coniuncta,
728 2627 883 2708 incestus,
907 2632 1075 2710 stainam,
1100 2627 1353 2709 concubinatus,
1369 2628 1499 2694 adnite-

318 2756 411 2821 riam
434 2774 493 2840 per
517 2754 684 2820 Ecclesiae
715 2772 856 2819 canones
879 2752 1017 2818 diversis
1040 2754 1151 2837 paenis
1173 2753 1328 2821 mulctata
1351 2755 1496 2820 fuerunt.

407 2874 524 2944 5161
547 2878 658 2962 primis
679 2876 863 2959 fornicatio
887 2896 959 2941 uam
982 2877 1161 2963 sacritepio
1185 2878 1359 2942 coniuncta
1387 2879 1496 2942 consi-

318 3002 452 3068 deratur
467 3004 515 3066 uti
531 3004 655 3066 crimen
671 3002 897 3087 gravissimum
909 3001 1079 3085 privative
1095 3002 1268 3067 obnoxium
1283 3002 1362 3085 fora
1379 3002 1494 3067 Eccle-

318 3125 394 3205 siae,
414 3126 573 3207 quatenus
587 3142 757 3208 personam
778 3122 844 3188 Deo
868 3142 995 3189 sacram
1017 3123 1124 3205 laedit,
1142 3144 1200 3189 seu
1214 3104 1364 3209 infringit
1385 3129 1496 3189 votum

318 3250 482 3314 eastitatis.
508 3248 633 3313 Verum
657 3268 699 3312 ex
725 3246 953 3329 fornicatione
979 3253 1128 3334 patratur
1149 3248 1378 3335 6661116ρί66,
1402 3250 1494 3333 quasi

317 3372 441 3435 crimen
465 3370 597 3455 gravius
619 3368 755 3454 simplici
779 3368 1003 3451 fornicatione,
1029 3371 1224 3456 potissimum
1249 3369 1353 3453 quoad
1373 3369 1494 3451 foram

316 3502 507 3577 satanam,
532 3493 658 3579 quando
681 3495 743 3559 ista
765 3493 975 3559 committitur
998 3513 1071 3558 curn
1093 3495 1233 3559 moniali.
1251 3496 1332 3560 Nam
1359 3494 1495 3558 ‹forni-

315 3622 400 3687 66116
424 3620 536 3687 6161161
560 3621 613 3703 qui
636 3620 670 3683 in
693 3621 795 3685 sacris
811 3617 977 3684 ordinibus
992 3624 1154 3700 versatur,
1171 3639 1361 3705 quamquam
1377 3640 1493 3686 verum

315 3747 356 3811 sit
386 3744 608 3829 sacrilegium,
633 3748 741 3809 tamen
768 3749 803 3809 ut
826 3744 964 3828 simplex
992 3744 1163 3809 fornicatio
1186 3746 1319 3830 punitur
1342 3764 1373 3826 ›‚
1397 3744 1493 3811 docet
1517 3836 1520 3840 1

315 3870 438 3944 Donati,
455 3872 537 3937 Iasi.
554 3888 641 3945 can,
659 3869 727 3935 Lib.
744 3868 803 3942 IV,
819 3869 869 3935 111.
885 3868 935 3939 15,
951 3869 974 3951 5
989 3868 1020 3932 7.
1039 3868 1106 3933 Per
1121 3868 1367 3935 fornicationem
1382 3872 1491 3936 saai-

315 3997 387 4081 teae
409 3994 582 4061 laeduntur
600 3994 673 4061 loca
696 4012 798 4074 sacra,
817 3992 943 4076 quando
958 3993 1041 4058 haec
1056 3993 1252 4078 polluuntur.
1270 3994 1318 4060 Cf.
1336 3994 1409 4059 Vol.
1427 3995 1490 4068 ΙΙΙ,

316 4119 388 4184 153.
404 4120 449 4184 116
463 4120 598 4204 simplici
614 4120 827 4185 fornicatione
844 4118 1038 4183 clericorum
1051 4116 1193 4184 dicemus
1208 4124 1370 4203 postremo
1384 4118 1489 4185 titulo.

403 4244 449 4309 De
480 4245 607 4311 clericis
637 4245 747 4309 taliter
778 4243 946 4327 sacrilegis
978 4242 1097 4327 aliquid
1121 4241 1260 4308 diximus
1290 4246 1426 4329 agentes
1449 4242 1489 4308 de

312 4368 552 4455 irregularitate
568 4389 611 4435 ex
626 4368 763 4455 bigamia
786 4366 1076 4440 similitudinarie,
1094 4366 1201 4452 aliqua
1216 4367 1303 4432 infra
1322 4366 1487 4434 addemus.
