3350 5100
53 114 55 165 l

487 345 533 393 nn
556 343 695 394 morcns
719 343 963 394 casurusmnus
1262 321 1331 390 245

155 471 347 555 exceptione
370 467 596 536 criminaliter
617 467 752 540 obiecta.
769 485 833 552 que
847 468 1014 552 excipiens
1033 465 1171 532 intendit
1189 465 1328 550 aliquem

153 591 193 657 de
214 593 353 659 ommium
376 592 542 678 postulare
563 591 606 657 sd
628 609 765 678 poenam
780 597 837 656 aut
851 591 966 656 saltem
981 590 1088 674 aliquo
1104 588 1331 676 impedimento

152 714 304 783 alienum
327 717 470 803 probare
491 721 528 784 ut
549 715 708 782 deiciatur
729 714 770 780 ab
791 713 898 781 officio
921 719 977 782 aut
999 711 1155 780 beneflcio
1171 716 1235 780 ism
1259 733 1332 800 pos-

153 859 255 906 mo:
270 847 350 907 tuuc
373 843 563 910 reversati
587 841 752 908 documm
771 860 879 927 supra,
895 859 959 906 non
985 841 1137 924 acceptio
1161 839 1218 906 sed
1241 841 1330 906 actio

152 967 344 1040 criminalis,
370 968 581 1033 instauratur.

240 1090 385 1156 Proinde
411 1091 475 1157 hoc
500 1097 551 1158 est
575 1092 742 1178 proprium
772 1089 926 1156 eiusmodi
958 1089 1158 1174 exceptionis
1185 1089 1328 1156 ciuiliter

149 1214 305 1286 obiectae,
328 1217 545 1301 excipientem
576 1237 641 1282 nou
667 1218 774 1284 teneri
797 1235 903 1301 poene
928 1216 1206 1287 calumniatorum,
1234 1215 1261 1280 si
1289 1217 1320 1280 in

151 1337 315 1421 probando
336 1338 473 1414 deficiet,
497 1342 605 1427 prouti
626 1345 782 1408 statutum
804 1346 855 1407 eet
877 1339 980 1425 quoad
1004 1343 1221 1405 accusatores.

234 1462 389 1530 Ceterum
406 1465 544 1530 crimina
557 1466 765 1548 excipiuntur
787 1483 853 1530 uon
875 1469 999 1530 tautum
1022 1465 1056 1528 in
1080 1462 1196 1529 iudicio
1220 1463 1326 1530 crimi-

149 1586 212 1650 nali
233 1588 406 1654 sedetiam
430 1593 463 1656 in
486 1590 583 1671 civili,
601 1592 718 1676 quippe
739 1591 890 1675 exceptio
913 1592 963 1656 est
978 1588 1088 1655 modus
1112 1587 1323 1662 detensionis;

146 1714 278 1795 eiusque
300 1714 437 1779 intentio
452 1719 502 1780 est
516 1714 624 1781 cicilie
639 1735 698 1780 seu
713 1714 753 1780 ad
769 1711 919 1780 effectum
935 1715 1075 1786 civilem,
1095 1733 1158 1778 non
1180 1713 1222 1779 sd
1246 1731 1323 1798 poe·

147 1853 229 1902 nam.
255 1837 295 1902 ln
319 1839 436 1904 iudicio
461 1845 569 1904 autem
597 1839 767 1920 criminali,
791 1841 1000 1924 exceptiones
1030 1840 1250 1924 respicientes·
1270 1839 1325 1904 rel

147 1963 296 2026 meritum
325 1983 441 2028 causae
467 1965 520 2030 vel
543 1984 716 2050 personam
739 1965 852 2031 iudicis
875 1965 927 2030 vei
952 1985 1107 2050 personas
1130 1963 1324 2032 contendeu-

145 2085 221 2149 tium
233 2095 443 2172 opponuutur
457 2109 522 2154 nou
536 2111 631 2156 secus
646 2110 687 2156 ac
701 2091 735 2155 iu
750 2089 867 2158 iudicio
883 2091 970 2155 civili
985 2097 1019 2158 et
1036 2095 1111 2158 suut
1127 2091 1179 2156 vel
1191 2110 1325 2188 perean-

144 2212 280 2291 ptoriae
302 2213 356 2278 vel
380 2215 571 2281 dilatoriae.
595 2215 643 2281 cf.
668 2215 744 2281 Vol.
769 2217 795 2290 Ι,
819 2235 852 2280 u.
880 2216 943 2282 170
966 2237 1012 2301 sq.

232 2337 308 2402 183.
334 2339 478 2421 Denique
500 2337 691 2406 advertatur
713 2359 785 2405 cum
810 2347 969 2426 conceptu
989 2342 1124 2406 actionis
1141 2342 1323 2406 criminalis

143 2458 260 2526 eccles.
286 2468 378 2528 arcte
400 2466 550 2530 connecti
572 2467 736 2531 notionem
759 2467 955 2533 monitionis
974 2467 1157 2533 canonicae
1173 2471 1205 2532 et
1216 2485 1324 2550 prae·

143 2588 235 2669 cepit
253 2593 413 2671 quatenus
436 2590 519 2655 haec
541 2598 616 2657 suut
636 2593 791 2659 remedia
809 2592 982 2676 poenalia.
1005 2626 1023 2641 ·
1045 2592 1126 2657 Nam
1150 2594 1314 2677 proprium

142 2714 188 2771 est
201 2713 388 2795 systematis
403 2713 547 2796 poenalis
563 2714 680 2780 eccles.
696 2719 732 2781 ut
746 2717 873 2801 integre
897 2714 1066 2781 ordinetur
1081 2714 1120 2780 ad
1137 2714 1317 2784 sanctifica-

142 2833 260 2899 tionem
283 2832 425 2901 fidelium
449 2843 490 2911 et,
513 2840 547 2903 iu
570 2841 692 2925 primis,
717 2841 922 2907 clericorum.
948 2840 1077 2907 Exinde
1100 2842 1141 2907 de
1163 2841 1319 2909 remediis

142 2956 327 3037 poenalibus
358 2960 403 3026 iu
432 2960 530 3028 habet
560 2964 642 3029 Inct.
667 2965 720 3029 cil.
745 2964 815 3030 ΕΕ.
839 2969 870 3029 et
898 2963 970 3029 ΕΗ.
995 2970 1058 3030 art.
1083 2966 1118 3029 2.
1146 2967 1238 3031 «Em
1268 2966 1320 3031 liis

140 3080 300 3145 remediis
322 3082 393 3147 alic
411 3087 650 3166 praeveniunt,
673 3088 745 3152 alia
766 3086 960 3169 reprimunt
983 3093 1016 3153 et
1037 3089 1205 3155 medelam
1230 3092 1318 3175 affe·

140 3208 227 3269 nint.
255 3204 386 3273 Pmoun
412 3208 460 3273 ad
490 3209 553 3277 hoc
583 3209 797 3297 diripuntnr,
828 3218 867 3277 ut
899 3200 1093 3297 impediant
1122 3217 1314 3301 quominus

141 3328 270 3393 mnam
292 3330 453 3397 memini
473 3339 512 3399 nt
533 3336 690 3401 scandali
711 3337 845 3419 sliuiuli,
870 3342 1063 3407 occasiones
1084 3344 1316 3417 uoluntariae,

140 3470 328 3538 comaeque
339 3456 386 3521 ad
396 3457 665 3544 delinquendum
673 3463 860 3546 proaimae
874 3473 1124 3533 removeantur.
1137 3504 1154 3517 -
1167 3472 1314 3536 Anrsnn

140 3576 240 3656 finem
263 3580 384 3646 habent
406 3585 593 3651 reuocandi
607 3587 837 3672 delinquentes
851 3595 889 3655 ut
911 3591 1112 3675 resipiscant
1135 3600 1316 3677 reparent·

139 3718 201 3783 pite
214 3704 357 3772 admissi
373 3710 527 3774 criminis
542 3714 799 3796 consequentias
813 3736 845 3777 r.
863 3714 1026 3799 Siquidem
1043 3719 1186 3782 actiones
1202 3720 1313 3785 crimi-

140 3826 225 3893 nales
254 3830 372 3895 eccles.
405 3834 570 3901 coniuent
592 3838 641 3900 ius
664 3838 880 3922 persequendi
910 3842 943 3905 in
966 3842 1083 3909 iudicio
1114 3862 1235 3929 poenas
1260 3846 1314 3910 uel

138 3950 362 4029 medicinales,
388 3957 440 4022 vei
463 3960 640 4045 improprie
665 3961 890 4030 uindicatiuas
917 3966 968 4030 vel
997 3967 1102 4033 media
1130 3969 1313 4037 coactitia

136 4078 398 4151 praevenientia.
416 4082 507 4148 Haec
530 4090 636 4150 autem
661 4088 804 4153 remedia
824 4094 1069 4171 praeoenenlio
1095 4096 1138 4159 ita
1160 4104 1311 4163 recenset

138 4196 186 4259 cit.
211 4200 292 4265 lint.
312 4209 377 4267 art.
395 4204 427 4268 4.
446 4228 464 4268 e
480 4207 605 4275 Mediis
627 4230 716 4295 quae
734 4221 970 4294 praeservant,
988 4216 1175 4302 praecipue
1191 4240 1309 4287 accen-

136 4328 247 4388 sentur
260 4326 457 4408 spiritualia
472 4333 645 4406 exercitia,
670 4336 872 4404 monitiones
886 4348 917 4405 et
928 4349 1114 4427 praecepta
1135 4366 1163 4409 ».
1183 4348 1256 4413 Art.
1277 4350 1308 4413 5.

139 4446 243 4515 (Has
261 4454 476 4533 provisiones
495 4459 703 4540 praecedere
721 4462 818 4527 debet
843 4468 1033 4532 mirimaria
1057 4469 1140 4551 faeti
1164 4474 1310 4559 capnitis
