3350 5100
439 332 909 382 neruo1cuscn1umun1nus
934 332 968 380 ru
993 332 1109 379 suram
1299 314 1362 381 467

274 456 349 523 428.
375 456 446 523 Hae
470 475 588 523 causae
602 456 810 523 iudicialiter
823 460 1043 542 pertractatae
1059 461 1238 540 sequuntur
1253 455 1363 540 plures

184 582 379 665 instantias,·
391 580 541 647 videlicet
551 587 684 667 praeter
694 583 850 665 primam
866 581 1065 647 instantiam
1081 580 1176 645 etiam
1194 581 1363 666 experiun-

184 710 239 771 tur
252 705 434 771 instantias
449 704 689 789 appellationis
695 724 709 788 ,·
732 710 765 770 et
780 706 813 770 iu
829 707 940 771 varias
955 704 1137 771 instantias
1152 703 1274 771 iudices
1289 709 1365 769 sunt

183 835 404 916 competentes
432 830 567 897 ratione
593 830 728 916 gradus
758 829 971 897 hierarchici.
1000 830 1053 895 Ex
1085 831 1155 895 iure
1190 830 1363 896 communi

183 954 274 1040 (Vol.
291 956 317 1028 Ι,
331 976 362 1019 n.
377 952 460 1039 326)
473 954 557 1023 haec
568 956 786 1040 competentia
800 953 1017 1019 determinata
1031 960 1089 1027 est,
1107 960 1140 1019 at
1155 953 1249 1019 modo
1266 956 1300 1019 iu
1311 954 1363 1019 his

185 1077 323 1161 negotiis
345 1076 465 1159 aliquid
479 1077 646 1163 singulare
668 1074 809 1143 habetur
824 1075 1001 1147 inductum,
1018 1076 1189 1161 inprimis,
1206 1077 1278 1141 iure
1294 1075 1364 1139 Tri·

183 1199 326 1274 dentiae,
347 1198 431 1283 quod
455 1218 529 1283 cap.
552 1200 614 1281 20,
636 1218 716 1267 sess.
740 1197 791 1265 24
813 1196 867 1266 Dc
890 1198 955 1281 rof.
980 1200 1072 1265 iussit
1097 1198 1267 1267 <Cumae
1289 1219 1363 1265 ma-

186 1326 396 1393 trimoniales
418 1331 449 1390 ct
472 1325 667 1391 criminales
689 1343 761 1391 non
783 1324 917 1398 decani,
941 1324 1185 1398 archidiaconi,
1203 1330 1263 1390 ant
1278 1324 1364 1393 alio·

184 1469 265 1515 rnm
287 1449 493 1533 inferiorem
515 1449 642 1517 iudicia
665 1450 769 1516 ctiam
791 1450 961 1517 visitando
977 1450 1037 1517 sed
1052 1449 1213 1533 Episcopi
1232 1454 1364 1546 tantum

185 1576 340 1643 atramini
355 1581 386 1642 ct
400 1577 627 1644 iurisdictioni
641 1576 928 1660 relinquantur».
947 1575 1139 1643 Benedictus
1156 1574 1238 1641 XIV
1257 1574 1364 1641 Gonst.

186 1700 249 1766 Dei
270 1701 534 1784 miserationcss
561 1703 582 1765 4
613 1700 834 1767 Tridentinam
852 1700 972 1786 legem
1004 1698 1150 1765 mandari
1181 1700 1364 1765 executioni

184 1826 314 1892 curavit
342 1830 376 1891 et
402 1826 435 1893 S.
460 1826 493 1892 G.
519 1826 554 1891 G.
578 1826 765 1891 authentice
795 1827 1012 1909 interpretata
1041 1829 1182 1891 mentem
1211 1823 1365 1891 eiusmodi

186 1947 277 2035 legis,
302 1948 529 2016 instructione
550 1949 605 2015 cit.
629 1948 698 2015 diei
719 1948 772 2015 22
794 1950 884 2035 Anp.
908 1947 1000 2015 1840
1022 1946 1125 2013 edixit
1150 1948 1365 2013 «Praeterea

187 2056 259 2137 curn
282 2090 303 2136 a
325 2072 357 2137 S.
375 2071 472 2139 Oonc.
490 2071 576 2138 Trid.
602 2073 623 2139 l.
640 2092 670 2141 c.
694 2091 734 2138 ac
757 2074 854 2139 etiam
877 2092 898 2138 a
920 2092 945 2137 s.
962 2092 1004 2138 m.
1023 2048 1141 2139 &aad
1158 2072 1242 2139 XIV
1260 2072 1294 2137 in
1310 2073 1364 2137 cit.

186 2196 293 2262 const
311 2194 374 2264 Dei
395 2195 614 2263 manatione
628 2181 802 2261 causarum
825 2196 1109 2263 matrimonialium
1131 2196 1272 2281 cognitio
1295 2197 1364 2281 qui·

185 2318 295 2385 busvis
309 2319 466 2387 iudicibus
481 2318 700 2397 inferioribus,
716 2319 945 2387 nonobstante
969 2340 1170 2405 quocumque
1193 2320 1365 2406 privilegio

185 2451 221 2511 et
242 2447 500 2531 praescriptione
514 2443 561 2532 (1)
577 2445 677 2510 fuerit
696 2443 832 2526 sublata,
852 2464 892 2512 ac
912 2446 1145 2531 Episcoporum
1165 2446 1307 2511 cumini
1331 2451 1364 2511 ot

186 2571 397 2637 iurisdictioni
420 2575 589 2638 reservate
613 2573 709 2638 mam
736 2591 816 2657 prae
846 2570 1025 2638 Abbatibus
1055 2590 1134 2638 cere
1157 2570 1295 2638 Nullius
1319 2568 1364 2655 (2)

186 2695 263 2764 licet
285 2696 489 2764 cardinalitia
511 2696 668 2782 dignitate
691 2695 898 2782 fulgentibus,
924 2697 1014 2762 iuxta
1037 2695 1068 2764 S.
1087 2696 1121 2762 Ο.
1138 2697 1362 2776 resolutiones,

186 2817 263 2886 hinc
285 2821 384 2886 tutius
407 2821 471 2904 erit
493 2826 528 2886 ut
549 2819 668 2885 nedum
690 2821 853 2885 sententia
876 2819 1073 2905 proferatur,
1094 2818 1149 2886 sed
1173 2822 1268 2888 etiam
1291 2825 1365 2886 acta

187 2959 357 3025 processus
379 2961 439 3028 per
461 2942 656 3027 Episcopum
672 2943 725 3008 uel
748 2962 808 3027 per
830 2942 1082 3010 ecclesiasticam
1106 2961 1277 3028 personam
1293 2963 1363 3029 spe·

185 3065 313 3132 cialiter
335 3067 376 3132 ab
398 3086 438 3132 eo
461 3066 673 3153 delegandam
697 3065 912 3135 conficiantur
926 3089 960 3132 a.
985 3067 1128 3134 Proinde
1151 3073 1248 3153 patet,
1273 3087 1364 3135 men-

185 3195 251 3257 tem
272 3191 360 3257 Trid.
375 3188 515 3256 Ooncilii
537 3191 649 3266 luisse,
666 3191 845 3276 Episcopus
867 3192 953 3258 hano
974 3196 1162 3277 potestatem
1180 3211 1362 3266 reservare,

185 3315 329 3380 exclusis
359 3316 398 3381 iis
428 3315 604 3397 iudicibus,
633 3317 688 3399 qui
714 3315 970 3382 iurisdictionem
997 3315 1142 3400 proprie
1172 3319 1205 3381 et
1234 3316 1365 3404 integre
1402 3369 1404 3374 ,

186 3438 402 3526 episcopalem
424 3459 489 3504 nou
513 3439 643 3506 habent.

275 3595 316 3665 (l)
334 3596 373 3650 et
384 3612 440 3650 nen
458 3596 569 3651 videtur
586 3595 732 3665 reprobari
748 3595 920 3651 consuetudo
936 3596 1157 3664 immmortalis,
1171 3595 1237 3666 quia
1251 3599 1279 3650 iu
1292 3595 1366 3650 Nul-

187 3702 245 3756 lins
262 3718 311 3758 seu
329 3701 622 3772 aquatum-Iuniam.
641 3702 850 3757 4Mntt1726
868 3703 903 3756 ad
922 3701 991 3760 nub.
1012 3703 1045 3756 lt
1064 3701 1092 3758 S.
1110 3702 1140 3758 c.
1159 3700 1266 3756 concil.
1283 3701 1365 3756 iussit

185 3806 320 3861 eiusmodi
338 3806 559 3861 iurisdictionem
575 3816 736 3876 <matare
752 3808 791 3860 ad
809 3807 989 3877 Episcopum,
1001 3809 1091 3862 donec
1108 3809 1143 3861 ab
1160 3807 1363 3862 Archidiaccno

186 3913 321 3968 doccatur
338 3916 375 3968 de
395 3928 610 3968 tuntuonunrnr
627 3930 652 3967 a.

275 4018 315 4090 (2)
334 4019 483 4090 Fagnuuus
501 4020 530 4074 iu
543 4035 603 4092 cup.
620 4020 652 4074 12
665 4021 708 4076 De
719 4037 825 4076 eneces.
837 4022 971 4092 praelat,
983 4039 1010 4074 n.
1023 4022 1065 4074 20
1077 4036 1132 4092 seq.
1146 4019 1227 4076 decet
1241 4022 1364 4078 Abbntes

185 4138 254 4178 aare
266 4123 386 4178 Nullius
398 4124 488 4194 excipi
502 4142 519 4179 a
531 4123 720 4195 prohibitione
733 4123 905 4193 Tridentino,
918 4123 965 4179 sed
979 4123 1061 4180 hodie
1074 4130 1136 4195 post
1150 4123 1176 4178 S.
1187 4123 1257 4180 (1.0.
1273 4123 1365 4182 decla·

186 4229 332 4296 rationem,
342 4229 467 4300 Eagnsui
477 4232 683 4286 sententianon
693 4237 736 4287 est
745 4231 894 4303 sequenda.
909 4231 983 4286 Loco
996 4230 1095 4286 horum
1105 4231 1246 4287 abbatum
1260 4231 1364 4288 iudicet

187 4335 339 4408 Episcopus
364 4339 501 4405 vicinior,
520 4336 618 4393 habita
645 4339 754 4394 ratione
780 4338 933 4394 distantiae
960 4337 1103 4395 Ecclesiae
1132 4337 1306 4395 Cathedralis
1334 4344 1363 4394 et

187 4439 334 4496 hbbetiae.
