3350 5100
364 311 427 376 198
875 330 960 377 runs
988 329 1024 375 11.

361 455 405 518 uti
416 454 570 520 mocime
588 455 701 519 utilem
724 453 764 518 ad
788 452 1001 538 detegendam
1016 453 1216 518 haereticam
1233 455 1438 539 pravitatem,
1457 471 1539 535 quae

360 597 495 664 serpens
526 581 560 643 in
586 579 704 664 populo
726 579 883 644 adnititur
913 579 1046 663 populos
1075 579 1202 643 occulto
1234 576 1369 642 inficere
1400 571 1537 642 ueneno.

360 704 464 779 Quam
492 706 662 789 pessimam
693 705 779 770 luem
810 703 964 788 detegere
996 706 1126 788 eiusque
1157 709 1392 789 propagatores
1427 705 1537 788 poenis

359 848 575 913 compescere,
592 829 735 915 pertinet
756 828 797 893 ad
817 827 956 893 officium
974 829 1156 900 Pastorum,
1174 831 1252 912 quin
1267 830 1363 894 nimis
1377 827 1538 894 subtiliter

359 953 552 1021 observetur
574 957 666 1038 rigor
689 975 859 1038 processus
883 953 1041 1019 iudicialis
1064 954 1219 1019 ordinarii
1245 955 1431 1039 inquisitivi.

450 1078 524 1143 139.
552 1079 765 1143 Nihilominus
788 1077 913 1163 regula,
932 1083 1000 1142 tres
1023 1097 1179 1163 personas
1199 1077 1340 1163 physice
1363 1077 1539 1143 distinctas

359 1203 556 1268 constituere
578 1201 740 1272 iodicium,
764 1219 963 1286 magnopere
986 1207 1036 1266 est
1058 1220 1207 1266 connexa
1234 1221 1308 1266 cum
1335 1201 1539 1266 ordinatione

355 1327 502 1409 positiva
525 1325 725 1405 iudiciorum,
750 1333 908 1409 quatenus
930 1326 1013 1390 haec
1037 1328 1183 1391 exterius
1200 1326 1360 1393 exhibere
1383 1346 1418 1391 se
1442 1324 1539 1389 debet

358 1456 577 1536 comparatam
600 1450 641 1514 ad
664 1449 864 1514 subditorum
887 1449 944 1514 sibi
963 1451 1198 1517 conciliandam
1222 1449 1372 1516 fiduciam
1397 1459 1431 1515 et
1446 1469 1539 1514 reve

359 1575 507 1641 rentiam.
533 1572 676 1637 Proinde
700 1573 783 1637 ratio
806 1571 1043 1637 adinvenienda
1066 1581 1138 1638 erat
1153 1572 1371 1640 satisfaciendi
1395 1573 1473 1637 hnic
1492 1574 1540 1636 in-

358 1701 455 1766 timae
478 1699 660 1763 necessitati
685 1699 822 1763 actionis
839 1697 1005 1764 iudicialis.
1023 1731 1066 1745 —
1083 1695 1134 1762 Ob
1149 1700 1294 1764 rationes
1313 1703 1420 1762 autem
1436 1698 1538 1762 histo·

358 1826 446 1888 ricas
467 1824 546 1888 satis
568 1822 747 1908 explicatas
761 1821 883 1887 factum
907 1827 1006 1888 estut
1022 1823 1083 1886 civi
1108 1826 1288 1890 accusatori
1313 1824 1441 1909 privato
1464 1821 1540 1886 sub

357 1949 487 2013 stitutus
502 1946 603 2012 inerit
617 1949 836 2032 magistratus,
854 1946 999 2032 publicus
1014 1954 1199 2022 accusator;
1217 1955 1249 2014 et
1264 1967 1436 2033 processus
1447 1965 1540 2029 pure

358 2074 572 2156 inquisitivus,
589 2093 647 2137 seu
662 2075 717 2156 qui
731 2074 955 2137 institueretur
971 2092 1034 2138 nec
1049 2075 1183 2158 praevia
1197 2073 1346 2156 infamia
1361 2091 1424 2138 nec
1446 2071 1538 2138 iudi-

359 2200 438 2265 ciati
460 2197 730 2278 demandatione,
756 2201 942 2262 remaneret
964 2199 1009 2262 uti
1033 2217 1204 2283 processus
1226 2197 1326 2264 veluti
1344 2196 1539 2264 extraordi-

352 2323 480 2399 narius
501 2321 657 2386 adversm
672 2323 864 2408 gravissima
880 2321 1017 2385 crimina
1040 2323 1138 2387 veluti
1156 2323 1328 2394 haeresim,
1342 2341 1427 2406 quae
1442 2329 1541 2386 nocet

357 2448 531 2512 universae
542 2446 751 2530 Reipublicae
761 2426 825 2510 ⁸etsi
843 2445 979 2511 occulta.
993 2445 1083 2511 Tunc
1095 2449 1326 2530 praetermissa
1337 2465 1540 2530 quacumque

357 2572 561 2636 solemnitate
582 2571 635 2635 vel
659 2572 798 2656 positiva
811 2570 1015 2636 ordinatione
1037 2570 1240 2652 iudiciorum,
1256 2569 1293 2663 fit
1316 2590 1489 2657 processus
1507 2576 1538 2633 et

356 2698 463 2763 femur
486 2698 647 2763 sententia
667 2715 788 2761 rerum
811 2700 945 2759 tantum
966 2696 1108 2761 veritate
1131 2696 1295 2779 inspecta.
1364 2740 1367 2753 ·

448 2820 511 2885 Hic
534 2821 740 2905 magistratus
763 2826 813 2884 est
829 2824 1011 2901 promotor
1025 2788 1151 2903 fiscalis
1166 2820 1207 2886 de
1222 2840 1285 2904 quo
1304 2822 1404 2887 locuti
1427 2840 1536 2885 sumus

358 2946 391 3007 in
407 2944 483 3007 Vol.
499 2944 526 3024 l,
543 2963 575 3007 n.
594 2942 660 3008 132
682 2950 715 3008 et
736 2942 831 3008 modo
845 2947 970 3007 tantum
985 2943 1159 3009 recolimus
1180 2949 1388 3030 praeceptum
1405 2945 1438 3007 in
1456 2945 1534 3009 inst.

358 3068 426 3132 llll.
443 3072 476 3131 et
492 3068 561 3131 Rit.
578 3068 615 3130 11
632 3068 708 3132 lun.
733 3066 834 3132 1880.
859 3066 978 3131 editum
994 3072 1055 3131 art.
1074 3068 1124 3140 13,
1143 3088 1268 3152 nempe,
1287 3088 1306 3133 e
1322 3070 1359 3133 tea
1375 3088 1539 3153 quaesam-

281 3189 286 3197 “
357 3210 424 3275 que
454 3191 553 3257 curia
583 3191 702 3257 adesse
728 3190 850 3256 debere
873 3194 1106 3273 promotorem
1136 3192 1287 3277 fiscalem
1314 3192 1361 3257 ad
1387 3192 1536 3257 iustiliae

357 3315 505 3399 lapisque
536 3316 710 3379 tutelam»
734 3317 795 3397 (l).
828 3316 871 3380 At
905 3316 999 3379 buius
1025 3304 1121 3380 officii
1149 3320 1221 3381 iura
1253 3322 1287 3382 et
1319 3316 1533 3401 obligationes

357 3443 430 3505 iure
452 3458 567 3528 comm.
590 3458 656 3503 non
679 3439 947 3504 determinantur.

447 3596 485 3667 (l)
505 3596 607 3649 Munus
627 3598 792 3664 promotoris
810 3596 914 3650 fiscalis
933 3598 992 3651 inre
1011 3600 1150 3651 communi
1179 3616 1231 3652 non
1258 3600 1464 3653 determinatur
1491 3598 1537 3652 sed

358 3707 436 3759 iuvat
459 3703 594 3757 eiusmodi
618 3702 702 3757 officii
726 3717 857 3772 suprema
880 3704 1052 3759 lineamenta
1078 3707 1243 3761 describere.
1272 3704 1347 3759 istud
1373 3722 1486 3771 munus,
1505 3722 1538 3759 ax

357 3811 473 3880 antiqua
497 3810 577 3878 praxi
596 3809 691 3863 curiae
709 3809 892 3875 Parisiensis‚
909 3826 994 3881 quum
1013 3812 1041 3863 in
1060 3810 1154 3865 Gallia
1176 3812 1298 3866 maxime
1319 3810 1480 3865 ordinatum
1500 3812 1539 3865 sit

358 3917 520 3971 hodiernum
544 3917 665 3969 officium
689 3916 857 3985 promotoris
880 3916 991 3982 fiscalis,
1013 3917 1133 3972 desumit
1159 3918 1324 3987 Van-Espen
1344 3918 1405 3973 Iur.
1425 3919 1539 3979 eccles..

360 4026 389 4078 P.
403 4026 431 4084 3,
451 4028 490 4079 tit.
506 4025 527 4078 6
545 4029 575 4079 et
593 4026 678 4079 refert
695 4043 722 4079 n.
736 4025 767 4077 5:
786 4025 923 4079 «Nomen
939 4032 1111 4097 pronwtoris
1130 4027 1273 4082 derivatur
1291 4044 1309 4081 a
1326 4028 1413 4081 verbo
1426 4044 1538 4096 promo·

359 4148 434 4197 vere,
445 4147 478 4187 eo
496 4131 569 4201 quod
588 4130 669 4185 officii
689 4132 750 4185 eius
768 4132 805 4184 sit
823 4130 976 4200 invigilare
993 4133 1134 4198 abusibus
1147 4139 1177 4188 et
1195 4132 1353 4187 insolentiis
1362 4132 1538 4203 delictisque,

358 4253 429 4307 quae
459 4236 488 4289 in
519 4237 637 4290 dioecesi
666 4235 895 4302 committuntur,
922 4242 1007 4308 atque
1036 4236 1070 4292 de
1101 4238 1136 4291 iis
1166 4238 1332 4307 Episcopum
1359 4244 1389 4292 et
1417 4238 1538 4291 iudicem
1628 4246 1629 4291 i

358 4342 516 4407 informare,
528 4342 596 4412 quin
615 4346 643 4395 et
655 4345 842 4410 opportunum
861 4341 1011 4396 remedium
1030 4342 1115 4396 etiam
1133 4344 1307 4397 iudicialiter
1326 4352 1423 4397 contra
1445 4345 1539 4397 delin-

357 4458 473 4517 quentes
490 4449 600 4516 agendo
619 4449 759 4516 experiri,
779 4448 820 4500 uti
842 4454 921 4501 notat
940 4448 1071 4501 Claudius
1092 4448 1184 4515 Horry
1210 4449 1238 4501 in
1261 4453 1384 4503 tractatu
1411 4448 1537 4507 Gallico.
1627 4496 1628 4511 ,
