3350 5100
313 275 358 340 90
840 263 925 338 rins
950 289 972 336 1.

313 415 545 481 monasterium
561 413 806 500 ingrediendum
829 415 967 500 cogitur,
992 413 1024 477 in
1048 412 1193 478 criminis
1216 391 1362 498 poenam,
1378 412 1433 477 vel
1449 429 1493 476 ne

312 541 441 608 labatur
456 543 489 607 in
506 541 631 607 crimen
646 541 909 616 incontinentiae,
926 543 1039 625 utputa
1054 558 1151 624 quum
1168 538 1371 604 consenserit
1384 537 1491 604 virum

312 686 478 732 assumere
501 665 632 732 ordines
653 682 765 731 sacrm
787 671 821 732 et
844 665 913 749 ipsa
936 663 975 730 de
1002 663 1236 730 incontinentia
1259 666 1308 728 est
1331 667 1488 748 suspecta.

313 791 375 858 Sed
398 793 470 877 cogi
488 789 582 857 debet
605 790 652 856 ad
673 789 920 857 neonusterium
936 786 1193 874 ingrediendum.
1211 806 1275 853 non
1299 785 1340 852 ad
1363 785 1490 873 proies-

312 917 452 990 sionem;
477 916 522 980 uti
544 913 688 980 advertit
702 912 734 980 S.
751 913 920 998 Alphons.‚
945 912 1020 994 VH,
1044 931 1077 978 a.
1094 911 1172 976 212.
1192 945 1210 960 ·
1226 909 1353 976 Verum
1377 909 1489 975 distin·

311 1042 422 1126 guitur
433 1039 554 1124 triplex
570 1057 673 1111 casm,
686 1039 836 1104 nimirum
849 1036 903 1102 vel
918 1055 1038 1123 cepere
1054 1035 1101 1102 od
1115 1004 1364 1102 monasterium
1378 1033 1491 1120 inpre-

312 1165 485 1237 dieudum‚
502 1164 554 1228 vel
577 1162 619 1228 ad
636 1162 892 1246 complendum
916 1160 1078 1234 habitum,
1095 1160 1148 1228 vel
1172 1159 1219 1226 ad
1236 1158 1489 1244 professionem

312 1289 548 1372 emittendam
563 1287 620 1354 sed
635 1307 679 1353 ex
692 1283 852 1374 probabili
868 1287 1017 1373 opinione
1036 1285 1093 1368 (oi.
1111 1285 1142 1352 S.
1156 1279 1302 1370 Alpheus
1317 1285 1339 1350 l.
1356 1289 1401 1364 c.)
1424 1303 1489 1347 non

311 1414 491 1480 incurritur
513 1430 654 1478 censura
674 1411 737 1477 nisi
758 1412 801 1476 ab
825 1429 863 1476 eo
880 1411 933 1495 qui
950 1411 1036 1496 cogit
1058 1408 1098 1474 ad
1122 1407 1366 1496 ingrediendum
1383 1427 1490 1472 mona·

310 1539 444 1604 sterium
467 1535 586 1602 autad
609 1535 846 1622 suscipiendum
871 1534 1016 1600 habitum
1039 1540 1075 1600 ut
1097 1535 1172 1600 dein
1195 1533 1326 1600 inducat
1349 1531 1390 1598 ad
1413 1538 1489 1596 vota

309 1660 524 1748 nuncupanda
545 1662 764 1747 professionis.
782 1664 936 1729 Attamen
959 1663 1029 1728 iure
1046 1662 1162 1728 merito
1178 1660 1210 1727 S.
1228 1661 1384 1746 Alphons.
1404 1679 1487 1743 pro·

311 1783 521 1853 habiliorem·
540 1783 682 1871 appellat
711 1786 906 1851 sententiam
937 1784 1081 1852 Suaresii
1111 1779 1178 1869 (De
1207 1785 1316 1870 repul.
1353 1781 1397 1846 D.
1424 1781 1485 1854 23.

312 1911 395 1977 Seot.
414 1909 446 1982 7,
470 1930 504 1976 a.
522 1908 558 1995 9)
581 1908 775 1975 autumantis
798 1927 971 1973 censuram
992 1909 1164 1972 incurrere
1180 1912 1213 1972 et
1228 1927 1283 1973 eos
1298 1908 1351 1992 qui
1368 1912 1491 1993 cogunt

310 2034 484 2099 foeminam
499 2033 540 2098 ad
554 2034 784 2099 monasterium
798 2031 1056 2118 ingrediendum,
1073 2002 1242 2096 dumtaxat
1256 2036 1292 2096 ut
1307 2031 1383 2097 inibi
1400 2049 1486 2096 oom-

311 2163 466 2241 moretur,
490 2159 623 2244 proprio
645 2157 758 2224 habitu
781 2163 919 2224 retento.
937 2156 1000 2224 Sed
1019 2175 1191 2223 versamur
1207 2157 1240 2222 in
1264 2156 1366 2223 dubio
1389 2157 1485 2223 iuris.

310 2285 436 2350 Verum
451 2301 494 2347 an
510 2283 666 2350 solemnia
679 2283 734 2348 vel
749 2281 908 2368 simplicia
922 2286 998 2346 vota
1012 2281 1056 2347 ibi
1072 2281 1399 2366 comprehendantur,
1413 2283 1488 2365 quia

310 2410 418 2496 agitur
428 2409 461 2473 in
474 2428 597 2495 genere
609 2407 649 2474 de
659 2408 727 2473 rita
736 2407 897 2493 religiosa,
908 2409 1035 2491 quaerit
1043 2407 1089 2472 De
1098 2405 1262 2480 Varcen0‚
1278 2406 1338 2471 Th.
1351 2409 1485 2478 moral..

310 2533 422 2600 Thom.
447 2535 490 2609 ΙΙ,
514 2555 545 2621 p.
570 2533 646 2607 517,
672 2537 705 2599 et
734 2533 886 2618 opinatur
909 2534 941 2597 in
972 2531 1112 2598 Decreto
1139 2530 1227 2597 Trid.
1253 2529 1484 2617 comprehendi

308 2679 536 2745 quascumque.
561 2661 658 2725 etiam
680 2658 867 2730 hodiernae,
894 2655 1187 2743 Congregati0u0s;
1204 2656 1261 2723 sed
1284 2658 1482 2723 contrariam

307 2786 399 2848 tenet
421 2783 613 2848 sententiam
637 2782 824 2847 Pennacchi
852 2780 979 2847 Comm.
996 2780 1044 2853 ll,
1069 2800 1100 2865 p.
1121 2779 1187 2844 274
1211 2784 1244 2845 et
1266 2779 1354 2845 hunc
1377 2781 1485 2864 sequi-

308 2927 381 2973 mur
403 2909 478 2991 quia
500 2926 671 2972 versamur
694 2907 728 2970 in
751 2904 879 2970 odiosis.

397 3033 469 3097 Non
491 3033 597 3097 minus
620 3050 721 3117 grave
740 3032 865 3097 crimen
881 3035 1012 3114 patrant
1028 3029 1236 3116 impedientes
1251 3031 1485 3117 professionem

307 3176 365 3222 seu
387 3156 452 3222 oeli
474 3155 665 3239 accipiendi
687 3160 749 3220 aut
769 3155 837 3222 uoti
861 3155 1035 3221 emittendi
1048 3156 1265 3222 voluntatem.
1284 3190 1302 3205 -
1319 3156 1364 3223 nt
1387 3176 1487 3222 cave-

307 3286 362 3346 tur
386 3299 405 3343 s
429 3297 564 3365 quoquo
589 3279 689 3345 modo
712 3278 786 3344 sine
807 3278 898 3343 iusta
921 3297 1062 3346 eausa>
1088 3280 1163 3363 quia
1183 3279 1346 3365 legitimae
1370 3299 1488 3347 causae

248 3384 252 3390 ¹
306 3403 419 3469 adesse
441 3407 574 3487 possunt
595 3400 804 3488 impediendi,
828 3402 894 3467 oeli
916 3402 1163 3486 susceptionem
1185 3423 1229 3469 ne
1250 3409 1367 3471 votum
1389 3404 1483 3471 emit-

307 3532 408 3594 tatur.
432 3526 517 3593 Sane
540 3528 640 3613 lonpe
663 3526 877 3593 communior
900 3532 949 3592 est
971 3526 1036 3591 DD.
1053 3528 1223 3608 sententia,
1240 3546 1356 3614 nempe
1371 3530 1484 3595 uelum

305 3652 475 3735 suscipere
499 3652 553 3716 vel
575 3657 691 3718 uotum
714 3650 865 3719 emittere
889 3649 971 3716 idem
1000 3649 1185 3737 significare
1208 3670 1251 3719 ex
1274 3659 1382 3719 mente
1406 3652 1486 3722 Con-

305 3772 382 3845 silii,
400 3773 474 3857 quia
490 3773 682 3858 intelligitur
696 3773 760 3838 veli
778 3775 939 3859 susceptio
955 3774 996 3839 ad
1012 3774 1219 3841 emittendam
1237 3775 1480 3861 professionem.

306 3895 356 3961 ef.
375 3896 573 3969 Pennacchi
602 3898 622 3961 l.
640 3896 704 3970 eii..
727 3917 757 3982 p.
779 3896 1086 3981 277.-1mpedire
1108 3904 1216 3963 autem
1238 3898 1286 3964 illi
1309 3905 1484 3969 censentur

306 4020 360 4103 qui
382 4021 531 4087 moralia
553 4041 679 4105 quoque
702 4025 825 4107 ponunt
848 4020 1014 4087 obstacula
1035 4041 1077 4087 ne
1101 4028 1177 4088 vota
1201 4025 1401 4111 emittantur.

396 4143 450 4209 64.
480 4142 688 4211 Matrimonia
721 4146 797 4210 iniri
832 4144 951 4211 debent
985 4147 1029 4211 lta
1063 4152 1098 4211 ut
1127 4151 1353 4235 nupturientes
1388 4149 1486 4234 plena

305 4268 457 4333 fruantur
479 4269 637 4335 libertate.
664 4270 743 4336 Inde
767 4271 974 4336 constitutum
999 4270 1260 4356 impedimentum
1283 4279 1405 4357 raptus
1428 4276 1482 4359 qui

304 4388 349 4465 fit,
362 4410 429 4474 per
449 4392 631 4459 uiolentam
648 4393 885 4460 abductionem
900 4392 1054 4461 mulieris
1076 4396 1118 4461 de
1141 4397 1212 4464 loco
1230 4403 1298 4463 tuto
1322 4399 1360 4464 ia
1375 4398 1483 4466 alium
