3350 5100
309 268 375 332 352
823 282 906 329 rans
931 281 981 328 111.

311 411 400 475 tione
412 409 449 473 in
461 413 601 475 atatam
612 408 641 473 si
653 406 943 488 nonabtcmperet.
954 405 1017 469 Vel
1030 406 1085 477 uti,
1096 404 1234 489 exempli
1244 406 1358 489 gratia,
1369 404 1488 471 docent

311 534 511 619 pragmatici,
528 538 565 599 ut
578 532 690 597 videre
706 535 757 596 est
771 529 855 615 apud
872 530 1048 615 pellegrini
1064 529 1103 595 P.
1119 531 1167 610 ΙΙ,
1182 536 1258 597 sect.
1276 530 1310 601 2,
1328 529 1416 595 subs.
1433 528 1485 609 13,

311 658 399 723 facta
413 656 626 723 conclusione
641 655 679 719 in
694 674 808 726 consa,
826 654 971 739 partibus
988 652 1057 719 fieri
1073 654 1293 720 manitionem
1310 654 1357 719 ad
1372 653 1487 719 dicen-

312 784 394 848 dnm
417 788 448 847 el
472 781 694 866 allepcntlnm
726 780 763 843 in
793 780 870 844 inre
892 785 923 844 et
946 779 982 843 in
1003 778 1113 861 sacto,
1137 798 1193 843 seu
1216 778 1256 843 ad
1281 778 1488 863 explicandas

312 916 378 974 tum
402 911 477 971 viva
500 926 581 972 voce
604 913 671 972 tum
694 907 824 990 scriptis
848 904 1054 990 probationes
1077 904 1247 977 deductam
1271 924 1366 969 secus
1392 922 1489 968 causa

313 1032 504 1116 expedietur
528 1033 603 1116 ipsis
627 1032 763 1096 ulterius
787 1051 850 1094 non
873 1029 991 1096 auditis
1013 1050 1075 1095 nec
1098 1032 1316 1116 interrogatis.

402 1159 506 1233 Quum
530 1160 642 1243 poenis
662 1164 695 1223 et
713 1158 911 1243 potissimum
928 1158 1075 1221 censuris
1091 1176 1154 1220 non
1175 1154 1231 1220 fiat
1249 1157 1339 1221 locus
1356 1156 1416 1220 nisi
1433 1176 1489 1240 pu-

314 1283 451 1349 niendus
464 1282 737 1366 praemoniatnr,
751 1284 785 1346 in
801 1284 862 1347 isto
874 1301 951 1345 casu
967 1281 1079 1347 citatio
1091 1284 1262 1346 coniuncta
1278 1301 1351 1346 cum
1367 1300 1490 1365 poenae
1577 1314 1582 1322 ·

315 1409 564 1473 comminatione
583 1387 723 1491 speciem
739 1408 872 1471 assumit
885 1406 1101 1487 monitionis;
1121 1425 1190 1491 arg.
1208 1427 1235 1470 c.
1254 1426 1281 1471 c.
1298 1405 1356 1479 26,
1374 1405 1424 1469 61.
1442 1406 1491 1470 De

316 1534 440 1617 appell.
457 1533 492 1596 X
513 1531 568 1614 (ll,
586 1531 643 1614 27)
666 1536 699 1596 ct
720 1531 768 1596 48
790 1531 840 1596 De
862 1536 944 1607 sent.
968 1551 1133 1597 eaccmm.
1151 1531 1185 1595 X
1205 1532 1259 1613 (V.
1285 1530 1353 1611 38).
1379 1531 1491 1614 ltaque

316 1658 453 1741 simplex
476 1656 582 1722 editur
610 1655 722 1721 citatio
755 1674 852 1737 quum
883 1654 1051 1735 inquisitus
1074 1658 1210 1717 vocatur
1233 1651 1273 1716 ad
1297 1670 1435 1718 examen
1459 1655 1491 1717 in

316 1802 379 1864 quo
410 1782 438 1843 ei
470 1778 506 1844 fit
537 1781 727 1844 contestatio
758 1778 798 1844 de
829 1777 954 1842 indiciis
984 1777 1140 1842 adversus
1169 1796 1241 1841 eum
1273 1776 1396 1841 eximtis
1419 1796 1491 1841 eum

316 1904 542 1971 accusantibus
572 1904 613 1969 de
642 1904 750 1987 aliqua
781 1903 885 1988 culpa.
912 1904 1004 1967 Hanc
1028 1904 1211 1967 citationem
1236 1902 1379 1985 exquirit
1401 1920 1492 1967 snm-

317 2030 432 2095 maria
453 2029 537 2109 sacti
565 2029 732 2114 capniti05
756 2047 820 2091 non
845 2029 946 2107 enim,
971 2026 1167 2107 ordinario,
1190 2026 1396 2110 probationes
1420 2024 1494 2089 inde

318 2153 474 2218 collectae
496 2151 611 2215 haberi
634 2160 767 2236 possunt
790 2148 905 2215 firmae
921 2152 980 2215 nisi
998 2150 1147 2215 audiatur
1164 2151 1332 2234 inquisitus
1347 2150 1411 2232 qui,
1428 2166 1493 2211 non

319 2277 428 2348 semel,
448 2276 535 2343 tales
559 2279 766 2361 exceptiones
795 2276 925 2342 adducit
948 2276 1129 2341 omnimode
1160 2282 1252 2361 aptas
1275 2276 1315 2341 ad
1340 2276 1494 2341 refellen-

320 2403 392 2467 dam
416 2422 649 2486 quamcumque
679 2404 902 2487 suspicionem.
928 2404 974 2471 Si.
999 2420 1041 2467 ex
1064 2400 1221 2472 adverso,
1246 2403 1333 2485 ipsae
1361 2420 1494 2486 respon·

320 2530 427 2593 siones
450 2528 590 2612 inquisiti
614 2527 732 2593 indicia
755 2530 812 2612 ipsi
835 2527 980 2592 adversa
996 2525 1191 2593 confirmant
1213 2533 1269 2592 aut
1291 2527 1404 2592 saltem
1429 2527 1495 2591 nul·

320 2653 438 2718 limode
461 2653 653 2738 profligant,
677 2661 755 2720 tnnc
778 2656 803 2717 si
828 2654 926 2718 iudex
950 2660 1162 2739 opportunum
1186 2653 1300 2734 ducat,
1324 2649 1403 2717 lacit
1428 2671 1494 2718 mo·

322 2781 485 2845 nilionem
517 2800 575 2846 seu
604 2781 788 2863 inquisitum
818 2780 960 2846 advertit
989 2789 1027 2845 nt
1052 2781 1242 2863 prospiciat
1273 2779 1497 2845 conscientiae

321 2921 405 2967 snae
428 2908 461 2965 et
484 2901 633 2988 lepitima
647 2904 703 2968 sni
717 2903 871 2968 muneris
889 2903 1151 2985 adimpleonento
1175 2903 1307 2987 aliquid
1330 2901 1494 2970 omittens.

322 3045 417 3090 ,secas
438 3027 654 3108 periclitatur
675 3048 817 3113 prauam
837 3034 981 3111 patrare
1005 3029 1186 3094 laesionem
1219 3029 1256 3092 in
1279 3027 1497 3112 disciplinam

324 3151 437 3216 eccles.
461 3157 492 3216 et
514 3153 700 3219 severiores
723 3155 1037 3220 animadversiones
1059 3156 1097 3220 in
1119 3175 1154 3220 se
1178 3173 1378 3238 prouocare.
1404 3189 1422 3202 -
1448 3155 1497 3218 En

325 3275 464 3341 otnonitio
489 3279 654 3343 canonica
676 3278 826 3342 distincta
850 3297 872 3343 a
895 3280 1059 3344 citatione.

415 3401 490 3465 283.
515 3403 624 3487 Magni
656 3403 807 3487 ponderis
830 3409 880 3468 est
902 3407 1063 3488 quaestio,
1088 3405 1216 3488 quinam
1241 3403 1391 3468 videlicet
1418 3403 1499 3468 ordo

326 3523 506 3589 servandus
529 3527 570 3591 sit
593 3528 624 3589 in
645 3525 785 3591 diversis
802 3527 952 3593 remediis
968 3528 1175 3613 applicandis.
1195 3564 1208 3574 ·
1227 3529 1347 3592 (litatus
1371 3535 1431 3592 art.
1450 3528 1498 3594 lV

326 3654 392 3714 tria
407 3652 496 3734 ponit
513 3652 654 3716 remedia
666 3672 800 3736 quorum
813 3656 958 3738 gravitas
974 3673 1038 3718 non
1054 3653 1249 3719 desumenda
1265 3658 1313 3717 est
1329 3674 1371 3716 cx
1387 3651 1500 3716 ordine

329 3777 569 3842 numerationis.
586 3778 747 3861 Siquidem
770 3780 965 3861 spiritualia
988 3781 1151 3846 exercitia
1174 3778 1501 3863 aliquando'possunt

328 3919 399 3965 esse
430 3901 605 3971 remedium
636 3904 740 3967 levius
767 3923 862 3985 quam
894 3903 1032 3968 monitio
1063 3903 1229 3968 canonica
1257 3901 1445 3967 denuntiata
1468 3903 1500 3966 in

327 4026 444 4106 forma
467 4026 577 4110 lepali.
597 4060 614 4073 -
632 4025 858 4110 Praeceptum
874 4033 981 4092 autem
1005 4035 1055 4091 est
1079 4027 1259 4114 remedium
1274 4027 1500 4110 complexum,

330 4169 425 4232 quum
450 4152 482 4214 in
502 4157 685 4234 praecepto
709 4154 898 4216 comminari
924 4151 1029 4216 valeat
1044 4151 1236 4217 Ordinarius
1253 4151 1306 4215 vel
1329 4152 1433 4216 levem
1450 4150 1502 4214 vel

330 4294 463 4357 gravem
487 4295 633 4360 poenam,
651 4278 791 4358 itemque
814 4296 911 4340 unum
928 4277 979 4340 vel
1004 4277 1140 4340 alterum
1165 4273 1342 4340 remedium
1358 4294 1502 4360 praeser-

332 4399 482 4469 vativum,
500 4399 600 4463 veluti
623 4400 787 4465 exercitia
809 4401 1012 4482 spiritualia.
1032 4399 1228 4473 -Quocirca
1252 4402 1337 4464 inter
1361 4399 1503 4464 remedia
