3350 5100
485 307 530 352 nn
554 305 693 356 rnnncns
716 307 969 356 cammerinos.
1254 291 1318 358 173

148 429 337 495 insecundo
367 451 446 496 casu
475 431 614 497 habetur
643 433 776 518 propria
806 453 912 517 poena
942 453 998 498 seu
1029 433 1165 500 deiectio
1197 453 1217 500 a
1248 435 1318 499 iure

81 639 85 647 Ι
148 555 292 637 quaesito.
311 590 329 603 -
346 555 389 620 se
411 555 593 621 inscribere
614 561 732 627 autem,
751 558 796 623 nti
820 557 1064 643 explicavimus,
1081 563 1210 624 tenetur
1232 559 1317 624 ordi·

147 680 232 743 nario
246 685 436 753 cucusam,
452 681 507 764 qni
522 680 641 745 exinde
665 700 700 746 se
722 679 844 768 obligat
863 681 903 746 ad
923 701 1058 767 poenam
1074 683 1203 748 talionis
1220 681 1320 748 veluti

146 804 354 870 calumniator
376 807 403 869 si
425 802 556 870 deficiat
577 807 612 870 in
635 804 811 890 probando.

230 929 307 994 119.
329 930 501 994 Processui
519 949 564 996 eor
578 930 712 996 notorio
727 930 819 996 locus
834 927 880 1010 fit,
898 931 1024 1015 quando
1042 951 1095 997 res
1109 940 1159 997 est
1174 932 1214 996 do
1227 932 1320 1013 facto

146 1054 333 1124 niminmo.
358 1055 453 1138 quod
475 1054 518 1121 ab
541 1056 614 1120 aru
636 1061 776 1122 auctore
798 1057 896 1123 nullu
914 1057 1022 1139 possit
1046 1057 1321 1144 terpioersatione

146 1179 253 1248 cetui.
269 1198 344 1245 non
363 1183 497 1245 tantum
519 1197 589 1263 quc
612 1184 661 1244 est
682 1177 814 1261 factum
836 1179 1015 1245 sedetiam
1035 1199 1105 1264 qua
1120 1185 1168 1246 est
1188 1179 1321 1262 factum

146 1303 374 1369 erminonem.
397 1336 415 1351 ·
439 1303 548 1368 Posita
571 1303 635 1367 hac
656 1305 789 1369 notione
810 1304 946 1384 notorii,
963 1323 1102 1388 pronum
1125 1309 1175 1370 est
1196 1304 1322 1370 inferre

145 1445 203 1510 qua
223 1428 355 1492 ratione
379 1426 620 1513 procedendum
642 1428 685 1492 eit
707 1430 740 1492 in
763 1427 1004 1512 delinquentem
1027 1429 1210 1496 notorium.
1242 1429 1321 1494 Nam

145 1569 235 1634 quum
259 1552 457 1616 criminosus
479 1553 520 1618 sit
542 1552 655 1636 poeuis
678 1552 939 1637 compescendus,
958 1553 1010 1618 vel
1026 1555 1186 1620 sententia
1209 1551 1322 1618 iudicis

145 1677 426 1742 condemnatoriu
437 1675 626 1762 plectendus
642 1683 690 1742 est
702 1678 728 1742 si
744 1685 862 1764 agatur
874 1679 913 1743 de
929 1645 1040 1764 poenis
1055 1677 1120 1762 ser.
1133 1684 1215 1745 sent.
1234 1713 1252 1728 ·
1269 1678 1321 1744 vel

144 1807 262 1866 tantum
277 1801 520 1882 memorato,
536 1803 563 1866 si
576 1801 616 1868 de
631 1803 743 1888 poenis
754 1803 811 1868 lat.
828 1808 911 1869 sent.
924 1823 977 1868 res
993 1805 1042 1868 sit.
1062 1837 1079 1852 -
1097 1805 1141 1868 At
1156 1803 1322 1869 ordinario

144 1926 215 1991 huic
230 1927 417 1991 sententiae
432 1945 601 2010 processus
617 1926 775 1992 iudicialis
790 1926 1044 2012 praemittendus
1060 1935 1123 1999 est,
1140 1927 1194 2010 qui
1209 1931 1322 2011 suapte

144 2057 258 2116 natura
270 2053 410 2117 inservit
420 2051 600 2138 detegendo
611 2052 698 2117 facto
710 2053 883 2116 criminoso
896 2054 1028 2136 eiusque
1042 2055 1178 2118 auctori.
1197 2052 1320 2117 Verum

144 2179 241 2259 posita
250 2177 408 2243 miminis
419 2178 550 2260 eiusque
559 2179 709 2244 auctoris
720 2179 919 2244 notorietale
931 2178 970 2243 ad
980 2178 1054 2262 quid
1065 2198 1235 2263 processus
1247 2179 1322 2244 iudi·

145 2301 232 2366 cialis
247 2302 431 2366 sententiae
447 2300 621 2386 praeviusl
638 2337 655 2350 -
673 2302 716 2366 cf.
730 2302 889 2368 Schmalz.
907 2301 938 2366 ln.
952 2303 972 2366 l.
989 2322 1023 2366 n.
1039 2303 1061 2366 7
1075 2321 1143 2386 seq.
1160 2302 1324 2368 -Revera

143 2423 178 2489 in
187 2424 292 2505 suctus
302 2424 447 2490 notoriis
459 2445 523 2489 non
538 2427 659 2510 requiri
673 2445 859 2511 processum
874 2425 1054 2490 iudicialem
1066 2425 1177 2490 iubent
1189 2445 1215 2490 c.
1229 2445 1255 2492 c.
1266 2426 1322 2500 10,

144 2547 191 2614 ne
211 2551 260 2635 fir.
282 2548 432 2635 presnyr.
457 2547 702 2633 n(1.17);21
725 2552 776 2617 ne
799 2552 946 2617 sorana.
971 2550 1076 2635 xm,
1093 2550 1149 2635 28)
1171 2550 1251 2631 7,8‚
1268 2551 1321 2631 10,
1430 2543 1441 2567 ·’

144 2673 191 2738 De
212 2672 347 2741 conatis
370 2674 480 2740 ctera
498 2676 696 2758 X(111‚2.);
718 2676 761 2741 15
784 2676 836 2741 De
855 2694 958 2761 perp.
976 2694 1050 2741 cau.
1069 2676 1103 2739 X
1124 2672 1178 2755 (V.
1196 2671 1271 2758 34);
1295 2674 1321 2745 1,

144 2800 210 2881 §a
228 2800 281 2865 De
297 2798 422 2867 ceasia
438 2800 476 2865 in
492 2800 525 2863 6.
544 2798 615 2881 (ΙΙΙ.
634 2800 701 2886 20).
719 2802 774 2868 Ait
798 2801 891 2865 divus
914 2802 1113 2885 Augustinus
1137 2800 1169 2865 in
1193 2818 1268 2881 cup.
1290 2798 1322 2873 9,

145 2924 192 2989 De
213 2944 330 2990 acam.
349 2923 385 2987 X
395 2924 451 3009 (V,
472 2926 513 3008 l).
537 2925 751 2991 ‹Evideulic
769 2926 903 3009 patruli
926 2924 1080 2990 oriminis
1101 2944 1173 2991 non
1195 2922 1324 3008 indipet

146 3050 294 3116 clamore
317 3050 574 3117 accusatoris».
597 3086 614 3098 -
641 3050 704 3115 Hic
726 3052 835 3135 agitur
858 3050 897 3115 de
920 3050 1120 3116 nolmtetate
1141 3050 1233 3132 faeti,
1259 3068 1323 3113 non

145 3172 406 3241 remunerate
428 3173 533 3254 iuris,
558 3193 640 3257 quae
666 3173 805 3238 habetur
836 3193 932 3257 quum
965 3194 1017 3238 res
1052 3174 1245 3239 iudicialiter
1271 3174 1322 3237 vel

146 3300 234 3363 nulla
255 3299 394 3383 amplius
417 3298 542 3383 indiget
565 3297 766 3383 probatione,
791 3298 890 3365 veluti
916 3305 988 3384 post
1011 3302 1060 3365 rei
1088 3300 1323 3365 consessionem

146 3424 176 3487 iu
192 3423 309 3488 iudicio
326 3422 445 3487 factam
469 3442 575 3506 neque
594 3429 789 3502 revocatam,
807 3423 859 3487 vel
883 3423 1005 3488 nullam
1023 3424 1161 3508 amplius
1187 3422 1325 3488 admittit

146 3548 378 3631 probationem,
395 3554 430 3614 ut
453 3567 532 3613 ecce
550 3550 720 3619 sententia.
742 3567 824 3631 quae
843 3550 1033 3633 pertransiit
1047 3550 1083 3615 in
1097 3566 1172 3613 rem
1195 3547 1325 3613 iudica·

147 3676 224 3737 tum.
239 3707 257 3720 ·
271 3672 317 3736 Et
327 3671 415 3736 inter
425 3689 522 3735 unam
536 3677 569 3738 et
583 3671 678 3735 aliam
691 3672 918 3737 notorietatem
931 3670 1009 3736 illud
1022 3673 1163 3736 maxime
1179 3672 1323 3741 interest,

147 3796 228 3877 quod
251 3815 370 3879 nempe
387 3797 573 3863 notmtetcs
593 3794 678 3879 facti
700 3796 791 3861 nulla
809 3797 910 3881 possit
931 3797 1204 3881 tergiversatione
1224 3795 1325 3861 celari
1367 3784 1370 3791 ⁴

147 3938 203 3983 seu
217 3919 410 4005 probatione
428 3921 557 4004 impeti3
581 3920 656 3985 dum
680 3928 830 3985 econtra
845 3920 1029 3987 notorietas
1051 3920 1138 3985 iuris
1155 3919 1327 4003 aliquando

148 4044 233 4109 valet
261 4046 462 4130 impugnari,
486 4050 622 4130 utputa
647 4045 810 4111 confessio
842 4046 900 4109 etsi
931 4049 1029 4110 antea
1059 4064 1123 4109 non
1155 4050 1324 4119 revocata,

149 4167 320 4251 aliquando
334 4170 460 4235 utiliter
470 4169 511 4234 ab
524 4169 593 4254 ipso
605 4166 780 4235 confitente
796 4171 1014 4255 impugnatur,
1030 4188 1091 4234 nec
1106 4189 1170 4233 non
1187 4170 1257 4255 ipsa
1271 4190 1327 4236 res

148 4292 299 4360 Monta
316 4295 482 4379 impetitur
504 4302 539 4361 at
562 4301 738 4359 revocatur
761 4314 826 4359 non
851 4294 960 4370 semel,
986 4295 1126 4379 querela
1148 4294 1325 4362 nullitctis.

151 4417 198 4483 cf.
221 4419 371 4505 Pirhiug‚
396 4420 444 4485 tit.
461 4418 522 4495 39,
546 4420 601 4487 lib.
627 4420 662 4495 V,
686 4442 721 4486 a.
738 4420 808 4485 114.
