3350 5100
539 326 583 372 DE
610 325 763 373 natlcrls
786 327 829 374 BT
854 325 973 373 Posala
1304 308 1341 373 ῙῙ

164 463 225 528 que
239 448 391 530 personis
411 467 482 513 cum
500 448 726 514 claustralibus
742 448 970 522 habitantibus,
988 455 1097 535 utpote
1112 469 1219 514 unam
1241 448 1347 532 fami·

165 569 247 634 liam
271 572 550 645 constituentibus,
576 575 676 639 veluti
700 575 879 639 Tertiariis.

253 695 433 770 Quaeritur
461 717 503 762 an
530 699 592 764 hoc
621 719 721 765 censu
752 699 1071 785 comprehendantur
1093 700 1189 765 etiam
1213 699 1348 780 alumni,

164 819 215 902 qui
239 817 422 884 studiorum
446 839 544 885 causa
573 821 607 884 in
630 823 834 888 monasteriis
863 826 1115 893 commorantur.
1139 823 1257 906 quippe
1279 819 1349 885 col·

164 942 239 1026 legii
264 947 323 1006 aut
345 943 515 1009 Seminarii
539 943 761 1010 moderatores
784 950 817 1010 et
839 946 1041 1010 institutores
1067 951 1142 1010 snnt
1173 945 1346 1029 Religiosi;

165 1069 196 1128 et
209 1084 267 1130 res
285 1086 350 1130 non
366 1071 458 1133 caret
473 1071 711 1135 controversia:
732 1069 774 1134 ci.
792 1071 879 1136 Acta
896 1069 1043 1136 Sanctae
1059 1069 1165 1141 Sedis,
1191 1070 1260 1136 Vol.
1277 1069 1348 1149 ΙΙΙ,

160 1207 243 1275 pap.
262 1190 312 1256 17
320 1211 331 1254 .·
347 1189 548 1258 D’Annibale
564 1193 598 1279 (t.
618 1215 645 1261 c.
662 1213 695 1258 n.
715 1194 793 1282 146)
815 1197 977 1280 opinatur,
994 1194 1175 1260 huiusmodi
1198 1195 1349 1260 alunnum

164 1333 228 1378 non
252 1317 365 1380 sortiri
396 1317 635 1403 Religiosorum
658 1321 889 1386 immunitatem
903 1322 1010 1412 ,quia
1039 1320 1103 1386 dici
1124 1339 1191 1384 non
1214 1323 1348 1404 possunt

165 1439 354 1506 coalescere
377 1442 411 1505 in
434 1460 529 1506 unam
563 1443 716 1510 familiam
748 1465 820 1510 cum
848 1445 1038 1530 Religiosis:
1072 1444 1233 1510 consentit
1260 1443 1347 1507 Pen-

165 1563 294 1644 nacchi,
320 1565 348 1636 Ι,
369 1583 453 1649 pap.
469 1564 564 1631 1025
587 1565 643 1650 (l).

300 1688 335 1772 2)
360 1690 451 1753 Inter
475 1725 492 1737 -
516 1691 694 1776 rettpiosos
716 1693 915 1758 ministrare
933 1698 1192 1776 praesumentes
1217 1725 1234 1738 -
1259 1694 1349 1775 patet

165 1829 228 1874 non
254 1817 383 1878 censeri
400 1815 571 1900 regulares
593 1815 756 1900 professos
779 1834 853 1880 cum
868 1817 952 1879 votis
968 1814 1174 1901 simplicibus,
1191 1836 1288 1901 quum
1309 1817 1349 1882 in

166 1936 293 2004 odiosis
316 1937 386 2023 (seu
401 1959 473 2004 cum
490 1939 599 2026 agitur
614 1940 654 2004 de
670 1939 851 2006 cohibenda
873 1938 1036 2024 libertate)
1052 1941 1233 2007 huiusmodi
1256 1943 1348 2009 insti·

167 2065 235 2126 tnta
250 2083 314 2127 nec
325 2065 482 2150 religiosa
496 2085 559 2131 nec
574 2065 739 2150 regularia
754 2064 914 2130 dicantur.
931 2067 984 2129 An
1003 2066 1175 2132 incurrant
1189 2067 1347 2152 Religioni

167 2192 220 2274 qni
246 2193 280 2256 in
312 2191 468 2277 religione
492 2192 669 2278 approbata
692 2212 765 2257 cum
787 2193 872 2257 votis
895 2192 1102 2266 solemnibus,
1122 2211 1166 2258 ex
1189 2192 1348 2259 hodierna

169 2313 346 2400 disciplina,
371 2321 446 2380 vota
469 2321 593 2382 tantmn
618 2317 777 2402 simplicia
799 2323 1038 2403 nuncuparunt,
1056 2317 1222 2382 resolvere
1244 2318 1347 2382 noluit
1417 2361 1421 2372 ·

170 2439 201 2506 s.
218 2441 337 2526 congr.
363 2439 431 2506 aa.
457 2446 489 2506 a
513 2442 585 2506 nn.
610 2441 665 2508 aa
689 2442 730 2507 15
754 2411 848 2507 ranst
866 2441 966 2508 1856.
992 2442 1102 2516 auare
1121 2461 1290 2508 verano
1313 2444 1347 2506 in

169 2563 262 2631 dubio
287 2568 377 2631 iuris.

303 2690 337 2765 3)
360 2688 445 2764 Quia
468 2690 575 2755 fertm
597 2710 737 2756 censura
759 2692 792 2755 in
813 2690 1010 2776 Retipiosos,
1034 2691 1220 2754 ministrare
1242 2710 1351 2756 raan-

170 2831 345 2879 snnnurns
377 2817 479 2877 entra
510 2833 627 2879 casnm
657 2812 977 2894 necessetatebus
1005 2816 1144 2877 ‘excusat
1168 2811 1349 2898 ignorantia

170 2956 287 3004 aesca
308 2942 342 3003 et
365 2940 500 3021 nmina,
518 2958 582 3003 non
599 2940 756 3023 affectata
771 2937 829 3017 (cl.
847 2936 923 3002 Vol.
943 2938 1003 3012 lll,
1020 2957 1052 3001 n.
1069 2933 1135 3022 32),
1160 2957 1221 3001 nec
1244 2956 1352 3023 poena

257 3274 298 3342 (l)
317 3274 403 3329 Ratio
428 3274 572 3328 dubitandi
595 3274 704 3329 eruitur
728 3290 764 3329 ex
788 3274 835 3327 cit.
855 3273 959 3328 decret.
979 3273 1062 3327 Cnuc.
1083 3272 1158 3327 Trid.
1179 3273 1252 3326 unde
1275 3289 1352 3327 asso·

171 3381 280 3459 ciuntur
299 3381 451 3451 Religionis
472 3382 558 3435 etiam
577 3381 613 3447 ii,
632 3380 680 3450 qui
700 3409 715 3419 -
734 3382 809 3433 intra
827 3396 927 3434 eornm
946 3390 1025 3450 septa
1046 3397 1080 3433 ac
1098 3381 1197 3433 damus
1213 3382 1349 3445 resident,

170 3488 273 3557 sabam
292 3504 389 3541 eornm
408 3489 564 3542 obedientia
582 3488 686 3540 uiuunt.
707 3515 723 3525 -
742 3485 931 3540 Nihilominus
952 3485 1035 3555 plura
1057 3484 1196 3539 habentur
1213 3486 1350 3555 rescripta

172 3592 196 3645 S.
214 3594 244 3646 C.
266 3593 306 3659 0.,
330 3594 358 3647 in
383 3594 479 3663 primis
498 3592 620 3648 alterum
644 3594 749 3647 editum
770 3594 816 3647 die
835 3593 877 3646 17
900 3595 973 3664 Sept.
994 3592 1087 3658 1722,
1107 3595 1135 3647 et
1160 3590 1280 3646 alterum
1302 3594 1352 3646 die

172 3700 208 3752 17
217 3700 292 3754 Nou.
304 3701 384 3753 1717
397 3702 470 3772 (vida
484 3702 513 3754 in
529 3702 674 3756 Thesauro
686 3702 899 3755 Resatntionum
914 3702 990 3754 Tum.
1004 3700 1022 3752 Ι
1030 3710 1056 3754 et
1066 3700 1125 3768 111)
1135 3716 1206 3770 quae
1219 3698 1350 3753 videntur

172 3812 267 3877 aperte
280 3807 422 3861 vindicare
435 3808 498 3861 iura
513 3806 696 3877 parochorum
715 3808 744 3860 in
757 3808 792 3861 iis
804 3806 940 3877 personis,
952 3824 1024 3877 quaa
1040 3822 1095 3861 uon
1108 3807 1256 3861 efformant
1267 3806 1355 3877 fami-

173 3914 239 3968 liam
250 3916 425 3984 religiosum,
437 3914 564 3985 quamvis
583 3916 608 3969 ei
629 3914 808 3979 adhaereant,
822 3914 910 3969 veluti
924 3917 990 3967 sunt
1002 3915 1049 3984 qui
1062 3913 1196 3969 secedunt
1214 3913 1243 3965 in
1256 3929 1352 3967 mona·

173 4024 257 4076 steria
274 4022 430 4076 devotionis
455 4038 554 4086 causa,
577 4022 617 4075 ibi
637 4022 810 4091 permansuri
830 4038 918 4092 usque
937 4021 972 4074 ad
991 4023 1075 4075 finam
1100 4020 1189 4087 vitae,
1210 4021 1250 4073 uti
1270 4024 1351 4074 cavet

173 4127 312 4182 decretum
322 4128 376 4181 diei
389 4127 422 4181 17
432 4126 500 4181 Nov.
515 4128 589 4179 1717.
601 4127 692 4188 Quare
702 4127 875 4197 probabilior
884 4132 928 4181 est
936 4127 1031 4196 opinio
1041 4144 1113 4198 quaa
1123 4130 1209 4193 tanet,
1223 4126 1354 4181 alumnos

174 4232 318 4288 Seminarii
333 4250 389 4287 non
402 4250 461 4287 esse
474 4234 612 4289 immunes
625 4251 642 4287 a
655 4234 847 4288 iurisdictione
860 4234 983 4303 parochi,
996 4235 1123 4305 quamvis
1139 4234 1196 4287 sint
1211 4234 1349 4287 commas

174 4340 342 4395 institutioni
358 4338 572 4408 Religiosorum‚
586 4344 615 4394 st
629 4357 690 4393 cum
704 4340 748 4393 his
761 4340 908 4395 videantur
926 4358 1008 4393 unam
1022 4342 1158 4395 familiam
1171 4340 1353 4394 constituere.

175 4446 210 4501 Cf.
232 4446 349 4503 Cattsam
369 4476 383 4489 ·
403 4448 555 4503 seminarii
573 4476 586 4487 ·
607 4450 676 4502 Acta
696 4450 722 4501 S.
745 4450 832 4513 Sedis,
852 4448 914 4501 Vol.
935 4448 979 4516 lll,
1000 4466 1062 4517 pag.
1083 4449 1142 4501 47..
