3350 5100
426 327 469 373 uu
493 327 633 374 ruu1cus
657 329 901 376 caruissemus
926 329 961 374 ru
985 327 1103 375 sercin
1290 309 1354 373 497

173 469 251 515 vero
281 451 325 516 uti
358 471 457 536 supra
490 454 688 524 notavimus.
720 473 820 518 causa
854 453 1013 518 introduci
1046 453 1124 518 velit
1154 460 1210 517 aut
1239 451 1355 518 debeat

173 595 282 640 coram
307 576 390 641 Sede
412 578 597 661 apostolica,
613 577 742 643 libellus
765 577 950 642 exarandus
965 581 1014 641 est
1029 578 1141 661 lingua
1161 576 1278 647 latinu,
1300 582 1355 641 aut

172 702 298 782 italica,
322 708 378 766 eut
400 702 536 787 pellica.
561 703 609 768 uf.
634 704 711 768 Vol.
737 704 781 776 11,
805 723 837 766 n.
867 703 929 768 107
953 721 999 785 sq.

264 826 338 890 471.
364 827 397 891 Si
420 828 472 908 qui
496 826 672 892 denunciat
694 825 964 911 impedimentum,
989 825 1240 892 accusationem
1265 823 1356 888 iudi-

174 952 294 1015 cialem
323 953 390 1034 ipse
418 953 587 1016 instituere
609 972 674 1016 non
702 953 788 1023 vult,
812 951 870 1015 sed
900 971 1034 1016 monere
1067 949 1203 1016 intendit
1233 951 1356 1015 curiam

174 1084 208 1140 ut
231 1095 277 1140 en
303 1075 412 1160 officio
442 1095 543 1161 agere
573 1079 686 1161 possit,
715 1082 793 1143 tune
825 1080 885 1142 iste
914 1077 1030 1142 dicitur
1057 1069 1356 1144 denunciationem

178 1199 295 1264 iacere.
321 1201 486 1274 Quomodo
501 1201 766 1266 denunciationos
786 1201 997 1287 excipiendae
1014 1204 1079 1266 sint
1095 1202 1238 1285 explicat
1252 1201 1356 1266 Instr.

175 1325 301 1396 illan,
325 1327 347 1407 g
374 1324 454 1390 128:
480 1327 785 1391 ‹lienunciationes
808 1333 962 1391 oretenus
986 1326 1091 1392 iactae
1117 1329 1149 1390 iu
1172 1330 1246 1390 acta
1269 1323 1356 1388 redi·

175 1457 311 1532 gantur:
335 1451 361 1513 si
386 1449 508 1533 scripto
531 1457 763 1534 proponantur,
787 1450 967 1516 curandum
983 1458 1033 1514 est
1049 1456 1084 1515 ut
1107 1455 1221 1514 auctor
1244 1467 1355 1532 persu-

174 1573 294 1637 naliter
315 1577 529 1644 examinetur,
555 1595 665 1640 omnes
687 1575 728 1639 ad
758 1594 832 1640 eum
860 1574 1045 1658 dirigantur
1071 1574 1355 1658 interrogationes,

174 1717 257 1781 quae
280 1698 319 1763 ad
343 1701 563 1782 quaestionem
589 1699 664 1764 iacti
681 1701 713 1764 in
730 1701 853 1765 claram
870 1701 973 1764 lucem
988 1699 1215 1765 vindicandam
1234 1699 1354 1763 contri-

174 1822 275 1887 buere
291 1831 424 1908 possunt
442 1848 472 1887 ».
493 1825 516 1907 5
534 1826 613 1891 129:
630 1847 649 1888 e
665 1827 936 1891 Denunciationes
952 1827 1073 1910 scripto
1089 1824 1263 1894 exhibitae,
1282 1841 1356 1905 qua·

175 1965 247 2010 rum
263 1950 414 2011 auctores
437 1949 653 2033 personaliter
676 1951 856 2014 examinari
874 1955 1048 2032 nequeunt,
1065 1947 1123 2014 sub
1139 1943 1357 2041 peculiaribus

175 2078 297 2136 tantum
313 2093 421 2137 rerum
434 2074 602 2144 adiunctis.
612 2093 671 2158 pro
683 2073 855 2138 sufficienti
867 2093 1038 2157 processus
1051 2071 1238 2138 instituendi
1247 2089 1354 2143 causa,

176 2191 288 2258 haberi
304 2202 446 2279 possunt.
465 2196 720 2282 Depositiouibus
734 2203 844 2264 tamen
858 2198 890 2260 in
903 2198 940 2260 iis
953 2197 1123 2265 contentis,
1141 2213 1200 2280 pro
1216 2213 1253 2258 re
1269 2199 1355 2266 nata,

175 2311 327 2383 utendum
351 2323 400 2385 est
422 2321 464 2384 ad
486 2323 659 2386 ulteriores
686 2323 950 2407 investigationes
981 2319 1241 2386 instituendas».
1267 2317 1355 2393 Quo·

175 2442 264 2506 eirca
283 2441 490 2507 denunciatio
505 2446 590 2508 viam
606 2447 714 2530 aperit
728 2447 926 2510 accusationi
943 2464 988 2510 ece
1004 2444 1112 2530 officio
1129 2441 1355 2513 instituendae,

175 2571 227 2633 cui
251 2575 358 2633 tamen
382 2573 516 2653 praevia
539 2574 589 2635 est
609 2571 794 2655 inpetens,
818 2572 845 2635 si
868 2570 1073 2635 denunciatio
1098 2588 1161 2633 non
1185 2568 1262 2631 satis
1286 2566 1358 2631 iun·

175 2696 282 2761 datam
306 2697 426 2781 pandat
447 2698 662 2761 accusationis
687 2698 856 2762 rationem.

264 2820 339 2885 472.
366 2822 545 2885 Praeterea
568 2820 658 2884 locus
683 2828 732 2887 est
755 2821 953 2903 inquisitioni
969 2839 1014 2884 eor
1038 2817 1146 2903 officio
1171 2822 1204 2881 et
1227 2835 1357 2883 accusa·

174 2945 264 3022 tioni,
288 2945 334 3007 uti
357 2944 424 3007 fert
446 2963 617 3027 processus
639 2946 778 3017 intactus,
796 2946 822 3007 si
840 2944 930 3008 nulla
946 2942 1162 3027 praecesserit
1185 2940 1357 3006 denuncia-

175 3069 229 3145 tio,
248 3068 304 3130 sed
329 3068 416 3131 fama
439 3067 605 3151 divulgata
620 3073 670 3132 est
685 3068 726 3133 de
741 3068 968 3153 impedimento
994 3068 1056 3147 vel,
1073 3067 1163 3139 alias,
1186 3066 1301 3131 notitia
1316 3064 1354 3129 ad

175 3193 298 3257 curiam
323 3191 461 3257 devenit.
487 3193 584 3257 lustr.
603 3194 730 3275 Austr,
751 3194 774 3275 ἓ
794 3193 868 3265 131,
893 3198 1005 3258 cavet:
1034 3191 1204 3265 «Quodsi
1220 3190 1259 3254 de
1276 3190 1357 3255 obti-

176 3322 274 3380 nente
303 3315 439 3400 quodam
471 3318 665 3381 matrimonii
692 3318 921 3403 impedimento
946 3316 1031 3382 sarna
1055 3315 1241 3401 divulgetur
1264 3331 1355 3397 quae.

174 3440 322 3505 omnibus
336 3442 504 3526 perpensis
525 3443 785 3515 circumstantiis,
801 3444 1011 3508 attentionem
1037 3447 1191 3511 meretur,
1213 3437 1356 3504 tribunal

175 3569 412 3633 matrimoniale
435 3569 525 3633 circa
547 3568 791 3634 fundamentum
808 3569 924 3633 haruin
943 3569 1166 3631 narrationum
1182 3566 1234 3629 vel
1250 3584 1356 3629 asser·
1472 3654 1475 3659 Ι

174 3693 296 3756 tionum
320 3694 493 3777 investiget
514 3699 612 3777 atque
634 3693 787 3760 diiudicet
809 3714 862 3767 au,
879 3712 962 3777 quae
985 3696 1154 3765 eruantur,
1178 3691 1358 3774 inquisitio·

174 3834 249 3878 nem
272 3815 405 3881 decerni
422 3818 584 3902 postulent
599 3838 631 3881 ›.
648 3818 698 3883 Ad
715 3817 906 3903 explendam
932 3818 1170 3900 inquisitionem
1191 3816 1358 3898 praeviam

175 3944 319 4023 praestat
342 3945 377 4005 ut
400 3940 573 4025 deputetur
590 3941 688 4006 iudex
703 3943 890 4007 instructor
905 3962 963 4006 seu
984 3940 1249 4011 commissarius,
1268 3939 1359 4005 cuius

175 4068 223 4127 est
246 4063 435 4147 procedere,
456 4066 598 4129 instante
621 4072 808 4149 promotore
830 4064 899 4131 fise.
922 4066 1042 4138 curiae,
1068 4065 1114 4127 uti
1137 4082 1236 4147 supra
1259 4062 1358 4127 adno-
1396 4068 1405 4089 ⁸

172 4190 251 4252 tavi.
269 4189 312 4253 At
325 4189 351 4253 si
369 4190 438 4273 ipse
454 4188 551 4254 iudex
568 4190 761 4255 Ordinarius
776 4210 822 4255 en
836 4190 949 4275 officio
965 4188 1148 4254 absolutum
1165 4188 1252 4253 dedit
1269 4208 1358 4252 man·

173 4311 281 4376 datum
308 4312 538 4380 commissario,
564 4312 628 4382 hic,
654 4334 713 4396 pro
736 4313 938 4395 expeditiore
967 4318 999 4376 et
1022 4312 1124 4395 magis
1149 4310 1357 4375 oeconomica

174 4437 301 4501 ratione
324 4435 450 4521 agendi,
476 4436 610 4521 explere
640 4436 728 4501 valet
752 4437 847 4500 etiarn
876 4440 985 4520 partes
1010 4436 1203 4521 promotoris
1227 4432 1356 4509 fiscalia,

247 4564 306 4613 Sne.
328 4561 413 4627 Leuc,
434 4560 494 4613 Lib.
514 4560 547 4618 ll,
566 4560 620 4613 vol.
640 4560 685 4612 IV.
1250 4559 1284 4612 3⁴2
