3350 5100
418 320 460 367 oa
485 319 623 366 moreris
648 318 889 367 cmnrnnnmus
915 320 951 366 m
975 318 1091 366 senona
1280 301 1346 366 483

156 450 240 517 tam,
257 444 299 511 ab
316 463 355 509 eo
371 447 494 509 tantum
518 444 667 509 accusari
683 448 798 529 potest,
814 446 869 527 qui
892 462 997 526 neque
1013 439 1161 527 (iactum)
1181 445 1214 507 in
1237 444 1348 511 condi·

162 570 284 635 tionem
298 569 435 653 positum
448 567 570 643 adesse,
584 567 666 633 falso
679 569 930 640 asseveraverit,
946 573 1002 633 aut
1016 566 1100 651 quod
1116 566 1202 632 haud
1218 570 1348 650 existat,

162 692 238 758 dolo
255 693 436 766 reticuerit,
449 711 555 777 neque
571 690 766 757 reconditio
782 692 965 777 impleatur,
977 712 1036 757 sua
1047 692 1144 777 culpa
1157 691 1348 777 impedierit.

164 818 376 883 Renunciaus
392 817 578 891 conditioni,
595 816 769 883 accusandi
785 818 856 882 iure
879 838 914 883 se
933 819 1025 884 exuit
1039 839 1071 882 ›.
1089 852 1106 866 -
1124 818 1207 883 Item
1222 818 1350 883 dicatur

164 939 207 1005 de
232 939 458 1025 impedimento
481 940 622 1021 arrolas,
639 942 731 1005 iuxta
745 941 767 1023 5
782 940 843 1005 116
866 942 961 1007 lostr.
978 942 1089 1007 Austr.
1114 940 1162 1007 Gt.
1182 942 1349 1026 Gasparri

166 1064 218 1131 De
241 1069 354 1147 matra,
378 1083 412 1129 n.
437 1063 532 1129 1126.
1105 1112 1110 1120 .

303 1188 336 1272 4)
360 1188 406 1253 De
429 1187 656 1273 impedimento
680 1189 800 1255 aetatis
822 1190 868 1254 ait
881 1189 904 1271 ἓ
917 1188 980 1255 119
994 1188 1136 1255 eiusdem
1153 1189 1252 1253 lnstr.
1276 1189 1349 1253 ‹In

165 1314 312 1381 valerem
334 1315 541 1387 matrimonii,
559 1315 612 1379 cui
628 1314 890 1399 impedimentum
908 1312 1085 1399 pubertatis
1101 1305 1214 1396 obstat,
1232 1313 1349 1401 puber·

165 1445 234 1505 tate
257 1441 399 1525 impleta,
422 1460 520 1525 super
544 1440 612 1505 eius
635 1445 770 1515 tantum,
795 1441 849 1525 qui
874 1442 1067 1505 matrimonii
1090 1442 1249 1508 contracti
1273 1447 1350 1507 tem·

167 1583 248 1648 pore
271 1560 419 1647 impuber
435 1562 551 1637 fuerat,
576 1564 721 1649 coniugis
743 1565 899 1649 petitione
923 1563 1147 1648 inquirendum
1165 1570 1263 1630 est».
1287 1563 1350 1631 Sed

167 1686 326 1752 validitati
342 1688 536 1753 matrimonii
554 1688 580 1753 si
596 1687 700 1755 obstat
717 1690 893 1755 necessitas
908 1688 1034 1754 formae
1048 1688 1256 1761 tridentinae,
1273 1694 1351 1755 tunc

168 1817 200 1877 et
223 1811 309 1877 alter
332 1814 508 1879 coniuret
531 1832 643 1878 omnes
666 1832 822 1879 accusare
846 1814 1085 1881 matrimonium
1109 1813 1227 1879 valent.
1297 1886 1303 1898 ,

304 1935 338 2021 5)
352 1936 397 2028 De
409 1935 636 2021 impedimento
647 1943 769 2021 raptus
782 1938 881 2003 lustr.
895 1939 1004 2003 Austr.
1017 1938 1228 2021 §lactaret
1242 1960 1260 2001 ‹
1274 1938 1352 2003 Pre-

170 2064 242 2143 pter
266 2060 527 2144 impedimentum
544 2066 666 2149 raptus,
690 2068 803 2148 raptor
818 2062 976 2129 adversus
991 2065 1230 2129 matrimonium
1246 2064 1351 2129 recla-

169 2206 261 2253 mare
285 2188 404 2272 nequit.
431 2189 536 2275 Rapta
559 2208 642 2273 quae
665 2192 772 2274 raptui
797 2192 969 2261 consensit,
995 2208 1087 2254 suum
1112 2189 1351 2255 matrimonium

167 2310 343 2377 accusandi
366 2312 437 2377 iure
461 2313 494 2375 in
517 2312 652 2379 exordio
679 2311 839 2379 libertatis
871 2312 966 2398 plene
994 2318 1206 2398 recuperatae
1228 2316 1349 2385 utatur,

168 2433 251 2499 alias
273 2454 338 2499 non
362 2435 497 2521 emplius
528 2435 679 2501 audiatur
694 2457 724 2500 ».
750 2435 811 2503 Sed
836 2443 967 2521 praeter
997 2437 1223 2503 necessitatem
1254 2455 1352 2501 reno·

170 2558 267 2622 randi
291 2579 482 2624 consensum
506 2561 539 2625 in
563 2559 668 2624 forma
690 2559 876 2633 tridentina,
901 2561 1074 2644 aliquando
1090 2580 1155 2626 nou
1171 2560 1352 2626 admittitur

170 2681 254 2746 haec
276 2684 494 2768 praesumptio
524 2684 708 2749 renunciati
732 2685 811 2750 iuris
838 2684 1012 2750 accusandi
1035 2705 1079 2749 ex
1100 2689 1194 2770 parte
1218 2689 1350 2766 raptae,

168 2807 198 2872 si
221 2807 305 2874 haec
328 2807 441 2891 probet
465 2827 566 2892 quare
589 2810 739 2882 tacuerit,
764 2811 841 2894 quin
864 2810 964 2878 tacite
987 2812 1199 2875 consenserit.

307 2928 340 3013 6)
353 2929 398 2994 De
411 2930 638 3015 impedimento
654 2931 827 3017 lipamint'a
841 2933 894 2998 cit.
913 2934 1010 3000 lustr.
1026 2932 1122 3014 §121
1138 2930 1251 3001 tradit:
1264 2933 1353 2998 ‹Im-

170 3052 355 3140 pedimento
367 3053 537 3140 ligaminis,
552 3057 727 3120 mutatione
739 3055 817 3122 facti
830 3052 887 3141 (l),
900 3053 1034 3129 sublato,
1049 3055 1175 3139 quando
1188 3073 1351 3140 unapars,

171 3179 247 3246 dum
260 3179 417 3246 invalidas
430 3178 613 3245 celebraret
625 3183 761 3265 nuptias,
775 3180 992 3266 impedimenti
1009 3182 1215 3246 existentiam
1230 3149 1352 3264 absbue

171 3325 230 3370 sua
252 3305 348 3391 culpa
370 3306 580 3390 ignoraverit,
606 3305 711 3371 altera
734 3323 815 3390 quae
841 3305 1058 3391 impedimenti
1082 3307 1213 3372 conscia
1231 3305 1349 3379 fuerat,

172 3431 412 3504 matrimonium
436 3450 592 3496 accusare
616 3433 687 3496 iure
704 3431 789 3498 haud
805 3433 926 3517 potitur
942 3453 971 3497 a.
996 3433 1047 3498 Ita
1069 3430 1303 3517 praescribitur
1318 3433 1351 3495 in

171 3574 248 3638 cap.
272 3556 291 3620 1
314 3555 364 3622 De
386 3575 424 3622 eo
449 3556 508 3641 qui
531 3555 691 3622 dumille
714 3561 815 3622 matr.
839 3557 874 3621 X
894 3554 968 3640 (ΙΙΙ,
993 3557 1028 3641 7)
1050 3556 1107 3622 sed
1128 3554 1225 3622 hodie
1247 3561 1351 3621 atten-

171 3678 311 3746 dendum
336 3685 385 3746 est
408 3681 504 3747 etiam
527 3682 576 3746 ius
595 3681 815 3747 tridentinum.
986 3687 989 3692 “

263 3909 302 3982 (Ι)
321 3909 392 3963 Nam
419 3909 617 3980 impedimenta
639 3911 806 3966 auferuntur
828 3911 875 3968 vel
898 3873 1119 3982 dispensatione,
1136 3911 1181 3966 vel
1200 3913 1352 3967 mutatione

172 4018 247 4088 tacti.
264 4017 319 4071 Pei·
331 4019 401 4088 faeti
413 4018 597 4072 mutationem
611 4017 680 4073 haee
693 4020 869 4085 auferuntur,
881 4019 990 4074 scilieet
1002 4019 1230 4089 impedimentum
1244 4024 1351 4083 aetatis,

173 4122 339 4178 adveniente
357 4123 447 4178 nubili
467 4127 561 4178 aetate
580 4124 807 4194 impedimentum
829 4127 980 4196 lipamim'r,
994 4123 1134 4181 solutione
1153 4125 1235 4196 primi
1253 4127 1352 4181 matri·

162 4223 273 4296 monii,
288 4234 319 4282 ut
332 4245 396 4284 ecee
415 4234 505 4286 morte
524 4230 666 4301 coniugis3
684 4231 915 4302 impedimentum
933 4233 1106 4304 disparitatis
1124 4233 1218 4287 cultus
1234 4247 1351 4288 conver·

173 4336 397 4406 sionaconiugia
411 4338 641 4407 impedimentum
655 4343 771 4408 erroris,
783 4341 949 4396 conditionis
961 4343 1084 4408 servilis,
1095 4341 1208 4412 cognita
1221 4341 1350 4406 ueritate,

173 4442 400 4513 impedimentum
419 4447 606 4516 impotentiae,
625 4451 734 4503 remota
752 4449 929 4519 impotentia.
