3350 5100
550 326 593 371 na
618 325 757 371 ionicus
781 324 1023 373 cmuinaninus
1306 307 1374 372 285

285 449 362 515 218.
377 448 468 515 Haec
479 448 717 513 animadversio
729 453 778 513 est
788 448 919 513 maximi
933 444 1093 533 ponderis.
1107 448 1181 533 quia
1193 450 1257 515 vim
1271 448 1375 515 deter-

196 575 298 641 minat
316 573 608 658 prcarumptiootr
629 573 716 639 imis
739 575 772 639 in
795 572 1017 639 criminalibus
1033 578 1065 639 et
1085 576 1243 641 rationem
1268 573 1374 641 reddit

197 718 299 783 quare
321 698 476 764 eiusmodi
500 698 713 765 coniecturae
737 701 888 783 proprius
917 698 1045 764 indicio
1073 718 1167 783 quam
1194 716 1373 781 proesum-

192 823 327 906 ptionas
348 828 517 888 vocentur.
536 822 616 887 Nam
639 806 729 907 ipsae
750 822 837 887 iuris
849 822 1157 905 praesumptiones,
1171 822 1271 888 veluti
1288 822 1371 907 quod

195 947 238 1013 ad
249 952 402 1021 oetatm,
416 966 480 1011 non
496 945 635 1031 probant
655 948 780 1011 crimen
796 946 853 1012 sed
869 947 1013 1011 criminis
1028 946 1200 1013 admittunt
1215 952 1371 1011 remotam

195 1072 419 1148 idoneitatem
436 1079 469 1137 et
485 1073 599 1157 regula
615 1072 667 1138 cit.
681 1073 808 1137 8Iuris
823 1072 860 1136 in
876 1072 908 1153 6,
923 1092 986 1135 non
1004 1072 1121 1137 recolit
1135 1072 1196 1137 nisi
1213 1071 1371 1155 quoddam

193 1198 359 1263 indicium
382 1198 549 1282 pertinens
571 1196 612 1261 ad
634 1198 737 1281 ipsam
754 1213 865 1261 rerum
881 1204 1041 1271 naturam,
1059 1198 1134 1281 quia
1149 1196 1249 1262 semel
1267 1196 1370 1261 malus

194 1342 323 1407 semper
345 1321 479 1407 praebet
501 1324 716 1406 suspicionem
730 1340 791 1387 sea
805 1322 973 1389 iodicium
990 1322 1030 1387 de
1047 1342 1131 1387 novo
1146 1321 1284 1387 admisso
1305 1323 1371 1387 cri-

195 1446 290 1518 mine,
304 1446 343 1511 de
366 1466 430 1531 quo
450 1452 560 1511 tamen
584 1464 678 1510 nemo
693 1446 875 1530 postulatur
891 1447 937 1512 ad
948 1465 1100 1529 poenam
1116 1447 1177 1511 nisi
1190 1446 1261 1511 aliis
1278 1464 1371 1529 argu-

196 1572 312 1637 mentis
334 1572 557 1637 conrincatur.
578 1606 593 1619 ·
609 1571 771 1646 Quocirca
786 1574 819 1636 in
836 1572 1067 1653 criminalibus,
1084 1572 1167 1657 quod
1183 1572 1224 1637 ad
1238 1570 1370 1654 factum

194 1703 399 1778 cosmatum,
412 1696 453 1761 ad
468 1696 689 1783 probationem
702 1717 767 1762 non
782 1699 977 1763 invocantur
990 1698 1161 1783 generales
1173 1697 1260 1764 turta
1271 1716 1372 1781 prae·

195 1821 411 1904 assonationes,
436 1825 546 1904 utpote
568 1824 746 1887 statuentes
768 1821 908 1905 aliquam
933 1824 1013 1886 iuris
1036 1822 1162 1907 positivi
1186 1822 1369 1902 iussionem,

196 1948 300 2031 prouti
326 1947 357 2009 in
385 1945 550 2016 civilibus.
575 1946 631 2011 sed
660 1946 957 2029 praesumptiones
981 1947 1126 2013 bominis
1158 1966 1213 2012 seu
1241 1945 1370 2012 indicio

195 2074 359 2135 camera.
386 2106 398 2117 ·
423 2068 514 2135 Haec
536 2075 657 2139 autem,
681 2069 740 2134 sub
763 2075 896 2155 aspectu
920 2070 1125 2154 probationis,
1143 2077 1217 2135 sunt
1235 2070 1367 2135 totidem

192 2194 490 2277 praesumptiones
502 2193 649 2261 bominis
663 2200 706 2276 et,
723 2196 757 2259 in
771 2200 946 2281 systemate
962 2196 1103 2261 intimae
1123 2194 1367 2278 persuasionis,

194 2317 317 2383 nullam
340 2318 437 2383 aliam
460 2319 628 2384 continent
650 2321 714 2383 vim
737 2320 939 2405 probatiram
963 2321 1024 2385 nisi
1049 2339 1118 2384 eam
1142 2339 1236 2404 quam
1253 2338 1370 2404 parere

195 2448 291 2509 natae
313 2449 388 2508 sunt
410 2446 445 2508 in
467 2444 582 2509 iudicis
604 2446 871 2510 aestimationem.

194 2593 200 2598 ·
262 2568 342 2634 Inde
365 2575 453 2654 patet
475 2588 572 2653 quam
595 2571 742 2655 graviter
765 2571 838 2635 falsi
862 2572 927 2636 sint
957 2573 1144 2637 canonistas
1175 2569 1368 2636 contenden-

193 2698 242 2758 tes
263 2692 471 2760 indiciomm
494 2694 693 2780 distinguere
708 2714 877 2781 supremas
893 2697 1012 2762 classes
1028 2701 1061 2762 et
1075 2697 1140 2760 alia
1154 2715 1275 2761 vocare
1289 2714 1370 2778 pro·

194 2816 292 2881 mimo
312 2819 472 2884 sensatis
495 2816 696 2884 efficaciaet
725 2820 790 2884 alia
818 2826 953 2887 remoto
982 2841 1038 2886 seu
1066 2821 1173 2886 minus
1203 2817 1367 2895 efficacia;

194 2940 348 3024 siquidem
372 2947 489 3008 natura
512 2943 713 3017 indiciorum,
738 2943 1001 3029 adprobandum
1026 2946 1146 3010 factum
1169 2951 1367 3016 concretum,

194 3085 258 3130 non
274 3067 439 3150 pensanda
453 3074 502 3134 est
516 3068 689 3134 abstracta.
699 3067 800 3143 Quod.
815 3089 874 3154 pro
886 3088 945 3134 sua
955 3075 1071 3142 aetate,
1085 3071 1164 3135 scite
1181 3071 1243 3134 iam
1257 3069 1369 3134 adver·

193 3188 232 3252 tit
253 3187 350 3254 Card.
374 3189 421 3254 De
445 3189 533 3254 Luca
556 3190 606 3256 De
626 3191 699 3256 iad.
724 3191 811 3257 Diae.
836 3190 896 3264 33,
920 3212 954 3256 n.
979 3193 1021 3258 14
1040 3193 1213 3258 «Nimium
1236 3192 1370 3258 evidens

194 3316 290 3395 atque
313 3313 464 3378 irrisione
487 3313 603 3398 dignus
626 3318 675 3378 est
698 3317 971 3400 pragmaticorum
994 3315 1042 3402 (l)
1067 3318 1193 3402 ineptus
1220 3321 1253 3382 et
1280 3336 1368 3382 erro-

194 3455 274 3501 neus
296 3457 381 3508 usus,
405 3438 439 3502 in
461 3423 514 3503 bis
537 3441 682 3504 materiis
704 3440 884 3526 procedere
907 3439 1172 3525 generalitatibus
1188 3438 1368 3526 (seuregu-

192 3561 245 3646 lis)
267 3562 319 3628 vel
343 3583 417 3628 cum
439 3563 535 3628 litera
558 3563 777 3631 doctrinarum
794 3570 826 3630 et
841 3565 1048 3638 decisionum,
1066 3585 1148 3650 quae
1164 3565 1367 3632 diversorum

193 3704 324 3751 casuum
350 3689 521 3752 occasione
552 3689 758 3772 prodierunt,
782 3709 856 3755 cum
886 3695 987 3758 totum
1019 3690 1159 3774 pendeat
1181 3710 1201 3754 a
1224 3690 1368 3774 singulo·

192 3827 264 3874 rum
287 3810 442 3894 qualitate
466 3817 499 3876 et
521 3811 773 3880 circumstantiis
790 3835 819 3879 ›.

280 3933 355 3999 219.
381 3933 474 4000 Haec
495 3935 688 4023 adamussim
713 3937 827 4022 regula
846 3938 1007 4003 servanda
1031 3940 1136 4004 estin
1159 3939 1366 4006 aestimandis

191 4057 328 4124 indictis
357 4078 439 4145 quae
469 4065 591 4126 tanmm
622 4063 689 4128 vim
716 4063 874 4148 probandi
909 4064 1076 4129 continent
1106 4083 1170 4129 non
1201 4065 1301 4130 semel
1333 4071 1368 4133 ut

263 4339 303 4411 (l)
322 4345 360 4396 At
378 4347 446 4397 tunc
459 4346 592 4414 temporis
610 4345 668 4401 late
687 4347 846 4403 invaluerat
859 4365 918 4402 mos
936 4349 965 4402 in
979 4349 1180 4416 criminalibus,
1198 4352 1245 4421 qui
1266 4353 1366 4420 passim

190 4445 221 4499 in
240 4447 369 4504 civilibus
388 4452 543 4518 obtinebat,
563 4469 661 4523 nempe
680 4460 804 4526 systema
819 4459 992 4526 probotionis
1014 4457 1123 4527 tepolis.
