3350 5100
496 323 541 369 nu
565 323 705 372 romeus
729 323 981 372 cerumsumus.
1265 307 1323 370 171

139 462 180 508 eo
203 445 344 510 consilio
366 451 403 510 ut
425 446 478 510 hic
502 446 731 512 excludutore
752 445 919 514 beneflcio.
936 447 1093 531 dignitate
1115 453 1187 522 etc,
1212 448 1330 532 quippe

140 568 299 654 indignus
320 577 378 637 ant
400 572 562 648 inhabilis,
577 593 652 659 ary.
678 575 732 640 cit.
756 594 829 658 cop.
850 574 900 638 16.
926 575 955 638 h.
982 579 1003 638 t.
1030 575 1072 639 At
1095 573 1240 640 exclusio
1265 593 1329 638 non

141 694 311 760 obtinetur
333 698 395 761 nisi
419 697 585 780 excipiens
600 698 715 783 probet
737 701 859 764 crimen
877 699 1059 784 impactum.
1078 698 1201 764 Verum
1218 701 1250 762 in
1266 717 1331 763 rrno

141 825 177 882 et
199 819 308 884 altero
324 841 403 885 cusu
419 824 568 907 exceptio
592 822 730 888 hebetur
745 824 889 890 civiliter
911 827 1066 910 opposita.
1084 824 1129 888 De
1145 825 1208 889 hac
1222 825 1331 909 specie

142 946 292 1029 loquitur
308 949 518 1014 Innocentius
533 950 584 1015 111
608 951 641 1014 in
664 969 739 1032 cup.
763 950 799 1024 2,
825 949 875 1016 De
898 951 972 1018 ord.
991 949 1112 1036 copoit.
1138 951 1170 1014 X
1193 949 1249 1034 (11,
1277 949 1330 1035 10)

143 1071 346 1138 decernens:
364 1094 383 1134 ‹
401 1072 460 1140 Sic
482 1076 520 1139 in
542 1077 683 1141 modum
705 1075 916 1159 acceptionis
939 1075 1081 1160 aliquod
1105 1075 1235 1142 cimon
1259 1075 1331 1140 testi

141 1197 306 1264 obiicitur
329 1206 366 1264 ut
392 1219 415 1264 a
439 1202 627 1268 testimonio
647 1203 853 1284 repedatum
876 1201 936 1267 etsi
960 1201 1090 1266 crimen
1106 1219 1237 1267 course
1259 1219 1331 1266 suu

143 1338 329 1386 curremus
357 1341 540 1390 recessus
570 1324 694 1406 fuerit,
725 1345 797 1391 ooo
820 1325 897 1390 idco
928 1323 992 1390 sios·
1018 1343 1133 1407 poeno
1161 1321 1332 1408 inflipitur

142 1443 334 1510 ordutosiu
354 1446 417 1512 scd
434 1447 509 1512 eius
531 1448 716 1514 dumtamot
739 1449 928 1514 testimonio
952 1467 1022 1514 non
1045 1447 1216 1515 creditur:
1239 1445 1332 1530 quod

144 1593 190 1640 ea
204 1575 342 1640 ratione
357 1574 521 1660 oootinpii
536 1577 704 1658 quonium
717 1576 755 1640 in
766 1577 880 1660 ipsum
896 1576 1068 1642 accusatio
1084 1595 1155 1641 ooo
1166 1574 1330 1658 procedit.

151 1698 270 1763 Testes
291 1698 387 1764 enim
419 1717 568 1782 quorum
592 1699 819 1764 testimouium
843 1697 1049 1781 reprobatur
1073 1698 1164 1764 inter
1184 1696 1334 1780 infames

145 1823 253 1906 quusi
274 1842 321 1888 em
341 1822 432 1905 salso
449 1823 637 1891 testimonio
652 1843 724 1890 ooo
740 1823 908 1890 habentur
923 1825 961 1886 »J
974 1857 991 1872 -
1021 1823 1133 1889 Tertio
1152 1823 1334 1907 appellatur

146 1947 325 2029 conopeo,
349 1967 428 2012 sane
456 1947 611 2012 tutissimo
641 1967 755 2021 sensu,
780 1967 862 2031 quse
887 1949 990 2012 instar
1013 1945 1238 2012 accusationis
1265 1965 1333 2009 mo·
1393 1957 1396 1964 '

146 2077 285 2139 veturs
306 2093 363 2138 reo
383 2072 540 2138 adversm
560 2080 715 2144 actorem.
736 2075 889 2137 nimirum
914 2071 1074 2156 pendente
1093 2071 1210 2136 iudicio
1233 2071 1333 2152 civiti,

147 2217 194 2267 oa
203 2200 385 2263 intentione
401 2203 437 2263 ut
450 2203 543 2264 ector
559 2219 624 2262 non
636 2198 739 2263 solum
752 2195 945 2264 excludatur
960 2196 1001 2261 ab
1014 2197 1194 2261 instaurate
1206 2197 1337 2261 actione

148 2323 208 2388 sed
232 2326 331 2390 etism
356 2329 391 2388 ut
414 2323 558 2408 legitime
581 2324 756 2388 mulctetur
778 2342 891 2406 poena.
917 2321 1026 2395 Quare
1053 2322 1229 2406 improprie
1252 2320 1335 2385 haec

148 2449 200 2512 rei
225 2449 363 2512 intentio
379 2454 517 2513 vocetur
532 2448 686 2530 exceptio
700 2445 756 2511 sed
773 2451 822 2510 est
837 2446 924 2511 actio
941 2444 1131 2510 criminatis
1142 2444 1333 2526 popularis,

150 2593 194 2639 ex
210 2593 276 2657 qus
293 2594 370 2639 reus
388 2572 425 2637 fit
439 2578 610 2638 accusator
626 2579 659 2637 et
673 2578 767 2637 actor
782 2575 962 2636 accusatus.
982 2572 1016 2635 id
1032 2567 1216 2655 significare
1232 2570 1336 2633 inten-

151 2698 232 2765 dunt-
252 2700 441 2763 cononistoe
463 2698 686 2769 advertentes,
711 2697 798 2761 hanc
821 2696 1046 2781 exceptionem
1076 2695 1194 2779 opponi
1218 2692 1335 2759 orimi-

150 2824 288 2889 natiue.
317 2822 381 2888 Sed
404 2823 468 2887 hac
499 2824 628 2888 ratione
650 2822 828 2887 instituitur
851 2840 965 2886 verum
993 2818 1143 2884 iodicium
1167 2818 1336 2883 criminale

153 2946 236 3030 quod
260 2954 371 3013 tomen
395 2948 563 3011 enascitur
580 2948 684 3011 instar
707 2946 915 3030 quaestionis
937 2942 1117 3010 incidentis
1138 2942 1193 3026 (cf.
1217 2942 1291 3007 Vol.
1309 2943 1335 3017 Ι,

153 3090 185 3135 n.
209 3072 291 3157 536)
314 3081 373 3137 seu
395 3071 558 3157 pendente
589 3072 706 3137 iudicio
736 3071 908 3155 principaii
937 3070 1033 3135 civili.
1072 3068 1119 3135 Of.
1144 3068 1334 3153 Schmotzg„

155 3197 184 3260 u
209 3203 243 3268 r..
267 3217 304 3261 n.
330 3162 502 3280 241st

244 3321 320 3385 118.
347 3322 460 3403 linque
485 3322 567 3385 ratio
591 3319 786 3404 procedendi
805 3320 903 3385 etiam
919 3318 1144 3384 criminaliter·
1155 3336 1222 3400 per
1237 3336 1337 3383 esoce·

152 3446 316 3527 ottonem,
341 3444 445 3528 quood
468 3442 693 3513 substantium,
718 3463 834 3507 novam
859 3462 924 3506 non
949 3443 1113 3507 constituit
1141 3441 1337 3525 procedendi

156 3572 353 3639 methodum.
378 3572 507 3636 Etenim
527 3569 581 3633 vel
606 3570 753 3654 exceptio
777 3568 929 3633 obiicitur
953 3568 1095 3633 ciuiliter
1118 3571 1150 3630 et
1171 3572 1250 3631 tuno
1265 3566 1339 3647 qnia

156 3697 293 3763 intentio
326 3695 520 3779 excipientis
549 3699 599 3759 est
624 3692 799 3758 excludere
822 3691 1046 3757 adversarium
1071 3692 1122 3754 vel
1148 3689 1188 3753 ab
1212 3693 1339 3755 actione

156 3822 241 3885 civili
267 3819 323 3884 rel
345 3818 386 3882 eb
409 3824 484 3883 ectu
508 3798 660 3888 iudiciali,
678 3837 741 3881 non
764 3820 797 3881 in
811 3834 961 3899 poenam
984 3816 1088 3880 sedin
1112 3836 1203 3881 suum
1222 3816 1340 3898 priva·

160 3952 229 4010 mm
247 3944 477 4013 commodum.
494 3964 668 4029 processus
683 3949 732 4007 est
747 3943 930 4007 ordinarius
947 3960 1038 4006 merc
1055 3941 1171 4007 civilis.
1197 3942 1245 4005 Re
1261 3958 1339 4005 sane

160 4089 246 4134 rere„
264 4070 311 4133 uti
328 4073 442 4132 notant
456 4070 654 4139 canonistas,
672 4066 745 4150 quia
761 4067 906 4132 exclusio
926 4064 1089 4131 obtinetur
1108 4084 1167 4147 per
1183 4084 1273 4129 reum
1286 4067 1339 4146 qui

162 4196 289 4279 excepit
310 4193 494 4259 accusando
511 4200 543 4258 et
555 4199 702 4257 actorem
726 4191 879 4271 excludit,
897 4198 1064 4275 postquam
1080 4193 1203 4256 crimen
1223 4189 1339 4274 proba·

162 4322 253 4388 verit,
267 4318 366 4384 iudex
383 4338 446 4382 non
463 4324 578 4402 potest,
592 4320 624 4380 vi
639 4317 793 4403 probatae
809 4318 1019 4401 exceptionis,
1032 4316 1130 4381 edere
1146 4318 1338 4380 sententiam

165 4444 329 4528 poenalem
346 4442 623 4509 condemnationis
638 4444 671 4507 in
688 4448 850 4516 actorem3
868 4440 1022 4524 siquidem
1039 4440 1156 4523 fatuus
1171 4444 1219 4505 est
1234 4440 1342 4503 iudeso
