3350 5100
266 287 330 354 554
779 305 863 352 raus
887 306 937 351 111.

265 425 414 496 Ordinariil
434 433 534 482 vocata
553 425 737 496 personaliter
756 427 913 496 comparuit
931 443 1024 479 coram
1043 424 1236 480 illustrissimo
1254 444 1286 481 ac
1307 427 1446 482 Reveren-

237 577 240 584 .
264 535 378 588 dissime
399 533 514 588 Domino
534 533 566 586 N.
587 533 618 586 N.
639 534 755 588 sistente
774 534 804 586 in
822 532 1000 588 Cancellaria
1018 533 1076 603 (vel
1094 535 1123 587 in
1141 535 1264 588 sacrario
1282 539 1332 588 aut
1346 535 1375 587 in
1387 535 1445 587 col·
1474 575 1478 580 .

265 643 403 698 locutorio
422 643 589 700 Monialium
607 659 656 696 seu
676 643 738 712 piae
758 642 866 711 domus)
884 642 914 696 in
932 642 1044 711 meique
1063 646 1116 695 etc.

356 751 388 803 N.
408 749 440 802 N.
460 749 564 804 nubilis
582 749 638 820 (vel
658 749 787 818 uxorata)
800 749 904 818 degens
922 749 952 802 in
970 747 1023 802 hac
1042 747 1166 803 civitate
1179 747 1214 802 N.
1229 747 1261 802 N.
1274 749 1303 802 iu
1317 749 1444 816 paroecia

268 857 298 911 N.
319 855 360 922 N,
380 857 439 910 filia
458 856 514 924 (vel
534 858 614 922 uxor)
634 857 666 908 N.
687 856 728 922 N,
747 856 850 910 aetatis
867 871 970 910 auae...
990 853 1159 910 conditionis
1179 855 1272 909 ciuilis
1290 857 1351 925 (aut
1371 855 1444 924 agri·

264 959 344 1016 colae
363 964 411 1012 aut
430 958 578 1013 famulatui
591 959 730 1026 addictae)
744 959 787 1012 cui
801 958 896 1013 delato
909 959 1067 1014 iuramento
1080 959 1209 1014 veritatis
1219 958 1360 1024 dicendae,
1373 960 1443 1028 quod

267 1063 407 1134 praestitit
426 1063 510 1118 tactis
528 1061 574 1116 SS.
595 1063 644 1116 Dei
665 1061 834 1132 Euangeliis,
852 1062 907 1116 mit

356 1170 459 1224 Interr.
479 1171 522 1224 Au
542 1169 614 1224 sciat
631 1167 675 1224 vel
695 1168 867 1236 imaginetur
880 1185 992 1222 causam
1004 1185 1071 1224 suae
1084 1168 1240 1224 vocationis
1249 1175 1280 1226 et
1292 1169 1447 1238 praesentia

266 1275 420 1332 examinis!

358 1383 432 1452 ltaep
434 1420 706 1436 ...........

357 1489 459 1542 luterr.
479 1491 503 1542 Α
523 1493 592 1560 quot
610 1490 690 1542 annia
710 1507 760 1542 usa
771 1491 808 1544 ait
820 1490 953 1544 accedere
966 1489 1000 1542 ad
1013 1489 1224 1544 Sacramentum
1239 1486 1449 1558 poenitentiae?

358 1597 431 1666 Hesp
433 1635 705 1650 ...........

358 1703 460 1756 interr.
475 1706 518 1758 An
528 1720 637 1774 semper
649 1705 721 1774 apud
735 1721 818 1758 unum
828 1705 1011 1775 eumdemque
1021 1704 1224 1758 Confessarinm
1236 1703 1449 1758 Sacramentum

269 1811 456 1879 poenitentiae
482 1811 619 1880 receperit
643 1811 686 1865 vel
712 1811 784 1880 apud
809 1813 903 1881 plures
928 1811 1106 1866 Sacerdotes:
1131 1812 1245 1882 insuper
1268 1827 1304 1864 an
1329 1811 1358 1864 in
1385 1827 1448 1871 una,

265 1916 428 1986 eademque,
448 1916 491 1972 vel
512 1918 539 1970 in
561 1917 686 1986 pluribus
706 1917 857 1972 Ecclesiisl

357 2023 431 2092 Hesp
433 2061 705 2080 ...........

357 2131 460 2184 interr.
482 2133 524 2183 An
538 2147 554 2184 e
566 2131 685 2200 singulis
698 2131 798 2202 quibus
817 2133 944 2186 contessa
957 2139 1000 2185 est
1012 2131 1209 2186 Sacerdotibus
1227 2132 1369 2200 exceperit
1386 2147 1451 2184 aern-

266 2243 326 2291 ctes
343 2237 555 2303 admonitiones,
575 2241 603 2292 et
622 2245 779 2308 opportuna
798 2243 955 2308 praecepta,
973 2255 1047 2310 quae
1064 2240 1153 2308 ipsam
1172 2240 1361 2293 examinatam
1374 2237 1451 2292 aedi-

268 2346 391 2406 ficarent,
411 2349 440 2398 et
459 2361 475 2396 a
495 2344 569 2398 malo
588 2349 725 2410 arcerent,
744 2351 773 2398 et
791 2349 929 2416 quatenus
948 2351 1002 2399 etc.

358 2449 431 2518 Reap
433 2487 704 2503 ...........

357 2592 534 2646 Notandum:
553 2594 576 2645 si
596 2594 738 2661 responsio
763 2593 851 2647 fuerit
874 2594 1050 2657 affirmativa,
1071 2594 1098 2647 id
1117 2600 1160 2649 est
1178 2594 1202 2647 si
1221 2594 1306 2659 dicat,
1323 2608 1353 2647 se
1373 2594 1444 2647 bene

267 2716 376 2768 semper
394 2700 478 2755 fuisse
497 2700 639 2768 directam,
659 2706 725 2755 tunc
746 2702 937 2770 interrogatur
955 2704 1083 2772 sequenti
1103 2702 1196 2756 modo:

357 2846 460 2900 interr.
480 2848 524 2901 An
543 2846 614 2901 sciat
632 2846 675 2901 vel
696 2847 856 2901 meminerit
868 2846 1133 2917 aliquando'dixisse
1151 2846 1196 2901 vel
1215 2846 1446 2916 audivissequod

267 2950 378 3020 quidam
397 2950 588 3005 Coriseeaarius
607 2966 659 3003 non
679 2952 720 3003 ita
739 2956 834 3005 sancte
854 2956 883 3004 et
902 2949 1019 3005 honeste
1038 2966 1099 3005 sese
1117 2952 1238 3019 gesserit
1256 2968 1325 3019 erga
1349 2952 1447 3019 poeni-

267 3061 373 3123 tentes,
392 3059 458 3127 quin
478 3030 721 3121 murmurationes,
740 3074 788 3111 seu
808 3059 894 3112 verba
912 3057 1136 3127 contemptibilia
1153 3062 1251 3112 contra
1268 3059 1360 3128 ipsum
1373 3059 1448 3113 Con·

268 3165 421 3227 fossarium,
441 3164 550 3233 prolata
567 3164 686 3218 luerint:
706 3181 748 3219 ex.
769 3181 810 3233 gr.
831 3165 903 3234 quod
923 3165 984 3235 ipsa
1004 3166 1170 3219 Examinata
1181 3166 1217 3219 ab
1232 3180 1285 3219 uno
1298 3164 1343 3219 vel
1356 3182 1374 3219 a
1387 3165 1449 3234 plu·

269 3272 344 3323 ribus
363 3271 579 3339 poenitentibus,
600 3276 683 3341 atque
703 3272 737 3324 ab
758 3286 813 3325 uno
832 3270 934 3324 abhinc
952 3288 1035 3332 anno,
1054 3270 1097 3325 vel
1118 3289 1135 3324 a
1153 3276 1282 3341 quatuor,
1295 3276 1344 3325 aut
1357 3273 1449 3326 tribus

268 3379 409 3432 mensibus
428 3378 531 3431 similia
549 3378 686 3433 audierit?

357 3522 534 3577 Notandum.-
552 3522 580 3575 si
601 3528 662 3591 post
681 3521 752 3575 hanc
771 3523 1021 3591 interrogationem
1040 3526 1071 3576 et
1088 3522 1356 3577 animadversionem
1378 3540 1448 3577 exa·

268 3631 373 3684 minata
392 3646 494 3699 negare
520 3634 626 3699 pergat,
646 3628 792 3683 claudatur
816 3635 896 3683 actus
921 3635 1056 3685 consueta
1078 3631 1176 3693 forma,
1194 3646 1267 3700 quae
1286 3630 1320 3682 ad
1339 3630 1447 3686 calcem

269 3737 350 3791 huius
369 3735 561 3791 instructionis
580 3739 694 3803 prostat.

358 3846 395 3895 nt
413 3842 435 3894 ei
453 3841 601 3911 quidquam
615 3841 690 3895 circa
703 3840 824 3911 aliquem
838 3842 1046 3906 confessarium,
1060 3841 1138 3895 iuxta
1151 3858 1185 3895 ea
1197 3842 1231 3897 de
1243 3843 1345 3912 quibus
1358 3844 1448 3899 inter-

269 3954 391 4017 rogatur,
411 3948 561 4016 aperuerit,
581 3948 699 4001 ulterius
719 3948 938 4019 interrogabitur
957 3955 1041 4017 prout
1058 3950 1198 4019 sequitur:

358 4104 459 4158 interr.
481 4105 520 4159 Ut
533 4114 654 4174 exponat
667 4120 776 4166 nomen,
790 4121 954 4173 cognomen,
963 4105 1084 4159 officium
1097 4109 1219 4160 aetatem
1227 4104 1410 4176 Confessarii,
1419 4114 1448 4162 et

268 4210 360 4264 locum
380 4228 428 4265 seu
448 4209 541 4267 sedem
560 4210 754 4271 consessionia;
773 4228 808 4263 an
828 4211 865 4264 sit
884 4214 1031 4282 presbyter
1043 4210 1201 4266 Saecularis
1219 4210 1266 4266 rel
1287 4211 1447 4281 Regularis.

269 4318 297 4365 et
316 4317 453 4381 quatenus
470 4318 523 4367 etc.

358 4421 431 4487 Hesp
434 4455 705 4475 ...........
