3350 5100
335 298 402 363 702
759 313 867 361 tanen
890 310 1092 360 annotemus

335 438 396 491 256.
414 437 480 491 Alia
498 444 540 492 eat
558 436 740 503 absolutoria,
758 435 816 489 alia
834 436 1070 490 condenasotorio.
1090 430 1271 490 Abaolntoria
1290 437 1333 487 eet
1351 433 1388 485 ab

441 548 572 603 instantio
590 550 640 601 ant
658 562 676 599 a
694 546 811 599 crimine
839 580 1386 597 .............
1424 540 1510 595 »327

333 654 395 709 257.
413 652 576 709 Sententiae
594 653 753 723 definitivae
772 650 907 721 requisita
925 651 1083 705 extrinseco
1111 686 1386 703 .......
1423 646 1510 701 »323

333 758 730 829 258.Req11iaitainsrinseca
750 794 1294 811 .............
1304 777 1338 807 ι.
1378 793 1384 807 .
1424 751 1513 807 »323

481 995 499 1055 5
522 992 541 1043 l.
564 991 604 1044 De
622 990 814 1059 appellatione
832 991 953 1060 aliisque
971 987 1104 1044 ronediis
1122 989 1359 1042 extraordinariis

702 1104 706 1111 '
784 1107 810 1151 et
828 1099 865 1151 de
882 1114 915 1152 rs
933 1098 1063 1152 iudioato.

332 1292 394 1347 259.
412 1292 527 1355 Quando
544 1294 685 1348 sententia
704 1294 763 1347 sive
781 1294 955 1347 absolutoria
969 1293 1030 1349 aive
1045 1294 1274 1347 ooodeianotorio
1292 1295 1382 1346 trane·

436 1406 484 1456 eat
501 1402 529 1455 in
549 1417 607 1456 rem
627 1401 786 1455 iudicatam.
806 1401 877 1463 Quid
896 1402 965 1456 iuria
983 1402 1018 1457 de
1035 1403 1257 1457 interlocutoriis
1281 1442 1286 1453 .
1325 1440 1332 1454 .
1368 1418 1435 1473 pap.
1455 1399 1510 1454 330

330 1506 392 1561 260.
411 1505 451 1562 De
469 1506 658 1577 appellatione
676 1508 711 1562 ab
730 1510 866 1563 iaoideito
883 1510 1025 1564 mnenon
1065 1547 1386 1563 ........
1427 1525 1443 1558 s
1476 1508 1512 1561 ib.

329 1613 390 1669 ool.
410 1613 450 1670 Da
467 1614 656 1685 appellatione
675 1616 734 1669 aive
749 1618 907 1688 principali
924 1617 984 1671 aive
1005 1617 1141 1671 molenti
1164 1621 1194 1670 et
1211 1615 1275 1669 aliie
1293 1630 1382 1670 reme·

435 1720 489 1774 diis
505 1722 736 1776 extraordinariis
749 1762 1380 1779 ...............
1418 1744 1436 1778 »
1454 1724 1509 1780 332

330 1825 391 1879 232.
407 1825 551 1888 Quomodo
568 1827 697 1883 decurrat
714 1828 879 1884 decendium
898 1829 932 1883 ed
950 1830 1148 1901 appellandum
1151 1869 1380 1885 ......
1417 1849 1436 1889 a
1454 1831 1509 1886 333

328 1928 389 1984 263.
408 1932 452 1986 An
471 1933 635 2005 enieomque
648 1940 677 1987 et
696 1934 725 1989 in
743 1936 873 1989 omnibua
885 1937 976 1990 oauaia
989 1938 1154 2006 permistum
1172 1940 1211 1993 ait
1228 1938 1380 2009 appellare.
1418 1956 1435 1992 s
1453 1939 1508 1993 334

328 2036 390 2090 aot.
410 2036 449 2091 De
467 2038 613 2093 effectibus
636 2039 835 2109 appellationis
836 2081 1378 2100 .............
1417 2045 1508 2100 »335

328 2142 391 2195 265.
408 2141 550 2204 Quaenam
568 2160 669 2201 caueae
687 2145 816 2201 dieantur
834 2164 889 2203 non
908 2152 1029 2207 tesneire
1046 2153 1076 2205 in
1096 2168 1153 2206 rem
1172 2153 1333 2210 indiestam.
1369 2193 1377 2207 .
1415 2170 1434 2212 a
1452 2154 1507 2209 337

327 2250 389 2305 266.
409 2249 448 2305 De
467 2253 631 2309 executione
656 2293 1379 2316 .................
1416 2282 1435 2318 a
1453 2262 1509 2318 338

332 2358 394 2412 267.
414 2358 454 2413 De
472 2360 601 2429 expenaia
617 2401 1381 2425 ..................
1420 2385 1438 2426 a
1471 2374 1508 2428 ib.
