<?xml version="1.0" encoding="UTF-8"?>
<!DOCTYPE html PUBLIC "-//W3C//DTD XHTML 1.0 Transitional//EN"
    "http://www.w3.org/TR/xhtml1/DTD/xhtml1-transitional.dtd">
<html xmlns="http://www.w3.org/1999/xhtml" xml:lang="en" lang="en">
 <head>
  <title>
</title>
<meta http-equiv="Content-Type" content="text/html;charset=utf-8" />
  <meta name='ocr-system' content='tesseract 3.04.00' />
  <meta name='ocr-capabilities' content='ocr_page ocr_carea ocr_par ocr_line ocrx_word'/>
</head>
<body>
  <div class='ocr_page' id='page_1' title='image "./praelectionesin00legagoog_0112.png"; bbox 0 0 3350 5100; ppageno 0'>
   <div class='ocr_carea' id='block_1_1' title="bbox 297 291 1064 360">
    <p class='ocr_par' dir='ltr' id='par_1_1' title="bbox 297 291 1064 360">
     <span class='ocr_line' id='line_1_1' title="bbox 297 291 1064 360; baseline 0.003 -4"><span class='ocrx_word' id='word_1_1' title='bbox 297 291 361 357; x_wconf 88' lang='grc'>108</span> <span class='ocrx_word' id='word_1_2' title='bbox 813 312 898 360; x_wconf 76' lang='lat' dir='ltr'>raus</span> <span class='ocrx_word' id='word_1_3' title='bbox 929 312 952 358; x_wconf 92' lang='lat'>1.</span> <span class='ocrx_word' id='word_1_4' title='bbox 1062 315 1064 326; x_wconf 94' lang='lat'>·</span> 
     </span>
    </p>
   </div>
   <div class='ocr_carea' id='block_1_2' title="bbox 289 427 1500 4486">
    <p class='ocr_par' dir='ltr' id='par_1_2' title="bbox 289 427 1495 3245">
     <span class='ocr_line' id='line_1_2' title="bbox 290 427 1472 521; baseline 0.003 -24"><span class='ocrx_word' id='word_1_5' title='bbox 290 436 428 498; x_wconf 78' lang='lat' dir='ltr'>exercet</span> <span class='ocrx_word' id='word_1_6' title='bbox 457 437 647 518; x_wconf 80' lang='lat' dir='ltr'>potestatem</span> <span class='ocrx_word' id='word_1_7' title='bbox 670 436 879 500; x_wconf 82' lang='lat' dir='ltr'>coercitivam</span> <span class='ocrx_word' id='word_1_8' title='bbox 910 427 992 519; x_wconf 79' lang='lat' dir='ltr'>quae</span> <span class='ocrx_word' id='word_1_9' title='bbox 1024 435 1184 521; x_wconf 88' lang='lat' dir='ltr'>Episcopo</span> <span class='ocrx_word' id='word_1_10' title='bbox 1215 439 1416 521; x_wconf 89' lang='lat' dir='ltr'>competeret</span> <span class='ocrx_word' id='word_1_11' title='bbox 1445 436 1472 501; x_wconf 93' lang='lat' dir='ltr'>si</span> 
     </span>
     <span class='ocr_line' id='line_1_3' title="bbox 290 558 1472 647; baseline 0.003 -25"><span class='ocrx_word' id='word_1_12' title='bbox 290 566 448 643; x_wconf 80' lang='lat' dir='ltr'>ageretur</span> <span class='ocrx_word' id='word_1_13' title='bbox 471 558 511 624; x_wconf 93' lang='lat' dir='ltr'>de</span> <span class='ocrx_word' id='word_1_14' title='bbox 534 559 655 625; x_wconf 89' lang='lat' dir='ltr'>elerico</span> <span class='ocrx_word' id='word_1_15' title='bbox 670 559 841 626; x_wconf 87' lang='lat' dir='ltr'>saeculari.</span> <span class='ocrx_word' id='word_1_16' title='bbox 860 560 1002 626; x_wconf 89' lang='lat' dir='ltr'>Proinde</span> <span class='ocrx_word' id='word_1_17' title='bbox 1019 561 1196 647; x_wconf 83' lang='lat' dir='ltr'>Episcopus</span> <span class='ocrx_word' id='word_1_18' title='bbox 1217 562 1267 626; x_wconf 90' lang='lat' dir='ltr'>ius</span> <span class='ocrx_word' id='word_1_19' title='bbox 1283 580 1347 626; x_wconf 94' lang='lat' dir='ltr'>non</span> <span class='ocrx_word' id='word_1_20' title='bbox 1363 560 1472 633; x_wconf 89' lang='lat' dir='ltr'>habet,</span> 
     </span>
     <span class='ocr_line' id='line_1_4' title="bbox 290 682 1473 771; baseline 0.003 -25"><span class='ocrx_word' id='word_1_21' title='bbox 290 683 368 766; x_wconf 83' lang='lat' dir='ltr'>quia</span> <span class='ocrx_word' id='word_1_22' title='bbox 390 682 496 748; x_wconf 82' lang='lat' dir='ltr'>obstat</span> <span class='ocrx_word' id='word_1_23' title='bbox 518 682 698 768; x_wconf 79' lang='lat' dir='ltr'>exemptio,</span> <span class='ocrx_word' id='word_1_24' title='bbox 723 683 899 749; x_wconf 84' lang='lat' dir='ltr'>exercendi</span> <span class='ocrx_word' id='word_1_25' title='bbox 927 686 960 748; x_wconf 92' lang='lat' dir='ltr'>in</span> <span class='ocrx_word' id='word_1_26' title='bbox 984 685 1139 750; x_wconf 88' lang='lat' dir='ltr'>clericum</span> <span class='ocrx_word' id='word_1_27' title='bbox 1168 685 1354 771; x_wconf 87' lang='lat' dir='ltr'>regularem</span> <span class='ocrx_word' id='word_1_28' title='bbox 1382 690 1473 770; x_wconf 87' lang='lat' dir='ltr'>pote·</span> 
     </span>
     <span class='ocr_line' id='line_1_5' title="bbox 290 805 1472 894; baseline 0.003 -26"><span class='ocrx_word' id='word_1_29' title='bbox 290 810 410 870; x_wconf 88' lang='lat' dir='ltr'>statem</span> <span class='ocrx_word' id='word_1_30' title='bbox 425 806 612 890; x_wconf 85' lang='lat' dir='ltr'>punitivam.</span> <span class='ocrx_word' id='word_1_31' title='bbox 630 805 844 872; x_wconf 89' lang='lat' dir='ltr'>Nihilominus</span> <span class='ocrx_word' id='word_1_32' title='bbox 866 808 892 871; x_wconf 89' lang='lat' dir='ltr'>si</span> <span class='ocrx_word' id='word_1_33' title='bbox 917 809 1041 873; x_wconf 79' lang='lat' dir='ltr'>crimen</span> <span class='ocrx_word' id='word_1_34' title='bbox 1065 805 1121 872; x_wconf 84' lang='lat' dir='ltr'>flat</span> <span class='ocrx_word' id='word_1_35' title='bbox 1136 807 1298 894; x_wconf 86' lang='lat' dir='ltr'>publicum</span> <span class='ocrx_word' id='word_1_36' title='bbox 1322 813 1355 874; x_wconf 93' lang='lat' dir='ltr'>et</span> <span class='ocrx_word' id='word_1_37' title='bbox 1377 825 1472 872; x_wconf 87' lang='lat' dir='ltr'>scan-</span> 
     </span>
     <span class='ocr_line' id='line_1_6' title="bbox 290 929 1472 1018; baseline 0.003 -25"><span class='ocrx_word' id='word_1_38' title='bbox 290 929 399 994; x_wconf 89' lang='lat' dir='ltr'>dalum</span> <span class='ocrx_word' id='word_1_39' title='bbox 415 932 557 1016; x_wconf 88' lang='lat' dir='ltr'>patiatur</span> <span class='ocrx_word' id='word_1_40' title='bbox 572 931 708 1016; x_wconf 91' lang='lat' dir='ltr'>populus</span> <span class='ocrx_word' id='word_1_41' title='bbox 723 931 928 1004; x_wconf 86' lang='lat' dir='ltr'>christianus,</span> <span class='ocrx_word' id='word_1_42' title='bbox 947 933 1125 1018; x_wconf 81' lang='lat' dir='ltr'>Episcopus</span> <span class='ocrx_word' id='word_1_43' title='bbox 1140 935 1189 999; x_wconf 89' lang='lat' dir='ltr'>ius</span> <span class='ocrx_word' id='word_1_44' title='bbox 1204 933 1302 1000; x_wconf 88' lang='lat' dir='ltr'>habet</span> <span class='ocrx_word' id='word_1_45' title='bbox 1322 931 1472 998; x_wconf 89' lang='lat' dir='ltr'>monendi</span> 
     </span>
     <span class='ocr_line' id='line_1_7' title="bbox 291 1055 1472 1144; baseline 0.002 -22"><span class='ocrx_word' id='word_1_46' title='bbox 291 1056 501 1142; x_wconf 88' lang='lat' dir='ltr'>Superiorem</span> <span class='ocrx_word' id='word_1_47' title='bbox 518 1056 713 1141; x_wconf 87' lang='lat' dir='ltr'>Regularem</span> <span class='ocrx_word' id='word_1_48' title='bbox 737 1063 773 1123; x_wconf 93' lang='lat' dir='ltr'>ut</span> <span class='ocrx_word' id='word_1_49' title='bbox 795 1055 954 1122; x_wconf 86' lang='lat' dir='ltr'>subditum</span> <span class='ocrx_word' id='word_1_50' title='bbox 979 1077 1070 1123; x_wconf 90' lang='lat' dir='ltr'>suum</span> <span class='ocrx_word' id='word_1_51' title='bbox 1094 1060 1216 1143; x_wconf 85' lang='lat' dir='ltr'>puniat,</span> <span class='ocrx_word' id='word_1_52' title='bbox 1241 1060 1347 1143; x_wconf 91' lang='lat' dir='ltr'>prouti</span> <span class='ocrx_word' id='word_1_53' title='bbox 1372 1078 1472 1144; x_wconf 84' lang='lat' dir='ltr'>expo·</span> 
     </span>
     <span class='ocr_line' id='line_1_8' title="bbox 293 1180 1471 1268; baseline 0.003 -22"><span class='ocrx_word' id='word_1_54' title='bbox 293 1181 390 1247; x_wconf 87' lang='lat' dir='ltr'>stulat</span> <span class='ocrx_word' id='word_1_55' title='bbox 414 1181 591 1247; x_wconf 82' lang='lat' dir='ltr'>necessitas</span> <span class='ocrx_word' id='word_1_56' title='bbox 620 1180 790 1246; x_wconf 81' lang='lat' dir='ltr'>auferendi</span> <span class='ocrx_word' id='word_1_57' title='bbox 817 1181 1022 1257; x_wconf 89' lang='lat' dir='ltr'>scandalum;</span> <span class='ocrx_word' id='word_1_58' title='bbox 1047 1183 1107 1246; x_wconf 89' lang='lat' dir='ltr'>nisi</span> <span class='ocrx_word' id='word_1_59' title='bbox 1132 1182 1229 1248; x_wconf 91' lang='lat' dir='ltr'>ducat</span> <span class='ocrx_word' id='word_1_60' title='bbox 1251 1185 1471 1268; x_wconf 87' lang='lat' dir='ltr'>opportunius,</span> 
     </span>
     <span class='ocr_line' id='line_1_9' title="bbox 289 1301 1471 1387; baseline 0.003 -22"><span class='ocrx_word' id='word_1_61' title='bbox 289 1308 369 1369; x_wconf 87' lang='lat' dir='ltr'>ante</span> <span class='ocrx_word' id='word_1_62' title='bbox 390 1304 492 1387; x_wconf 81' lang='lat' dir='ltr'>ipsam</span> <span class='ocrx_word' id='word_1_63' title='bbox 515 1303 731 1375; x_wconf 89' lang='lat' dir='ltr'>monitionem,</span> <span class='ocrx_word' id='word_1_64' title='bbox 747 1304 854 1368; x_wconf 85' lang='lat' dir='ltr'>statim</span> <span class='ocrx_word' id='word_1_65' title='bbox 872 1303 963 1369; x_wconf 85' lang='lat' dir='ltr'>Rom.</span> <span class='ocrx_word' id='word_1_66' title='bbox 984 1301 1174 1369; x_wconf 85' lang='lat' dir='ltr'>Pontificem</span> <span class='ocrx_word' id='word_1_67' title='bbox 1199 1304 1374 1368; x_wconf 84' lang='lat' dir='ltr'>certiorem</span> <span class='ocrx_word' id='word_1_68' title='bbox 1398 1301 1471 1368; x_wconf 88' lang='lat' dir='ltr'>red·</span> 
     </span>
     <span class='ocr_line' id='line_1_10' title="bbox 290 1427 1495 1515; baseline 0.002 -21"><span class='ocrx_word' id='word_1_69' title='bbox 290 1428 371 1494; x_wconf 88' lang='lat' dir='ltr'>dere</span> <span class='ocrx_word' id='word_1_70' title='bbox 386 1447 444 1493; x_wconf 90' lang='lat' dir='ltr'>seu</span> <span class='ocrx_word' id='word_1_71' title='bbox 460 1428 491 1493; x_wconf 92' lang='lat' dir='ltr'>S.</span> <span class='ocrx_word' id='word_1_72' title='bbox 509 1427 799 1514; x_wconf 76' lang='lat' dir='ltr'>congregationem</span> <span class='ocrx_word' id='word_1_73' title='bbox 816 1430 884 1494; x_wconf 92' lang='lat' dir='ltr'>EE.</span> <span class='ocrx_word' id='word_1_74' title='bbox 901 1434 933 1493; x_wconf 89' lang='lat' dir='ltr'>et</span> <span class='ocrx_word' id='word_1_75' title='bbox 951 1429 1020 1494; x_wconf 65' lang='grc' dir='ltr'><strong>[ΙΙΙ.</strong></span> <span class='ocrx_word' id='word_1_76' title='bbox 1038 1435 1073 1494; x_wconf 90' lang='lat' dir='ltr'>ut</span> <span class='ocrx_word' id='word_1_77' title='bbox 1095 1431 1165 1514; x_wconf 86' lang='lat' dir='ltr'>ipsa</span> <span class='ocrx_word' id='word_1_78' title='bbox 1188 1439 1339 1515; x_wconf 83' lang='lat' dir='ltr'>supreme</span> <span class='ocrx_word' id='word_1_79' title='bbox 1362 1435 1470 1495; x_wconf 84' lang='lat' dir='ltr'>aucto</span> <span class='ocrx_word' id='word_1_80' title='bbox 1490 1487 1495 1498; x_wconf 93' lang='lat'>.</span> 
     </span>
     <span class='ocr_line' id='line_1_11' title="bbox 293 1554 1472 1642; baseline 0.002 -24"><span class='ocrx_word' id='word_1_81' title='bbox 293 1557 374 1619; x_wconf 88' lang='lat' dir='ltr'>ritas</span> <span class='ocrx_word' id='word_1_82' title='bbox 397 1554 611 1619; x_wconf 86' lang='lat' dir='ltr'>immediatius</span> <span class='ocrx_word' id='word_1_83' title='bbox 640 1555 816 1641; x_wconf 90' lang='lat' dir='ltr'>prospiciat</span> <span class='ocrx_word' id='word_1_84' title='bbox 842 1574 935 1622; x_wconf 86' lang='lat' dir='ltr'>casus</span> <span class='ocrx_word' id='word_1_85' title='bbox 965 1557 1128 1641; x_wconf 87' lang='lat' dir='ltr'>gravitati.</span> <span class='ocrx_word' id='word_1_86' title='bbox 1153 1555 1335 1642; x_wconf 86' lang='lat' dir='ltr'>Regulares</span> <span class='ocrx_word' id='word_1_87' title='bbox 1364 1561 1472 1621; x_wconf 87' lang='lat' dir='ltr'>autem</span> 
     </span>
     <span class='ocr_line' id='line_1_12' title="bbox 291 1679 1473 1776; baseline 0.001 -32"><span class='ocrx_word' id='word_1_88' title='bbox 291 1686 395 1745; x_wconf 80' lang='lat' dir='ltr'>eutra</span> <span class='ocrx_word' id='word_1_89' title='bbox 417 1681 569 1746; x_wconf 87' lang='lat' dir='ltr'>claustra</span> <span class='ocrx_word' id='word_1_90' title='bbox 591 1699 768 1746; x_wconf 78' lang='lat' dir='ltr'>euasurus</span> <span class='ocrx_word' id='word_1_91' title='bbox 788 1681 884 1776; x_wconf 90' lang='lat' dir='ltr'>punit</span> <span class='ocrx_word' id='word_1_92' title='bbox 907 1679 1094 1765; x_wconf 85' lang='lat' dir='ltr'>Episcopus,</span> <span class='ocrx_word' id='word_1_93' title='bbox 1119 1686 1281 1764; x_wconf 86' lang='lat' dir='ltr'>tamquam</span> <span class='ocrx_word' id='word_1_94' title='bbox 1305 1680 1473 1766; x_wconf 88' lang='lat' dir='ltr'>delegatus</span> 
     </span>
     <span class='ocr_line' id='line_1_13' title="bbox 291 1802 1471 1889; baseline 0.003 -22"><span class='ocrx_word' id='word_1_95' title='bbox 291 1802 387 1869; x_wconf 85' lang='lat' dir='ltr'>Sedis</span> <span class='ocrx_word' id='word_1_96' title='bbox 410 1804 470 1888; x_wconf 86' lang='lat' dir='ltr'>Ap.</span> <span class='ocrx_word' id='word_1_97' title='bbox 495 1823 573 1886; x_wconf 91' lang='lat' dir='ltr'>quos</span> <span class='ocrx_word' id='word_1_98' title='bbox 603 1809 711 1868; x_wconf 88' lang='lat' dir='ltr'>tamen</span> <span class='ocrx_word' id='word_1_99' title='bbox 743 1810 776 1870; x_wconf 87' lang='lat' dir='ltr'>et</span> <span class='ocrx_word' id='word_1_100' title='bbox 806 1804 962 1888; x_wconf 89' lang='lat' dir='ltr'>Superior</span> <span class='ocrx_word' id='word_1_101' title='bbox 987 1803 1160 1889; x_wconf 85' lang='lat' dir='ltr'>ltegularis</span> <span class='ocrx_word' id='word_1_102' title='bbox 1191 1805 1307 1888; x_wconf 86' lang='lat' dir='ltr'>punire</span> <span class='ocrx_word' id='word_1_103' title='bbox 1330 1805 1427 1870; x_wconf 86' lang='lat' dir='ltr'>valet.</span> <span class='ocrx_word' id='word_1_104' title='bbox 1453 1840 1471 1854; x_wconf 94' lang='lat'><em>·</em></span> 
     </span>
     <span class='ocr_line' id='line_1_14' title="bbox 294 1928 1473 2014; baseline 0.003 -24"><span class='ocrx_word' id='word_1_105' title='bbox 294 1929 356 2001; x_wconf 84' lang='lat' dir='ltr'>Qui</span> <span class='ocrx_word' id='word_1_106' title='bbox 380 1946 460 1992; x_wconf 89' lang='lat' dir='ltr'>vero</span> <span class='ocrx_word' id='word_1_107' title='bbox 483 1928 609 2013; x_wconf 84' lang='lat' dir='ltr'>deqeus</span> <span class='ocrx_word' id='word_1_108' title='bbox 638 1929 731 1993; x_wconf 82' lang='lat' dir='ltr'>iutra</span> <span class='ocrx_word' id='word_1_109' title='bbox 757 1929 988 1992; x_wconf 86' lang='lat' dir='ltr'>monasterium</span> <span class='ocrx_word' id='word_1_110' title='bbox 1015 1947 1129 1994; x_wconf 63' lang='lat' dir='ltr'>uxrem</span> <span class='ocrx_word' id='word_1_111' title='bbox 1157 1928 1330 2012; x_wconf 88' lang='lat' dir='ltr'>delinquit,</span> <span class='ocrx_word' id='word_1_112' title='bbox 1354 1947 1473 2014; x_wconf 87' lang='lat' dir='ltr'>perse</span> 
     </span>
     <span class='ocr_line' id='line_1_15' title="bbox 294 2049 1474 2136; baseline 0.001 -22"><span class='ocrx_word' id='word_1_113' title='bbox 294 2055 441 2115; x_wconf 85' lang='lat' dir='ltr'>remanet</span> <span class='ocrx_word' id='word_1_114' title='bbox 464 2049 626 2115; x_wconf 89' lang='lat' dir='ltr'>subiectus</span> <span class='ocrx_word' id='word_1_115' title='bbox 648 2069 706 2115; x_wconf 85' lang='lat' dir='ltr'>suo</span> <span class='ocrx_word' id='word_1_116' title='bbox 729 2051 896 2136; x_wconf 91' lang='lat' dir='ltr'>Superiori</span> <span class='ocrx_word' id='word_1_117' title='bbox 920 2070 940 2114; x_wconf 89' lang='lat' dir='ltr'>a</span> <span class='ocrx_word' id='word_1_118' title='bbox 964 2070 1026 2135; x_wconf 93' lang='lat' dir='ltr'>quo</span> <span class='ocrx_word' id='word_1_119' title='bbox 1049 2051 1229 2136; x_wconf 89' lang='lat' dir='ltr'>puniendus</span> <span class='ocrx_word' id='word_1_120' title='bbox 1245 2057 1303 2132; x_wconf 91' lang='lat' dir='ltr'>est,</span> <span class='ocrx_word' id='word_1_121' title='bbox 1328 2051 1384 2119; x_wconf 89' lang='lat' dir='ltr'>sed</span> <span class='ocrx_word' id='word_1_122' title='bbox 1401 2051 1474 2136; x_wconf 92' lang='lat' dir='ltr'>Epi-</span> 
     </span>
     <span class='ocr_line' id='line_1_16' title="bbox 291 2173 1475 2261; baseline 0.003 -22"><span class='ocrx_word' id='word_1_123' title='bbox 291 2193 410 2260; x_wconf 86' lang='lat' dir='ltr'>scopus</span> <span class='ocrx_word' id='word_1_124' title='bbox 426 2173 609 2260; x_wconf 87' lang='lat' dir='ltr'>praeflgere</span> <span class='ocrx_word' id='word_1_125' title='bbox 624 2175 712 2239; x_wconf 87' lang='lat' dir='ltr'>valet</span> <span class='ocrx_word' id='word_1_126' title='bbox 733 2181 860 2260; x_wconf 90' lang='lat' dir='ltr'>tempus</span> <span class='ocrx_word' id='word_1_127' title='bbox 882 2175 922 2240; x_wconf 91' lang='lat' dir='ltr'>ad</span> <span class='ocrx_word' id='word_1_128' title='bbox 947 2175 1142 2261; x_wconf 89' lang='lat' dir='ltr'>puniendum</span> <span class='ocrx_word' id='word_1_129' title='bbox 1167 2175 1416 2260; x_wconf 85' lang='lat' dir='ltr'>delinquentem.</span> <span class='ocrx_word' id='word_1_130' title='bbox 1442 2181 1475 2242; x_wconf 92' lang='lat' dir='ltr'>et</span> 
     </span>
     <span class='ocr_line' id='line_1_17' title="bbox 291 2297 1474 2386; baseline 0.001 -23"><span class='ocrx_word' id='word_1_131' title='bbox 291 2301 416 2364; x_wconf 88' lang='lat' dir='ltr'>certior</span> <span class='ocrx_word' id='word_1_132' title='bbox 437 2297 509 2364; x_wconf 87' lang='lat' dir='ltr'>fleri</span> <span class='ocrx_word' id='word_1_133' title='bbox 532 2298 628 2364; x_wconf 91' lang='lat' dir='ltr'>debet</span> <span class='ocrx_word' id='word_1_134' title='bbox 650 2297 690 2365; x_wconf 93' lang='lat' dir='ltr'>de</span> <span class='ocrx_word' id='word_1_135' title='bbox 703 2297 835 2364; x_wconf 87' lang='lat' dir='ltr'>inflicta</span> <span class='ocrx_word' id='word_1_136' title='bbox 858 2301 1035 2384; x_wconf 89' lang='lat' dir='ltr'>punitione.</span> <span class='ocrx_word' id='word_1_137' title='bbox 1052 2299 1144 2374; x_wconf 85' lang='lat' dir='ltr'>Quod</span> <span class='ocrx_word' id='word_1_138' title='bbox 1167 2301 1192 2364; x_wconf 92' lang='lat' dir='ltr'>si</span> <span class='ocrx_word' id='word_1_139' title='bbox 1217 2301 1362 2386; x_wconf 86' lang='lat' dir='ltr'>negligat</span> <span class='ocrx_word' id='word_1_140' title='bbox 1377 2301 1474 2386; x_wconf 81' lang='lat' dir='ltr'>Supe</span> 
     </span>
     <span class='ocr_line' id='line_1_18' title="bbox 294 2420 1475 2509; baseline 0.004 -25"><span class='ocrx_word' id='word_1_141' title='bbox 294 2423 364 2486; x_wconf 89' lang='lat' dir='ltr'>rior</span> <span class='ocrx_word' id='word_1_142' title='bbox 387 2441 522 2507; x_wconf 88' lang='lat' dir='ltr'>poenam</span> <span class='ocrx_word' id='word_1_143' title='bbox 545 2423 721 2507; x_wconf 89' lang='lat' dir='ltr'>imponere,</span> <span class='ocrx_word' id='word_1_144' title='bbox 738 2423 807 2507; x_wconf 90' lang='lat' dir='ltr'>ipse</span> <span class='ocrx_word' id='word_1_145' title='bbox 829 2425 1008 2509; x_wconf 89' lang='lat' dir='ltr'>Episcopus</span> <span class='ocrx_word' id='word_1_146' title='bbox 1032 2420 1156 2509; x_wconf 90' lang='lat' dir='ltr'>infligit.</span> <span class='ocrx_word' id='word_1_147' title='bbox 1181 2423 1229 2489; x_wconf 80' lang='lat' dir='ltr'>af.</span> <span class='ocrx_word' id='word_1_148' title='bbox 1247 2443 1322 2505; x_wconf 87' lang='lat' dir='ltr'>cap.</span> <span class='ocrx_word' id='word_1_149' title='bbox 1338 2425 1397 2488; x_wconf 86' lang='lat' dir='ltr'>ult.</span> <span class='ocrx_word' id='word_1_150' title='bbox 1424 2421 1475 2489; x_wconf 89' lang='lat' dir='ltr'>De</span> 
     </span>
     <span class='ocr_line' id='line_1_19' title="bbox 292 2547 1472 2635; baseline 0.001 -21"><span class='ocrx_word' id='word_1_151' title='bbox 292 2554 384 2615; x_wconf 84' lang='lat' dir='ltr'>statu</span> <span class='ocrx_word' id='word_1_152' title='bbox 406 2550 563 2615; x_wconf 79' lang='lat' dir='ltr'>monach.</span> <span class='ocrx_word' id='word_1_153' title='bbox 587 2550 622 2614; x_wconf 94' lang='lat' dir='ltr'><em>X</em></span> <span class='ocrx_word' id='word_1_154' title='bbox 642 2548 716 2635; x_wconf 87' lang='grc' dir='ltr'><strong>(ΙΙΙ.</strong></span> <span class='ocrx_word' id='word_1_155' title='bbox 740 2547 805 2634; x_wconf 86' lang='grc'><strong>35).</strong></span> <span class='ocrx_word' id='word_1_156' title='bbox 831 2552 874 2615; x_wconf 88' lang='lat' dir='ltr'>Et</span> <span class='ocrx_word' id='word_1_157' title='bbox 897 2552 924 2615; x_wconf 91' lang='lat' dir='ltr'>si</span> <span class='ocrx_word' id='word_1_158' title='bbox 950 2550 1140 2634; x_wconf 91' lang='lat' dir='ltr'>delinquens</span> <span class='ocrx_word' id='word_1_159' title='bbox 1163 2550 1337 2634; x_wconf 88' lang='lat' dir='ltr'>impunitus</span> <span class='ocrx_word' id='word_1_160' title='bbox 1363 2555 1472 2615; x_wconf 88' lang='lat' dir='ltr'>traus-</span> 
     </span>
     <span class='ocr_line' id='line_1_20' title="bbox 294 2673 1473 2767; baseline 0.001 -29"><span class='ocrx_word' id='word_1_161' title='bbox 294 2676 409 2741; x_wconf 88' lang='lat' dir='ltr'>missus</span> <span class='ocrx_word' id='word_1_162' title='bbox 431 2675 532 2741; x_wconf 86' lang='lat' dir='ltr'>suerit</span> <span class='ocrx_word' id='word_1_163' title='bbox 555 2680 651 2740; x_wconf 88' lang='lat' dir='ltr'>extra</span> <span class='ocrx_word' id='word_1_164' title='bbox 672 2674 860 2749; x_wconf 87' lang='lat' dir='ltr'>dioecesim,</span> <span class='ocrx_word' id='word_1_165' title='bbox 886 2675 982 2767; x_wconf 79' lang='lat' dir='ltr'>debet</span> <span class='ocrx_word' id='word_1_166' title='bbox 1004 2678 1154 2741; x_wconf 87' lang='lat' dir='ltr'>revocari</span> <span class='ocrx_word' id='word_1_167' title='bbox 1178 2673 1218 2739; x_wconf 89' lang='lat' dir='ltr'>ad</span> <span class='ocrx_word' id='word_1_168' title='bbox 1241 2676 1473 2740; x_wconf 89' lang='lat' dir='ltr'>monasterium</span> 
     </span>
     <span class='ocr_line' id='line_1_21' title="bbox 295 2798 1474 2886; baseline 0.004 -23"><span class='ocrx_word' id='word_1_169' title='bbox 295 2802 327 2864; x_wconf 92' lang='lat' dir='ltr'>in</span> <span class='ocrx_word' id='word_1_170' title='bbox 352 2818 414 2883; x_wconf 91' lang='lat' dir='ltr'>quo</span> <span class='ocrx_word' id='word_1_171' title='bbox 438 2799 575 2886; x_wconf 89' lang='lat' dir='ltr'>degebat</span> <span class='ocrx_word' id='word_1_172' title='bbox 598 2800 724 2884; x_wconf 87' lang='lat' dir='ltr'>quando</span> <span class='ocrx_word' id='word_1_173' title='bbox 747 2800 880 2885; x_wconf 91' lang='lat' dir='ltr'>deliquit</span> <span class='ocrx_word' id='word_1_174' title='bbox 903 2808 936 2867; x_wconf 90' lang='lat' dir='ltr'>et</span> <span class='ocrx_word' id='word_1_175' title='bbox 958 2800 1001 2865; x_wconf 92' lang='lat' dir='ltr'>ibi</span> <span class='ocrx_word' id='word_1_176' title='bbox 1025 2801 1143 2885; x_wconf 90' lang='lat' dir='ltr'>puniri.</span> <span class='ocrx_word' id='word_1_177' title='bbox 1162 2801 1235 2865; x_wconf 91' lang='lat' dir='ltr'>Hoc</span> <span class='ocrx_word' id='word_1_178' title='bbox 1258 2801 1370 2866; x_wconf 85' lang='lat' dir='ltr'>statuit</span> <span class='ocrx_word' id='word_1_179' title='bbox 1385 2798 1474 2868; x_wconf 89' lang='lat' dir='ltr'>Trid.</span> 
     </span>
     <span class='ocr_line' id='line_1_22' title="bbox 291 2923 1471 3011; baseline 0 -22"><span class='ocrx_word' id='word_1_180' title='bbox 291 2943 373 2990; x_wconf 84' lang='lat' dir='ltr'>sess.</span> <span class='ocrx_word' id='word_1_181' title='bbox 398 2924 457 2997; x_wconf 81' lang='lat'>25,</span> <span class='ocrx_word' id='word_1_182' title='bbox 481 2944 556 3008; x_wconf 87' lang='lat' dir='ltr'>cap.</span> <span class='ocrx_word' id='word_1_183' title='bbox 581 2925 633 3005; x_wconf 88' lang='grc'>14,</span> <span class='ocrx_word' id='word_1_184' title='bbox 657 2926 707 2990; x_wconf 87' lang='lat' dir='ltr'>De</span> <span class='ocrx_word' id='word_1_185' title='bbox 736 2926 910 3011; x_wconf 81' lang='lat' dir='ltr'>reputar.;</span> <span class='ocrx_word' id='word_1_186' title='bbox 939 2930 973 2989; x_wconf 92' lang='lat' dir='ltr'>et</span> <span class='ocrx_word' id='word_1_187' title='bbox 1000 2926 1102 3011; x_wconf 86' lang='lat' dir='ltr'>magis</span> <span class='ocrx_word' id='word_1_188' title='bbox 1132 2923 1308 3011; x_wconf 82' lang='lat' dir='ltr'>explicavit</span> <span class='ocrx_word' id='word_1_189' title='bbox 1339 2924 1471 2991; x_wconf 74' lang='lat' dir='ltr'>constit.</span> 
     </span>
     <span class='ocr_line' id='line_1_23' title="bbox 295 3046 1474 3133; baseline -0.001 -19"><span class='ocrx_word' id='word_1_190' title='bbox 295 3048 450 3131; x_wconf 84' lang='lat' dir='ltr'>Suseepti</span> <span class='ocrx_word' id='word_1_191' title='bbox 479 3048 633 3114; x_wconf 68' lang='lat' dir='ltr'>muneras</span> <span class='ocrx_word' id='word_1_192' title='bbox 661 3049 751 3116; x_wconf 82' lang='lat' dir='ltr'>ratio</span> <span class='ocrx_word' id='word_1_193' title='bbox 776 3050 875 3115; x_wconf 86' lang='lat' dir='ltr'>Glem.</span> <span class='ocrx_word' id='word_1_194' title='bbox 900 3050 1004 3131; x_wconf 90' lang='lat' dir='ltr'>Vlll,</span> <span class='ocrx_word' id='word_1_195' title='bbox 1029 3069 1124 3133; x_wconf 88' lang='lat' dir='ltr'>qnam</span> <span class='ocrx_word' id='word_1_196' title='bbox 1149 3046 1353 3115; x_wconf 86' lang='lat' dir='ltr'>confirmavit</span> <span class='ocrx_word' id='word_1_197' title='bbox 1375 3050 1474 3117; x_wconf 91' lang='lat' dir='ltr'>Inno-</span> 
     </span>
     <span class='ocr_line' id='line_1_24' title="bbox 293 3171 748 3245; baseline -0.002 -7"><span class='ocrx_word' id='word_1_198' title='bbox 293 3178 380 3238; x_wconf 90' lang='lat' dir='ltr'>cent.</span> <span class='ocrx_word' id='word_1_199' title='bbox 405 3173 447 3245; x_wconf 86' lang='lat' dir='ltr'>X,</span> <span class='ocrx_word' id='word_1_200' title='bbox 471 3173 514 3237; x_wconf 87' lang='grc'>14</span> <span class='ocrx_word' id='word_1_201' title='bbox 536 3171 624 3238; x_wconf 85' lang='lat' dir='ltr'>Maii</span> <span class='ocrx_word' id='word_1_202' title='bbox 647 3172 748 3239; x_wconf 82' lang='lat'><strong><em>1653.</em></strong></span> 
     </span>
    </p>

    <p class='ocr_par' dir='ltr' id='par_1_3' title="bbox 294 3297 1473 3511">
     <span class='ocr_line' id='line_1_25' title="bbox 386 3297 1473 3385; baseline -0.002 -21"><span class='ocrx_word' id='word_1_203' title='bbox 386 3298 538 3364; x_wconf 81' lang='lat' dir='ltr'>Ceterum</span> <span class='ocrx_word' id='word_1_204' title='bbox 553 3299 727 3365; x_wconf 86' lang='lat' dir='ltr'>Praelatus</span> <span class='ocrx_word' id='word_1_205' title='bbox 743 3318 868 3383; x_wconf 94' lang='lat' dir='ltr'>quoque</span> <span class='ocrx_word' id='word_1_206' title='bbox 884 3299 1044 3385; x_wconf 87' lang='lat' dir='ltr'>regularis</span> <span class='ocrx_word' id='word_1_207' title='bbox 1059 3299 1224 3383; x_wconf 86' lang='lat' dir='ltr'>applicare</span> <span class='ocrx_word' id='word_1_208' title='bbox 1239 3297 1335 3364; x_wconf 89' lang='lat' dir='ltr'>debet</span> <span class='ocrx_word' id='word_1_209' title='bbox 1349 3298 1382 3361; x_wconf 93' lang='lat' dir='ltr'>in</span> <span class='ocrx_word' id='word_1_210' title='bbox 1398 3316 1473 3363; x_wconf 90' lang='lat' dir='ltr'>suos</span> 
     </span>
     <span class='ocr_line' id='line_1_26' title="bbox 294 3424 1472 3511; baseline -0.001 -23"><span class='ocrx_word' id='word_1_211' title='bbox 294 3424 438 3490; x_wconf 89' lang='lat' dir='ltr'>subditos</span> <span class='ocrx_word' id='word_1_212' title='bbox 457 3424 615 3489; x_wconf 88' lang='lat' dir='ltr'>violantes</span> <span class='ocrx_word' id='word_1_213' title='bbox 638 3424 688 3488; x_wconf 93' lang='lat' dir='ltr'>ins</span> <span class='ocrx_word' id='word_1_214' title='bbox 710 3442 890 3495; x_wconf 86' lang='lat' dir='ltr'>commune,</span> <span class='ocrx_word' id='word_1_215' title='bbox 906 3444 1027 3511; x_wconf 90' lang='lat' dir='ltr'>poenas</span> <span class='ocrx_word' id='word_1_216' title='bbox 1050 3425 1122 3489; x_wconf 91' lang='lat' dir='ltr'>iure</span> <span class='ocrx_word' id='word_1_217' title='bbox 1146 3424 1308 3489; x_wconf 89' lang='lat' dir='ltr'>communi</span> <span class='ocrx_word' id='word_1_218' title='bbox 1327 3428 1472 3489; x_wconf 85' lang='lat' dir='ltr'>statutas.</span> 
     </span>
    </p>

    <p class='ocr_par' dir='ltr' id='par_1_4' title="bbox 292 3548 1500 4486">
     <span class='ocr_line' id='line_1_27' title="bbox 384 3548 1474 3634; baseline -0.002 -20"><span class='ocrx_word' id='word_1_219' title='bbox 384 3549 424 3614; x_wconf 91' lang='lat' dir='ltr'>In</span> <span class='ocrx_word' id='word_1_220' title='bbox 448 3550 585 3614; x_wconf 89' lang='lat' dir='ltr'>clericos</span> <span class='ocrx_word' id='word_1_221' title='bbox 608 3553 713 3613; x_wconf 85' lang='lat' dir='ltr'>autem</span> <span class='ocrx_word' id='word_1_222' title='bbox 737 3549 923 3615; x_wconf 87' lang='lat' dir='ltr'>saeculares</span> <span class='ocrx_word' id='word_1_223' title='bbox 946 3554 1122 3630; x_wconf 80' lang='lat' dir='ltr'>euemptos</span> <span class='ocrx_word' id='word_1_224' title='bbox 1146 3548 1323 3633; x_wconf 85' lang='lat' dir='ltr'>Episcopus</span> <span class='ocrx_word' id='word_1_225' title='bbox 1353 3566 1474 3634; x_wconf 89' lang='lat' dir='ltr'>poenas</span> 
     </span>
     <span class='ocr_line' id='line_1_28' title="bbox 293 3644 1472 3760; baseline -0.003 -22"><span class='ocrx_word' id='word_1_226' title='bbox 293 3644 462 3760; x_wconf 83' lang='lat' dir='ltr'>applicare</span> <span class='ocrx_word' id='word_1_227' title='bbox 476 3678 510 3737; x_wconf 90' lang='lat' dir='ltr'>et</span> <span class='ocrx_word' id='word_1_228' title='bbox 524 3672 650 3755; x_wconf 84' lang='lat' dir='ltr'>inferre</span> <span class='ocrx_word' id='word_1_229' title='bbox 665 3676 771 3759; x_wconf 86' lang='lat' dir='ltr'>potest</span> <span class='ocrx_word' id='word_1_230' title='bbox 793 3674 825 3738; x_wconf 87' lang='lat' dir='ltr'>vi</span> <span class='ocrx_word' id='word_1_231' title='bbox 850 3692 925 3755; x_wconf 85' lang='lat' dir='ltr'>cap.</span> <span class='ocrx_word' id='word_1_232' title='bbox 941 3672 974 3745; x_wconf 84' lang='grc'>4,</span> <span class='ocrx_word' id='word_1_233' title='bbox 991 3690 1069 3739; x_wconf 81' lang='lat' dir='ltr'>sess.</span> <span class='ocrx_word' id='word_1_234' title='bbox 1085 3672 1137 3746; x_wconf 91' lang='grc'>14,</span> <span class='ocrx_word' id='word_1_235' title='bbox 1155 3672 1206 3738; x_wconf 89' lang='lat' dir='ltr'>De</span> <span class='ocrx_word' id='word_1_236' title='bbox 1220 3670 1283 3754; x_wconf 82' lang='lat' dir='ltr'>ref.</span> <span class='ocrx_word' id='word_1_237' title='bbox 1302 3673 1335 3736; x_wconf 92' lang='lat' dir='ltr'>in</span> <span class='ocrx_word' id='word_1_238' title='bbox 1351 3672 1472 3737; x_wconf 75' lang='lat' dir='ltr'>concil.</span> 
     </span>
     <span class='ocr_line' id='line_1_29' title="bbox 294 3797 1500 3887; baseline 0 -24"><span class='ocrx_word' id='word_1_239' title='bbox 294 3798 386 3864; x_wconf 84' lang='lat' dir='ltr'>Trid.</span> <span class='ocrx_word' id='word_1_240' title='bbox 403 3797 488 3883; x_wconf 92' lang='lat' dir='ltr'>quod</span> <span class='ocrx_word' id='word_1_241' title='bbox 510 3798 598 3863; x_wconf 90' lang='lat' dir='ltr'>iubet</span> <span class='ocrx_word' id='word_1_242' title='bbox 613 3803 649 3863; x_wconf 92' lang='lat' dir='ltr'>ut</span> <span class='ocrx_word' id='word_1_243' title='bbox 664 3798 815 3883; x_wconf 88' lang='lat' dir='ltr'>Episcopi</span> <span class='ocrx_word' id='word_1_244' title='bbox 834 3819 852 3861; x_wconf 86' lang='lat'><strong>‹</strong></span> <span class='ocrx_word' id='word_1_245' title='bbox 869 3816 1099 3883; x_wconf 88' lang='lat' dir='ltr'>quoscumque</span> <span class='ocrx_word' id='word_1_246' title='bbox 1113 3798 1309 3863; x_wconf 80' lang='lat' dir='ltr'>saeculares</span> <span class='ocrx_word' id='word_1_247' title='bbox 1323 3798 1474 3879; x_wconf 62' lang='lat' dir='ltr'>cemma,</span> <span class='ocrx_word' id='word_1_248' title='bbox 1499 3882 1500 3887; x_wconf 5' lang='grc' dir='ltr'>ἵ</span> 
     </span>
     <span class='ocr_line' id='line_1_30' title="bbox 294 3920 1475 4011; baseline 0 -23"><span class='ocrx_word' id='word_1_249' title='bbox 294 3924 589 4008; x_wconf 81' lang='lat' dir='ltr'>qualitercumque</span> <span class='ocrx_word' id='word_1_250' title='bbox 611 3927 795 4004; x_wconf 70' lang='lat' dir='ltr'>exemptos,</span> <span class='ocrx_word' id='word_1_251' title='bbox 819 3922 880 4007; x_wconf 86' lang='lat' dir='ltr'>qui</span> <span class='ocrx_word' id='word_1_252' title='bbox 902 3922 990 3987; x_wconf 80' lang='lat' dir='ltr'>alias</span> <span class='ocrx_word' id='word_1_253' title='bbox 1011 3940 1095 4011; x_wconf 74' lang='lat' dir='ltr'>suae</span> <span class='ocrx_word' id='word_1_254' title='bbox 1116 3921 1344 3987; x_wconf 83' lang='lat' dir='ltr'>iurisdietioai</span> <span class='ocrx_word' id='word_1_255' title='bbox 1365 3920 1475 3988; x_wconf 77' lang='lat' dir='ltr'>urbes·</span> 
     </span>
     <span class='ocr_line' id='line_1_31' title="bbox 293 4044 1475 4129; baseline -0.003 -15"><span class='ocrx_word' id='word_1_256' title='bbox 293 4054 379 4121; x_wconf 83' lang='lat' dir='ltr'>sent,</span> <span class='ocrx_word' id='word_1_257' title='bbox 404 4048 446 4113; x_wconf 89' lang='lat' dir='ltr'>de</span> <span class='ocrx_word' id='word_1_258' title='bbox 468 4066 587 4113; x_wconf 80' lang='lat' dir='ltr'>eorum</span> <span class='ocrx_word' id='word_1_259' title='bbox 618 4046 826 4120; x_wconf 77' lang='lat' dir='ltr'>accessibus,</span> <span class='ocrx_word' id='word_1_260' title='bbox 852 4045 1052 4111; x_wconf 79' lang='lat' dir='ltr'>em&#39;mimtus</span> <span class='ocrx_word' id='word_1_261' title='bbox 1078 4049 1110 4111; x_wconf 90' lang='lat' dir='ltr'>et</span> <span class='ocrx_word' id='word_1_262' title='bbox 1132 4044 1261 4111; x_wconf 84' lang='lat' dir='ltr'>delictis</span> <span class='ocrx_word' id='word_1_263' title='bbox 1291 4046 1420 4129; x_wconf 87' lang='lat' dir='ltr'>quoties</span> <span class='ocrx_word' id='word_1_264' title='bbox 1443 4050 1475 4111; x_wconf 90' lang='lat' dir='ltr'>et</span> 
     </span>
     <span class='ocr_line' id='line_1_32' title="bbox 296 4168 1475 4258; baseline -0.003 -20"><span class='ocrx_word' id='word_1_265' title='bbox 296 4172 436 4258; x_wconf 82' lang='lat' dir='ltr'>quaudo</span> <span class='ocrx_word' id='word_1_266' title='bbox 459 4190 546 4254; x_wconf 89' lang='lat' dir='ltr'>opus</span> <span class='ocrx_word' id='word_1_267' title='bbox 567 4171 686 4253; x_wconf 73' lang='lat' dir='ltr'>fuemt,</span> <span class='ocrx_word' id='word_1_268' title='bbox 710 4171 813 4237; x_wconf 85' lang='lat' dir='ltr'>etiam</span> <span class='ocrx_word' id='word_1_269' title='bbox 836 4177 939 4236; x_wconf 72' lang='lat' dir='ltr'>curua</span> <span class='ocrx_word' id='word_1_270' title='bbox 960 4168 1201 4251; x_wconf 80' lang='lat' dir='ltr'>visitationem,</span> <span class='ocrx_word' id='word_1_271' title='bbox 1227 4174 1404 4253; x_wconf 83' lang='lat' dir='ltr'>tamquam</span> <span class='ocrx_word' id='word_1_272' title='bbox 1427 4168 1475 4235; x_wconf 88' lang='lat' dir='ltr'>ad</span> 
     </span>
     <span class='ocr_line' id='line_1_33' title="bbox 298 4293 1476 4381; baseline 0 -20"><span class='ocrx_word' id='word_1_273' title='bbox 298 4297 359 4363; x_wconf 77' lang='lat' dir='ltr'>doc</span> <span class='ocrx_word' id='word_1_274' title='bbox 381 4295 697 4380; x_wconf 81' lang='lat' dir='ltr'>apostolicaesedis</span> <span class='ocrx_word' id='word_1_275' title='bbox 719 4294 875 4381; x_wconf 71' lang='lat' dir='ltr'>detepuit,</span> <span class='ocrx_word' id='word_1_276' title='bbox 901 4294 1097 4381; x_wconf 80' lang='lat' dir='ltr'>corripeudi</span> <span class='ocrx_word' id='word_1_277' title='bbox 1118 4300 1151 4359; x_wconf 88' lang='lat' dir='ltr'>et</span> <span class='ocrx_word' id='word_1_278' title='bbox 1173 4293 1365 4380; x_wconf 72' lang='lat' dir='ltr'>castigandi</span> <span class='ocrx_word' id='word_1_279' title='bbox 1383 4300 1476 4377; x_wconf 84' lang='lat' dir='ltr'>pote·</span> 
     </span>
     <span class='ocr_line' id='line_1_34' title="bbox 292 4419 632 4486; baseline -0.006 -1"><span class='ocrx_word' id='word_1_280' title='bbox 292 4426 415 4486; x_wconf 84' lang='lat' dir='ltr'>statem</span> <span class='ocrx_word' id='word_1_281' title='bbox 439 4419 632 4486; x_wconf 80' lang='lat' dir='ltr'>habeant».</span> 
     </span>
    </p>
   </div>
   <div class='ocr_carea' id='block_1_3' title="bbox 0 0 1680 5100">
    <p class='ocr_par' dir='ltr' id='par_1_5' title="bbox 0 0 1680 5100">
     <span class='ocr_line' id='line_1_35' title="bbox 0 0 1680 5100; baseline 0 0"><span class='ocrx_word' id='word_1_282' title='bbox 0 0 1680 5100; x_wconf 95' lang='lat' dir='ltr'> </span> 
     </span>
    </p>
   </div>
  </div>
 </body>
</html>
