3350 5100
497 304 542 351 ua
568 306 706 353 marcus
730 306 973 353 eninrnnnmus
1256 286 1323 353 265

153 427 247 489 mario
270 426 576 511 praetermittuntur
593 428 721 510 aliquae
744 428 964 493 solemnitates
988 448 1044 491 seu
1069 427 1223 493 nonnulla
1247 436 1322 495 acta

150 550 280 625 iudica
295 550 353 617 sed
369 552 583 636 praetermitti
596 552 770 618 nullimode
782 557 915 637 possunt
927 558 1003 619 aeto
1017 570 1149 623 causae,
1163 571 1245 636 quae
1257 574 1324 639 spe·

150 680 234 740 cant
248 677 282 740 in
297 678 412 761 primis
428 676 469 741 ad
485 679 534 743 rei
553 684 787 743 controversae
809 678 1025 762 cognitionem
1044 683 1076 741 et
1091 676 1322 763 probationem.

149 800 194 865 (lt.
206 800 461 887 Pellegrini,op.
472 804 525 869 cit.
540 800 578 867 P.
594 804 642 869 ΙΙ.
656 802 741 870 Sect.
756 802 803 868 ΙΙ.
819 802 1212 869 Deraneismimmariis.
1225 804 1322 869 n.18.

150 930 205 991 Ast
225 927 304 994 iure
328 927 472 1011 positivo
496 929 587 994 istius
609 948 782 1015 processus
806 949 937 994 normes
960 928 1217 993 determinarunt
1244 930 1324 993 cele·

149 1048 219 1115 bres
231 1052 342 1117 Goust.
359 1052 581 1118 clementinae
598 1053 708 1137 Saepe
718 1054 868 1138 contigit.
881 1050 935 1117 De
948 1052 1037 1118 verb.
1051 1051 1164 1137 signifi
1178 1052 1232 1135 (V.
1253 1052 1323 1136 ll);

149 1180 179 1236 et
194 1208 211 1221 ·
228 1152 494 1258 Dispendiosam
511 1210 530 1225 ·
546 1176 597 1243 De
616 1176 689 1241 iud.
706 1176 763 1261 (ll.
781 1176 815 1259 2)
830 1174 909 1240 inibi
934 1194 1012 1239 vero
1029 1178 1115 1240 inter
1130 1194 1244 1240 causas
1259 1176 1324 1240 ritu

150 1301 324 1363 summario
338 1297 557 1384 expediendas
572 1318 637 1364 non
654 1305 871 1365 recensentur
889 1318 1006 1365 causae
1022 1299 1215 1364 criminales.
1233 1336 1245 1347 -
1263 1298 1324 1365 Sed

151 1422 217 1493 iam.
238 1443 315 1509 arg.
339 1445 368 1491 c.
392 1446 420 1490 c.
448 1424 498 1489 24
520 1430 552 1491 et
573 1425 625 1489 26
647 1425 697 1490 De
719 1444 832 1491 aceras.
859 1425 893 1489 X
916 1422 970 1508 (V.
999 1424 1029 1509 l)
1054 1430 1086 1489 et
1110 1424 1141 1505 8,
1165 1424 1214 1489 De
1236 1430 1325 1489 stata

149 1550 298 1614 monach.
326 1549 361 1613 X
382 1546 454 1633 (tlt.
479 1548 537 1634 35)
560 1550 594 1613 in
617 1551 724 1615 causis
746 1548 971 1615 criminalibus
994 1549 1191 1635 regularium
1215 1568 1324 1633 perso-

151 1686 262 1734 narum
279 1690 469 1737 concessum
485 1670 603 1751 fuerat,
617 1677 653 1735 ut
669 1671 904 1757 aliquantisper
919 1670 1131 1737 recederetur
1146 1690 1165 1734 a
1181 1670 1327 1735 solemni-

152 1802 215 1861 tate
242 1796 445 1861 iudiciorum.
469 1830 488 1845 ·
514 1797 694 1863 Praeterea
719 1816 779 1882 per
811 1796 991 1881 singularia
1013 1797 1182 1879 rescripta⁴
1207 1794 1326 1879 absque

150 1920 255 2003 dubio,
269 1916 455 1997 Pontifices,
478 1924 576 1987 etiam
599 1927 675 1987 aute
699 1922 930 2002 clementinas,
955 1928 1198 2001 concesserant,
1222 1920 1326 1984 forma

153 2046 342 2111 mmmaria
374 2045 520 2131 expediri
555 2065 669 2111 causas
704 2046 879 2111 nonnullas
913 2044 1109 2111 criminales.
1139 2044 1325 2129 Pellegrini‚

155 2170 212 2235 loc.
235 2170 290 2236 cit.
307 2170 392 2237 Sect.
409 2170 456 2235 ll.
473 2190 508 2235 n.
532 2170 590 2250 65,
607 2170 701 2235 docet
725 2169 880 2235 iudicium
903 2169 1155 2253 inquisitoribus
1179 2170 1212 2233 in
1236 2171 1329 2235 curia

155 2314 284 2360 romana
314 2301 348 2360 et
378 2296 495 2381 passim
527 2297 559 2359 in
589 2296 662 2359 aliis
693 2295 810 2375 curiis,
837 2313 908 2359 esee
938 2294 1177 2359 summarium.
1207 2294 1327 2359 Deinde

150 2422 266 2485 sensim
282 2420 420 2487 invaluit
442 2440 511 2485 mos
534 2418 706 2485 definiendi
728 2438 847 2485 causas
863 2420 1048 2485 criminales
1064 2421 1238 2485 summario
1253 2440 1326 2504 pro·

154 2564 258 2620 cessu;
284 2552 317 2611 et
346 2545 437 2611 hanc
461 2565 585 2610 morem
615 2565 771 2630 expresse
800 2542 949 2629 probavit
976 2542 1007 2610 S.
1037 2542 1070 2611 C.
1101 2544 1167 2610 ΕΕ.
1196 2550 1229 2611 et
1257 2544 1326 2610 ΗΡ».

153 2666 282 2733 decreto
304 2668 368 2734 diei
396 2669 410 2733 l
438 2669 522 2754 Aug.
549 2668 643 2740 1851,
669 2667 726 2732 sed
750 2688 809 2752 pro
839 2669 991 2732 universo
1017 2665 1095 2732 orbe
1119 2669 1153 2732 in
1176 2669 1229 2732 cit.
1256 2670 1325 2734 Inst

153 2809 179 2854 a.
195 2793 297 2866 laam
310 2811 385 2856 nam
399 2792 539 2858 edicitur
555 2793 588 2857 iu
606 2793 779 2856 Prooemio
798 2789 867 2856 «S.
881 2789 950 2856 ΕΕ.
964 2797 995 2856 et
1010 2789 1083 2855 ΒΗ.
1103 2790 1328 2877 Congregatio

154 2919 282 2981 matare
289 2915 468 2998 praesenti
483 2917 658 2982 Ecclesiae
672 2913 717 3001 tl)
733 2914 927 2981 conditione
937 2932 1120 2997 perpensa,
1138 2933 1226 2998 quae
1236 2931 1327 2996 pene

152 3039 270 3125 abique
283 3041 479 3124 impeditur,
492 3042 677 3126 quominus
688 3047 868 3107 externam
884 3060 983 3106 suam
996 3042 1163 3107 actionem
1179 3042 1324 3124 explicet

152 3179 251 3244 saper
262 3165 637 3249 materiasetperaonar
648 3167 761 3232 eccles.
774 3172 806 3232 et
818 3167 1031 3232 abundarem
1044 3185 1179 3252 qaoque
1190 3164 1323 3248 defectu

156 3289 342 3356 mediorum
359 3295 521 3373 aptorum
532 3311 599 3374 pro
622 3291 778 3377 reputari
803 3291 982 3356 curiarum
1006 3291 1229 3364 ordinatione,
1247 3310 1328 3358 con·

159 3413 258 3479 stituit
284 3414 478 3481 Ordines-iia
500 3417 653 3483 toeoram
669 3435 830 3500 caprerre
847 3417 1082 3483 concederem
1100 3416 1233 3500 formas
1254 3436 1329 3482 ma·

157 3537 208 3619 qis
228 3539 463 3606 oeconomicon
486 3539 648 3606 adbibere
670 3541 807 3606 valeant
833 3541 871 3605 in
896 3541 1056 3606 exercitio
1080 3560 1164 3608 snae
1185 3541 1331 3624 discipli·

160 3661 251 3726 nair
274 3661 520 3730 iurisdictionis
541 3682 646 3746 snper
669 3663 800 3730 cterim‘e
816 3684 847 3728 ›.

239 3785 312 3850 196.
329 3789 374 3850 At
390 3786 464 3852 inde
482 3791 581 3873 patet,
593 3787 749 3852 eiusmodi
766 3789 1017 3854 Instructionem
1034 3806 1106 3853 esse
1121 3788 1329 3870 dimetimur,

156 3908 279 3973 minime
299 3929 381 3975 vere
408 3912 674 3995 praeceptivam,
702 3913 854 3977 nimirum
885 3913 1047 3996 integrum
1075 3931 1145 3976 esse
1175 3911 1331 3978 iudicibus

156 4029 320 4099 ordinariis
353 4036 418 4100 hoc
449 4055 602 4120 processu
633 4037 689 4109 uti,
722 4036 781 4102 sed
812 4037 889 4122 ipsis
919 4041 1128 4121 praeceptum
1153 4055 1217 4101 uon
1242 4035 1330 4114 fleri;

236 4209 275 4276 (l)
296 4209 373 4265 Haec
399 4212 486 4265 uerba
512 4211 580 4265 satis
605 4212 780 4281 significant,
805 4212 876 4265 hauc
902 4211 1117 4266 Instructionem
1147 4218 1273 4282 spectare
1298 4215 1332 4266 ad

154 4329 244 4369 ‹imnes
261 4317 340 4371 Orbis
359 4319 499 4387 regiones,
518 4319 541 4372 si
561 4319 627 4372 illas
645 4319 742 4372 demas
763 4319 904 4372 subiectas
923 4319 949 4374 S.
963 4319 1181 4388 congregationi
1196 4319 1235 4375 De
1248 4321 1330 4390 Prop.

158 4415 228 4485 Fide,
244 4422 344 4491 quibus
362 4422 479 4493 speciali
497 4424 610 4478 decreto
628 4424 788 4478 consultum
807 4425 869 4478 tuit.
