<?xml version="1.0" encoding="UTF-8"?>
<!DOCTYPE html PUBLIC "-//W3C//DTD XHTML 1.0 Transitional//EN"
    "http://www.w3.org/TR/xhtml1/DTD/xhtml1-transitional.dtd">
<html xmlns="http://www.w3.org/1999/xhtml" xml:lang="en" lang="en">
 <head>
  <title>
</title>
<meta http-equiv="Content-Type" content="text/html;charset=utf-8" />
  <meta name='ocr-system' content='tesseract 3.04.00' />
  <meta name='ocr-capabilities' content='ocr_page ocr_carea ocr_par ocr_line ocrx_word'/>
</head>
<body>
  <div class='ocr_page' id='page_1' title='image "./praelectionesin00legagoog_0093.png"; bbox 0 0 3350 5100; ppageno 0'>
   <div class='ocr_carea' id='block_1_1' title="bbox 564 273 998 323">
    <p class='ocr_par' dir='ltr' id='par_1_1' title="bbox 564 273 998 323">
     <span class='ocr_line' id='line_1_1' title="bbox 564 273 998 323; baseline 0.002 -1"><span class='ocrx_word' id='word_1_1' title='bbox 564 273 610 322; x_wconf 73' lang='lat' dir='ltr'>DE</span> <span class='ocrx_word' id='word_1_2' title='bbox 633 273 787 323; x_wconf 79' lang='lat' dir='ltr'>nnntcrts</span> <span class='ocrx_word' id='word_1_3' title='bbox 810 274 853 322; x_wconf 78' lang='grc' dir='ltr'>ΕΤ</span> <span class='ocrx_word' id='word_1_4' title='bbox 876 274 998 323; x_wconf 74' lang='lat' dir='ltr'>Pontus</span> 
     </span>
    </p>
   </div>
   <div class='ocr_carea' id='block_1_2' title="bbox 294 574 1349 788">
    <p class='ocr_par' dir='ltr' id='par_1_2' title="bbox 294 574 1349 788">
     <span class='ocr_line' id='line_1_2' title="bbox 317 574 1349 680; baseline 0.004 -38"><span class='ocrx_word' id='word_1_5' title='bbox 317 577 339 658; x_wconf 64' lang='grc' dir='ltr'><strong>ἓ</strong></span> <span class='ocrx_word' id='word_1_6' title='bbox 361 577 394 642; x_wconf 82' lang='lat'>4.</span> <span class='ocrx_word' id='word_1_7' title='bbox 416 574 471 642; x_wconf 87' lang='lat' dir='ltr'>De</span> <span class='ocrx_word' id='word_1_8' title='bbox 493 575 692 644; x_wconf 72' lang='lat' dir='ltr'>niminibus</span> <span class='ocrx_word' id='word_1_9' title='bbox 713 597 802 663; x_wconf 79' lang='lat' dir='ltr'>quoe</span> <span class='ocrx_word' id='word_1_10' title='bbox 820 579 1045 662; x_wconf 68' lang='lat' dir='ltr'>pessumdata</span> <span class='ocrx_word' id='word_1_11' title='bbox 1067 577 1241 646; x_wconf 72' lang='lat' dir='ltr'>charitatis</span> <span class='ocrx_word' id='word_1_12' title='bbox 1345 671 1349 680; x_wconf 17' lang='grc' dir='ltr'><strong><em>ῃ</em></strong></span> 
     </span>
     <span class='ocr_line' id='line_1_3' title="bbox 294 701 1266 788; baseline 0.001 -23"><span class='ocrx_word' id='word_1_13' title='bbox 294 705 356 766; x_wconf 79' lang='lat' dir='ltr'>aut</span> <span class='ocrx_word' id='word_1_14' title='bbox 384 701 535 768; x_wconf 68' lang='lat' dir='ltr'>inanitae</span> <span class='ocrx_word' id='word_1_15' title='bbox 565 702 655 788; x_wconf 79' lang='lat' dir='ltr'>lepe,</span> <span class='ocrx_word' id='word_1_16' title='bbox 686 701 868 768; x_wconf 76' lang='lat' dir='ltr'><strong><em>animabus</em></strong></span> <span class='ocrx_word' id='word_1_17' title='bbox 897 701 1109 768; x_wconf 80' lang='lat' dir='ltr'>uehementer</span> <span class='ocrx_word' id='word_1_18' title='bbox 1136 707 1266 770; x_wconf 82' lang='lat' dir='ltr'>nocent.</span> 
     </span>
    </p>
   </div>
   <div class='ocr_carea' id='block_1_3' title="bbox 185 925 1402 1212">
    <p class='ocr_par' dir='ltr' id='par_1_3' title="bbox 185 925 1402 1212">
     <span class='ocr_line' id='line_1_4' title="bbox 185 925 1365 1001; baseline 0.002 -20"><span class='ocrx_word' id='word_1_19' title='bbox 185 925 408 986; x_wconf 72' lang='lat' dir='ltr'>Samnium.</span> <span class='ocrx_word' id='word_1_20' title='bbox 426 959 461 972; x_wconf 91' lang='lat'>-</span> <span class='ocrx_word' id='word_1_21' title='bbox 478 929 522 986; x_wconf 85' lang='grc'>63.</span> <span class='ocrx_word' id='word_1_22' title='bbox 541 929 594 992; x_wconf 87' lang='lat' dir='ltr'>Qui</span> <span class='ocrx_word' id='word_1_23' title='bbox 608 936 713 1001; x_wconf 71' lang='lat' dir='ltr'>coguut</span> <span class='ocrx_word' id='word_1_24' title='bbox 725 929 870 986; x_wconf 89' lang='lat' dir='ltr'>mulierem</span> <span class='ocrx_word' id='word_1_25' title='bbox 890 931 924 984; x_wconf 84' lang='lat' dir='ltr'>sd</span> <span class='ocrx_word' id='word_1_26' title='bbox 942 931 1142 985; x_wconf 82' lang='lat' dir='ltr'>monesterium</span> <span class='ocrx_word' id='word_1_27' title='bbox 1155 929 1365 1000; x_wconf 82' lang='lat' dir='ltr'>ingrediendum</span> 
     </span>
     <span class='ocr_line' id='line_1_5' title="bbox 278 1035 1366 1107; baseline -0.004 -15"><span class='ocrx_word' id='word_1_28' title='bbox 278 1053 430 1107; x_wconf 87' lang='lat' dir='ltr'>eorumque</span> <span class='ocrx_word' id='word_1_29' title='bbox 447 1035 597 1107; x_wconf 86' lang='lat' dir='ltr'>complices</span> <span class='ocrx_word' id='word_1_30' title='bbox 615 1038 902 1093; x_wconf 82' lang='lat' dir='ltr'>excommunicatione</span> <span class='ocrx_word' id='word_1_31' title='bbox 921 1053 976 1092; x_wconf 89' lang='lat' dir='ltr'>non</span> <span class='ocrx_word' id='word_1_32' title='bbox 995 1053 1098 1092; x_wconf 73' lang='lat' dir='ltr'>resero.</span> <span class='ocrx_word' id='word_1_33' title='bbox 1118 1035 1317 1106; x_wconf 86' lang='lat' dir='ltr'>percelluntur.</span> <span class='ocrx_word' id='word_1_34' title='bbox 1329 1063 1366 1078; x_wconf 86' lang='lat'>-·</span> 
     </span>
     <span class='ocr_line' id='line_1_6' title="bbox 277 1141 1402 1212; baseline 0 -16"><span class='ocrx_word' id='word_1_35' title='bbox 277 1143 322 1196; x_wconf 82' lang='lat'>64.</span> <span class='ocrx_word' id='word_1_36' title='bbox 337 1143 477 1197; x_wconf 82' lang='lat' dir='ltr'>Excomru.</span> <span class='ocrx_word' id='word_1_37' title='bbox 490 1143 559 1197; x_wconf 87' lang='lat' dir='ltr'>item</span> <span class='ocrx_word' id='word_1_38' title='bbox 571 1157 627 1197; x_wconf 92' lang='lat' dir='ltr'>non</span> <span class='ocrx_word' id='word_1_39' title='bbox 640 1153 782 1198; x_wconf 80' lang='lat' dir='ltr'>reservata</span> <span class='ocrx_word' id='word_1_40' title='bbox 795 1143 957 1212; x_wconf 86' lang='lat' dir='ltr'>plectuntur</span> <span class='ocrx_word' id='word_1_41' title='bbox 966 1147 1092 1212; x_wconf 74' lang='lat' dir='ltr'><strong>raptores</strong></span> <span class='ocrx_word' id='word_1_42' title='bbox 1104 1143 1257 1196; x_wconf 81' lang='lat' dir='ltr'>mulierum</span> <span class='ocrx_word' id='word_1_43' title='bbox 1269 1141 1366 1196; x_wconf 84' lang='lat' dir='ltr'>rnntri·</span> <span class='ocrx_word' id='word_1_44' title='bbox 1399 1156 1402 1162; x_wconf 84' lang='lat'>·</span> 
     </span>
    </p>
   </div>
   <div class='ocr_carea' id='block_1_4' title="bbox 276 1246 1366 1548">
    <p class='ocr_par' dir='ltr' id='par_1_4' title="bbox 276 1246 1366 1548">
     <span class='ocr_line' id='line_1_7' title="bbox 277 1246 1364 1320; baseline -0.003 -17"><span class='ocrx_word' id='word_1_45' title='bbox 277 1250 364 1304; x_wconf 86' lang='lat' dir='ltr'>monii</span> <span class='ocrx_word' id='word_1_46' title='bbox 375 1248 489 1304; x_wconf 88' lang='lat' dir='ltr'>ineundi</span> <span class='ocrx_word' id='word_1_47' title='bbox 508 1265 592 1304; x_wconf 82' lang='lat' dir='ltr'>causa</span> <span class='ocrx_word' id='word_1_48' title='bbox 604 1263 755 1320; x_wconf 87' lang='lat' dir='ltr'>eorumque</span> <span class='ocrx_word' id='word_1_49' title='bbox 768 1249 927 1318; x_wconf 72' lang='lat' dir='ltr'>complices,</span> <span class='ocrx_word' id='word_1_50' title='bbox 940 1253 969 1304; x_wconf 86' lang='lat' dir='ltr'>et</span> <span class='ocrx_word' id='word_1_51' title='bbox 981 1247 1086 1302; x_wconf 89' lang='lat' dir='ltr'>domini</span> <span class='ocrx_word' id='word_1_52' title='bbox 1099 1247 1266 1318; x_wconf 77' lang='lat' dir='ltr'><strong>temporales</strong></span> <span class='ocrx_word' id='word_1_53' title='bbox 1278 1246 1364 1302; x_wconf 88' lang='lat' dir='ltr'>liber-</span> 
     </span>
     <span class='ocr_line' id='line_1_8' title="bbox 278 1353 1365 1426; baseline -0.002 -16"><span class='ocrx_word' id='word_1_54' title='bbox 278 1361 367 1412; x_wconf 85' lang='lat' dir='ltr'>tatem</span> <span class='ocrx_word' id='word_1_55' title='bbox 378 1360 460 1410; x_wconf 88' lang='lat' dir='ltr'>matr.</span> <span class='ocrx_word' id='word_1_56' title='bbox 473 1355 620 1412; x_wconf 76' lang='lat' dir='ltr'><strong>violantes.</strong></span> <span class='ocrx_word' id='word_1_57' title='bbox 633 1385 668 1398; x_wconf 92' lang='lat'>-</span> <span class='ocrx_word' id='word_1_58' title='bbox 681 1357 726 1411; x_wconf 88' lang='lat'>65.</span> <span class='ocrx_word' id='word_1_59' title='bbox 740 1356 780 1412; x_wconf 91' lang='lat' dir='ltr'>De</span> <span class='ocrx_word' id='word_1_60' title='bbox 791 1355 921 1411; x_wconf 85' lang='lat' dir='ltr'>fidelibus</span> <span class='ocrx_word' id='word_1_61' title='bbox 934 1355 980 1426; x_wconf 93' lang='lat' dir='ltr'>qui</span> <span class='ocrx_word' id='word_1_62' title='bbox 993 1355 1115 1410; x_wconf 82' lang='lat' dir='ltr'>decimes</span> <span class='ocrx_word' id='word_1_63' title='bbox 1130 1370 1185 1409; x_wconf 90' lang='lat' dir='ltr'>non</span> <span class='ocrx_word' id='word_1_64' title='bbox 1198 1353 1320 1409; x_wconf 85' lang='lat' dir='ltr'>solvunt.</span> <span class='ocrx_word' id='word_1_65' title='bbox 1329 1383 1365 1396; x_wconf 93' lang='lat'>-</span> 
     </span>
     <span class='ocr_line' id='line_1_9' title="bbox 276 1453 1366 1548; baseline -0.003 -31"><span class='ocrx_word' id='word_1_66' title='bbox 276 1463 319 1517; x_wconf 82' lang='lat'>66.</span> <span class='ocrx_word' id='word_1_67' title='bbox 339 1453 483 1517; x_wconf 74' lang='lat' dir='ltr'>&#39;Patronus</span> <span class='ocrx_word' id='word_1_68' title='bbox 506 1463 555 1534; x_wconf 93' lang='lat' dir='ltr'>qui</span> <span class='ocrx_word' id='word_1_69' title='bbox 579 1465 703 1548; x_wconf 84' lang='lat' dir='ltr'>scienter</span> <span class='ocrx_word' id='word_1_70' title='bbox 726 1467 888 1532; x_wconf 82' lang='lat' dir='ltr'>praesentet</span> <span class='ocrx_word' id='word_1_71' title='bbox 912 1462 1057 1532; x_wconf 79' lang='lat' dir='ltr'>indignum</span> <span class='ocrx_word' id='word_1_72' title='bbox 1081 1461 1114 1515; x_wconf 85' lang='lat' dir='ltr'>sd</span> <span class='ocrx_word' id='word_1_73' title='bbox 1137 1462 1310 1516; x_wconf 86' lang='lat' dir='ltr'>beneficium.</span> <span class='ocrx_word' id='word_1_74' title='bbox 1329 1489 1366 1502; x_wconf 93' lang='lat'><em>-</em></span> 
     </span>
    </p>
   </div>
   <div class='ocr_carea' id='block_1_5' title="bbox 274 1568 1365 1855">
    <p class='ocr_par' dir='ltr' id='par_1_5' title="bbox 274 1568 1365 1855">
     <span class='ocr_line' id='line_1_10' title="bbox 276 1568 1363 1640; baseline -0.003 -17"><span class='ocrx_word' id='word_1_75' title='bbox 276 1571 318 1623; x_wconf 77' lang='lat'>67.</span> <span class='ocrx_word' id='word_1_76' title='bbox 338 1569 378 1625; x_wconf 90' lang='lat' dir='ltr'>De</span> <span class='ocrx_word' id='word_1_77' title='bbox 396 1568 550 1625; x_wconf 87' lang='lat' dir='ltr'>collusione</span> <span class='ocrx_word' id='word_1_78' title='bbox 563 1569 726 1640; x_wconf 78' lang='lat' dir='ltr'>detegenda.</span> <span class='ocrx_word' id='word_1_79' title='bbox 739 1597 775 1612; x_wconf 90' lang='lat'><em>-</em></span> <span class='ocrx_word' id='word_1_80' title='bbox 786 1569 831 1624; x_wconf 89' lang='grc'>68.</span> <span class='ocrx_word' id='word_1_81' title='bbox 852 1569 891 1624; x_wconf 89' lang='lat' dir='ltr'>De</span> <span class='ocrx_word' id='word_1_82' title='bbox 903 1571 1067 1639; x_wconf 89' lang='lat' dir='ltr'>obreptione</span> <span class='ocrx_word' id='word_1_83' title='bbox 1080 1569 1125 1625; x_wconf 86' lang='lat' dir='ltr'>vel</span> <span class='ocrx_word' id='word_1_84' title='bbox 1138 1569 1316 1637; x_wconf 81' lang='lat' dir='ltr'>subreptione</span> <span class='ocrx_word' id='word_1_85' title='bbox 1335 1568 1363 1620; x_wconf 91' lang='lat' dir='ltr'>in</span> 
     </span>
     <span class='ocr_line' id='line_1_11' title="bbox 275 1675 1365 1748; baseline -0.004 -16"><span class='ocrx_word' id='word_1_86' title='bbox 275 1678 419 1748; x_wconf 78' lang='lat' dir='ltr'>rescriptis</span> <span class='ocrx_word' id='word_1_87' title='bbox 436 1677 483 1733; x_wconf 85' lang='grc' dir='ltr'>νο]</span> <span class='ocrx_word' id='word_1_88' title='bbox 501 1679 657 1733; x_wconf 78' lang='lat' dir='ltr'>Pontificiis</span> <span class='ocrx_word' id='word_1_89' title='bbox 676 1677 721 1732; x_wconf 82' lang='lat' dir='ltr'>rel</span> <span class='ocrx_word' id='word_1_90' title='bbox 740 1677 959 1748; x_wconf 86' lang='lat' dir='ltr'>Episcopnlibus.</span> <span class='ocrx_word' id='word_1_91' title='bbox 978 1705 1014 1719; x_wconf 90' lang='lat'><em>-</em></span> <span class='ocrx_word' id='word_1_92' title='bbox 1026 1676 1069 1730; x_wconf 85' lang='grc'>69.</span> <span class='ocrx_word' id='word_1_93' title='bbox 1089 1677 1184 1744; x_wconf 85' lang='lat' dir='ltr'>Fures,</span> <span class='ocrx_word' id='word_1_94' title='bbox 1204 1675 1322 1730; x_wconf 75' lang='lat' dir='ltr'>usurarii</span> <span class='ocrx_word' id='word_1_95' title='bbox 1335 1680 1365 1730; x_wconf 86' lang='lat' dir='ltr'>et</span> 
     </span>
     <span class='ocr_line' id='line_1_12' title="bbox 274 1785 570 1855; baseline 0 -17"><span class='ocrx_word' id='word_1_96' title='bbox 274 1785 393 1840; x_wconf 83' lang='lat' dir='ltr'>infames</span> <span class='ocrx_word' id='word_1_97' title='bbox 411 1785 440 1838; x_wconf 92' lang='lat' dir='ltr'>iu</span> <span class='ocrx_word' id='word_1_98' title='bbox 458 1801 570 1855; x_wconf 73' lang='lat' dir='ltr'>genere.</span> 
     </span>
    </p>
   </div>
   <div class='ocr_carea' id='block_1_6' title="bbox 173 2015 1363 4475">
    <p class='ocr_par' dir='ltr' id='par_1_6' title="bbox 174 2015 1363 4082">
     <span class='ocr_line' id='line_1_13' title="bbox 278 2015 1361 2104; baseline -0.003 -20"><span class='ocrx_word' id='word_1_99' title='bbox 278 2019 330 2084; x_wconf 88' lang='lat'>63.</span> <span class='ocrx_word' id='word_1_100' title='bbox 356 2019 534 2086; x_wconf 80' lang='lat' dir='ltr'>Concilium</span> <span class='ocrx_word' id='word_1_101' title='bbox 557 2019 645 2084; x_wconf 88' lang='lat' dir='ltr'>Trid.</span> <span class='ocrx_word' id='word_1_102' title='bbox 669 2039 738 2086; x_wconf 83' lang='lat' dir='ltr'>sees</span> <span class='ocrx_word' id='word_1_103' title='bbox 761 2020 820 2101; x_wconf 77' lang='lat'>25,</span> <span class='ocrx_word' id='word_1_104' title='bbox 845 2039 919 2103; x_wconf 84' lang='lat' dir='ltr'>unp.</span> <span class='ocrx_word' id='word_1_105' title='bbox 943 2019 986 2084; x_wconf 88' lang='grc'>18</span> <span class='ocrx_word' id='word_1_106' title='bbox 1009 2017 1058 2084; x_wconf 89' lang='lat' dir='ltr'>De</span> <span class='ocrx_word' id='word_1_107' title='bbox 1080 2037 1151 2104; x_wconf 79' lang='lat' dir='ltr'>rep.</span> <span class='ocrx_word' id='word_1_108' title='bbox 1180 2022 1210 2084; x_wconf 86' lang='lat' dir='ltr'>et</span> <span class='ocrx_word' id='word_1_109' title='bbox 1232 2015 1361 2084; x_wconf 83' lang='lat' dir='ltr'>monia·</span> 
     </span>
     <span class='ocr_line' id='line_1_14' title="bbox 181 2141 1363 2230; baseline -0.002 -22"><span class='ocrx_word' id='word_1_110' title='bbox 181 2142 276 2209; x_wconf 79' lang='lat' dir='ltr'>libne</span> <span class='ocrx_word' id='word_1_111' title='bbox 297 2144 380 2209; x_wconf 85' lang='lat' dir='ltr'>haec</span> <span class='ocrx_word' id='word_1_112' title='bbox 403 2144 564 2212; x_wconf 89' lang='lat' dir='ltr'>decernit:</span> <span class='ocrx_word' id='word_1_113' title='bbox 589 2164 607 2208; x_wconf 74' lang='lat' dir='ltr'>c</span> <span class='ocrx_word' id='word_1_114' title='bbox 624 2145 828 2210; x_wconf 73' lang='lat' dir='ltr'>anathemati</span> <span class='ocrx_word' id='word_1_115' title='bbox 846 2149 958 2210; x_wconf 87' lang='lat' dir='ltr'>saneta</span> <span class='ocrx_word' id='word_1_116' title='bbox 974 2143 1115 2230; x_wconf 81' lang='lat' dir='ltr'>synodus</span> <span class='ocrx_word' id='word_1_117' title='bbox 1131 2141 1237 2208; x_wconf 81' lang='lat' dir='ltr'>subdit</span> <span class='ocrx_word' id='word_1_118' title='bbox 1252 2161 1363 2207; x_wconf 88' lang='lat' dir='ltr'>ornnes</span> 
     </span>
     <span class='ocr_line' id='line_1_15' title="bbox 178 2267 1362 2355; baseline -0.001 -22"><span class='ocrx_word' id='word_1_119' title='bbox 178 2273 218 2333; x_wconf 88' lang='lat' dir='ltr'>et</span> <span class='ocrx_word' id='word_1_120' title='bbox 239 2269 385 2354; x_wconf 77' lang='lat' dir='ltr'>singulas</span> <span class='ocrx_word' id='word_1_121' title='bbox 408 2288 565 2355; x_wconf 85' lang='lat' dir='ltr'>personne</span> <span class='ocrx_word' id='word_1_122' title='bbox 588 2272 818 2355; x_wconf 82' lang='lat' dir='ltr'>cuiuscumque</span> <span class='ocrx_word' id='word_1_123' title='bbox 834 2270 995 2354; x_wconf 82' lang='lat' dir='ltr'>qualitatis</span> <span class='ocrx_word' id='word_1_124' title='bbox 1010 2269 1063 2333; x_wconf 89' lang='lat' dir='ltr'>rel</span> <span class='ocrx_word' id='word_1_125' title='bbox 1079 2267 1269 2334; x_wconf 88' lang='lat' dir='ltr'>conditionis</span> <span class='ocrx_word' id='word_1_126' title='bbox 1292 2267 1362 2332; x_wconf 84' lang='lat' dir='ltr'>fue-</span> 
     </span>
     <span class='ocr_line' id='line_1_16' title="bbox 182 2391 1363 2480; baseline 0 -24"><span class='ocrx_word' id='word_1_127' title='bbox 182 2395 263 2466; x_wconf 90' lang='lat' dir='ltr'>rint,</span> <span class='ocrx_word' id='word_1_128' title='bbox 286 2400 353 2459; x_wconf 82' lang='lat' dir='ltr'>tam</span> <span class='ocrx_word' id='word_1_129' title='bbox 378 2395 518 2460; x_wconf 89' lang='lat' dir='ltr'>clericos</span> <span class='ocrx_word' id='word_1_130' title='bbox 540 2415 637 2480; x_wconf 91' lang='lat' dir='ltr'>quam</span> <span class='ocrx_word' id='word_1_131' title='bbox 659 2395 768 2476; x_wconf 85' lang='lat' dir='ltr'>laicos,</span> <span class='ocrx_word' id='word_1_132' title='bbox 793 2395 978 2460; x_wconf 79' lang='lat' dir='ltr'>saeculares</span> <span class='ocrx_word' id='word_1_133' title='bbox 999 2391 1053 2458; x_wconf 89' lang='lat' dir='ltr'>vel</span> <span class='ocrx_word' id='word_1_134' title='bbox 1076 2393 1244 2478; x_wconf 76' lang='lat' dir='ltr'>regulares</span> <span class='ocrx_word' id='word_1_135' title='bbox 1267 2397 1363 2475; x_wconf 89' lang='lat' dir='ltr'>atque</span> 
     </span>
     <span class='ocr_line' id='line_1_17' title="bbox 185 2517 1363 2607; baseline -0.001 -26"><span class='ocrx_word' id='word_1_136' title='bbox 185 2519 286 2584; x_wconf 76' lang='lat' dir='ltr'>etiaim</span> <span class='ocrx_word' id='word_1_137' title='bbox 309 2519 453 2603; x_wconf 87' lang='lat' dir='ltr'>qualibet</span> <span class='ocrx_word' id='word_1_138' title='bbox 474 2519 630 2604; x_wconf 79' lang='lat' dir='ltr'>dignitate</span> <span class='ocrx_word' id='word_1_139' title='bbox 645 2521 828 2607; x_wconf 85' lang='lat' dir='ltr'>iungentes,</span> <span class='ocrx_word' id='word_1_140' title='bbox 845 2521 870 2586; x_wconf 92' lang='lat' dir='ltr'>si</span> <span class='ocrx_word' id='word_1_141' title='bbox 887 2519 1180 2605; x_wconf 88' lang='lat' dir='ltr'>quomodocumque</span> <span class='ocrx_word' id='word_1_142' title='bbox 1196 2517 1363 2602; x_wconf 74' lang='lat' dir='ltr'>coegerint</span> 
     </span>
     <span class='ocr_line' id='line_1_18' title="bbox 180 2632 1360 2731; baseline -0.003 -22"><span class='ocrx_word' id='word_1_143' title='bbox 180 2644 325 2729; x_wconf 82' lang='lat' dir='ltr'>aliquam</span> <span class='ocrx_word' id='word_1_144' title='bbox 347 2646 509 2731; x_wconf 75' lang='lat' dir='ltr'>virginem</span> <span class='ocrx_word' id='word_1_145' title='bbox 531 2645 584 2711; x_wconf 98' lang='grc' dir='ltr'>νο]</span> <span class='ocrx_word' id='word_1_146' title='bbox 607 2644 736 2711; x_wconf 76' lang='lat' dir='ltr'>viduam</span> <span class='ocrx_word' id='word_1_147' title='bbox 759 2646 925 2711; x_wconf 83' lang='lat' dir='ltr'>autetiam</span> <span class='ocrx_word' id='word_1_148' title='bbox 942 2662 1174 2727; x_wconf 90' lang='lat' dir='ltr'>quamcumque</span> <span class='ocrx_word' id='word_1_149' title='bbox 1194 2632 1360 2707; x_wconf 83' lang='lat' dir='ltr'>mulierem</span> 
     </span>
     <span class='ocr_line' id='line_1_19' title="bbox 178 2765 1360 2855; baseline -0.001 -23"><span class='ocrx_word' id='word_1_150' title='bbox 178 2769 316 2833; x_wconf 86' lang='lat' dir='ltr'>inritam</span> <span class='ocrx_word' id='word_1_151' title='bbox 340 2768 579 2855; x_wconf 87' lang='lat' dir='ltr'>(praeterquam</span> <span class='ocrx_word' id='word_1_152' title='bbox 612 2772 646 2836; x_wconf 92' lang='lat' dir='ltr'>in</span> <span class='ocrx_word' id='word_1_153' title='bbox 670 2769 796 2836; x_wconf 84' lang='lat' dir='ltr'>casibus</span> <span class='ocrx_word' id='word_1_154' title='bbox 820 2771 853 2834; x_wconf 92' lang='lat' dir='ltr'>in</span> <span class='ocrx_word' id='word_1_155' title='bbox 876 2770 948 2834; x_wconf 88' lang='lat' dir='ltr'>iure</span> <span class='ocrx_word' id='word_1_156' title='bbox 979 2765 1154 2854; x_wconf 82' lang='lat' dir='ltr'>expressis)</span> <span class='ocrx_word' id='word_1_157' title='bbox 1186 2765 1226 2831; x_wconf 86' lang='lat' dir='ltr'>ad</span> <span class='ocrx_word' id='word_1_158' title='bbox 1252 2768 1360 2851; x_wconf 79' lang='lat' dir='ltr'>ingre·</span> 
     </span>
     <span class='ocr_line' id='line_1_20' title="bbox 177 2892 1361 2980; baseline -0.001 -24"><span class='ocrx_word' id='word_1_159' title='bbox 177 2892 331 2959; x_wconf 90' lang='lat' dir='ltr'>diendum</span> <span class='ocrx_word' id='word_1_160' title='bbox 349 2896 578 2961; x_wconf 87' lang='lat' dir='ltr'>monasterium</span> <span class='ocrx_word' id='word_1_161' title='bbox 597 2895 650 2960; x_wconf 91' lang='grc' dir='ltr'>νο]</span> <span class='ocrx_word' id='word_1_162' title='bbox 665 2894 706 2959; x_wconf 91' lang='lat' dir='ltr'>ad</span> <span class='ocrx_word' id='word_1_163' title='bbox 722 2894 959 2980; x_wconf 85' lang='lat' dir='ltr'>suscipiendum</span> <span class='ocrx_word' id='word_1_164' title='bbox 976 2893 1118 2959; x_wconf 89' lang='lat' dir='ltr'>habitum</span> <span class='ocrx_word' id='word_1_165' title='bbox 1134 2892 1361 2975; x_wconf 83' lang='lat' dir='ltr'>cuiuscumque</span> 
     </span>
     <span class='ocr_line' id='line_1_21' title="bbox 179 3017 1359 3105; baseline 0.002 -24"><span class='ocrx_word' id='word_1_166' title='bbox 179 3017 350 3104; x_wconf 81' lang='lat' dir='ltr'>religionis</span> <span class='ocrx_word' id='word_1_167' title='bbox 374 3019 427 3085; x_wconf 86' lang='lat' dir='ltr'>rel</span> <span class='ocrx_word' id='word_1_168' title='bbox 450 3020 491 3085; x_wconf 84' lang='lat' dir='ltr'>od</span> <span class='ocrx_word' id='word_1_169' title='bbox 516 3019 722 3085; x_wconf 87' lang='lat' dir='ltr'>emittendam</span> <span class='ocrx_word' id='word_1_170' title='bbox 753 3019 1003 3105; x_wconf 87' lang='lat' dir='ltr'>professionem,</span> <span class='ocrx_word' id='word_1_171' title='bbox 1027 3020 1144 3104; x_wconf 92' lang='lat' dir='ltr'>quique</span> <span class='ocrx_word' id='word_1_172' title='bbox 1174 3018 1359 3097; x_wconf 87' lang='lat' dir='ltr'>eonsilium,</span> 
     </span>
     <span class='ocr_line' id='line_1_22' title="bbox 180 3144 1360 3229; baseline 0.001 -22"><span class='ocrx_word' id='word_1_173' title='bbox 180 3144 342 3209; x_wconf 85' lang='lat' dir='ltr'>auxilium</span> <span class='ocrx_word' id='word_1_174' title='bbox 357 3144 411 3209; x_wconf 85' lang='lat' dir='ltr'>rel</span> <span class='ocrx_word' id='word_1_175' title='bbox 430 3144 578 3210; x_wconf 75' lang='lat' dir='ltr'>favorem</span> <span class='ocrx_word' id='word_1_176' title='bbox 595 3144 750 3217; x_wconf 85' lang='lat' dir='ltr'>dederint,</span> <span class='ocrx_word' id='word_1_177' title='bbox 771 3147 888 3229; x_wconf 90' lang='lat' dir='ltr'>quique</span> <span class='ocrx_word' id='word_1_178' title='bbox 904 3146 1042 3211; x_wconf 88' lang='lat' dir='ltr'>scientes</span> <span class='ocrx_word' id='word_1_179' title='bbox 1065 3164 1136 3211; x_wconf 86' lang='lat' dir='ltr'>eam</span> <span class='ocrx_word' id='word_1_180' title='bbox 1159 3164 1223 3209; x_wconf 93' lang='lat' dir='ltr'>non</span> <span class='ocrx_word' id='word_1_181' title='bbox 1246 3148 1360 3229; x_wconf 87' lang='lat' dir='ltr'>sponte</span> 
     </span>
     <span class='ocr_line' id='line_1_23' title="bbox 178 3266 1360 3356; baseline 0.004 -26"><span class='ocrx_word' id='word_1_182' title='bbox 178 3266 310 3354; x_wconf 82' lang='lat' dir='ltr'>ingredi</span> <span class='ocrx_word' id='word_1_183' title='bbox 341 3270 573 3336; x_wconf 87' lang='lat' dir='ltr'>monasterium</span> <span class='ocrx_word' id='word_1_184' title='bbox 604 3275 661 3335; x_wconf 88' lang='lat' dir='ltr'>sut</span> <span class='ocrx_word' id='word_1_185' title='bbox 689 3269 834 3335; x_wconf 88' lang='lat' dir='ltr'>habitum</span> <span class='ocrx_word' id='word_1_186' title='bbox 858 3270 1022 3356; x_wconf 87' lang='lat' dir='ltr'>suscipere</span> <span class='ocrx_word' id='word_1_187' title='bbox 1044 3276 1100 3336; x_wconf 88' lang='lat' dir='ltr'>aut</span> <span class='ocrx_word' id='word_1_188' title='bbox 1126 3270 1360 3355; x_wconf 83' lang='lat' dir='ltr'>professionem</span> 
     </span>
     <span class='ocr_line' id='line_1_24' title="bbox 176 3394 1359 3481; baseline 0.002 -24"><span class='ocrx_word' id='word_1_189' title='bbox 176 3394 331 3461; x_wconf 87' lang='lat' dir='ltr'>emittere</span> <span class='ocrx_word' id='word_1_190' title='bbox 353 3414 481 3480; x_wconf 92' lang='lat' dir='ltr'>quoque</span> <span class='ocrx_word' id='word_1_191' title='bbox 511 3394 606 3461; x_wconf 91' lang='lat' dir='ltr'>modo</span> <span class='ocrx_word' id='word_1_192' title='bbox 639 3395 743 3461; x_wconf 88' lang='lat' dir='ltr'>eidem</span> <span class='ocrx_word' id='word_1_193' title='bbox 774 3398 862 3461; x_wconf 88' lang='lat' dir='ltr'>aotui</span> <span class='ocrx_word' id='word_1_194' title='bbox 884 3396 936 3461; x_wconf 90' lang='lat' dir='ltr'>rel</span> <span class='ocrx_word' id='word_1_195' title='bbox 960 3396 1175 3481; x_wconf 84' lang='lat' dir='ltr'>praesentiam</span> <span class='ocrx_word' id='word_1_196' title='bbox 1198 3396 1251 3461; x_wconf 90' lang='grc' dir='ltr'>νο]</span> <span class='ocrx_word' id='word_1_197' title='bbox 1282 3414 1359 3461; x_wconf 88' lang='lat' dir='ltr'>con-</span> 
     </span>
     <span class='ocr_line' id='line_1_25' title="bbox 175 3518 1359 3607; baseline 0.001 -25"><span class='ocrx_word' id='word_1_198' title='bbox 175 3536 307 3583; x_wconf 86' lang='lat' dir='ltr'>sensum</span> <span class='ocrx_word' id='word_1_199' title='bbox 332 3519 384 3583; x_wconf 86' lang='grc' dir='ltr'>νο]</span> <span class='ocrx_word' id='word_1_200' title='bbox 406 3521 632 3587; x_wconf 86' lang='lat' dir='ltr'>auctoritatem</span> <span class='ocrx_word' id='word_1_201' title='bbox 655 3520 924 3607; x_wconf 88' lang='lat' dir='ltr'>interposuerint.</span> <span class='ocrx_word' id='word_1_202' title='bbox 950 3520 1050 3586; x_wconf 87' lang='lat' dir='ltr'>Simili</span> <span class='ocrx_word' id='word_1_203' title='bbox 1074 3539 1200 3604; x_wconf 91' lang='lat' dir='ltr'>quoque</span> <span class='ocrx_word' id='word_1_204' title='bbox 1229 3518 1359 3584; x_wconf 87' lang='lat' dir='ltr'>anathe-</span> 
     </span>
     <span class='ocr_line' id='line_1_26' title="bbox 176 3642 1357 3731; baseline 0 -26"><span class='ocrx_word' id='word_1_205' title='bbox 176 3644 256 3707; x_wconf 85' lang='lat' dir='ltr'>mati</span> <span class='ocrx_word' id='word_1_206' title='bbox 279 3642 408 3709; x_wconf 87' lang='lat' dir='ltr'>subiicit</span> <span class='ocrx_word' id='word_1_207' title='bbox 421 3657 486 3709; x_wconf 84' lang='lat' dir='ltr'>eos</span> <span class='ocrx_word' id='word_1_208' title='bbox 509 3645 564 3728; x_wconf 91' lang='lat' dir='ltr'>qui</span> <span class='ocrx_word' id='word_1_209' title='bbox 587 3649 732 3710; x_wconf 89' lang='lat' dir='ltr'>sanctam</span> <span class='ocrx_word' id='word_1_210' title='bbox 755 3645 916 3731; x_wconf 83' lang='lat' dir='ltr'>virginum</span> <span class='ocrx_word' id='word_1_211' title='bbox 943 3644 997 3710; x_wconf 92' lang='grc' dir='ltr'>νο]</span> <span class='ocrx_word' id='word_1_212' title='bbox 1025 3644 1162 3709; x_wconf 88' lang='lat' dir='ltr'>alierum</span> <span class='ocrx_word' id='word_1_213' title='bbox 1188 3642 1357 3708; x_wconf 88' lang='lat' dir='ltr'>mulierum</span> 
     </span>
     <span class='ocr_line' id='line_1_27' title="bbox 175 3764 1357 3855; baseline -0.001 -25"><span class='ocrx_word' id='word_1_214' title='bbox 175 3767 379 3834; x_wconf 83' lang='lat' dir='ltr'>voluntatem</span> <span class='ocrx_word' id='word_1_215' title='bbox 410 3768 474 3834; x_wconf 91' lang='lat' dir='ltr'>reli</span> <span class='ocrx_word' id='word_1_216' title='bbox 505 3768 684 3855; x_wconf 87' lang='lat' dir='ltr'>aecipiendi</span> <span class='ocrx_word' id='word_1_217' title='bbox 711 3769 763 3834; x_wconf 86' lang='lat' dir='ltr'>vel</span> <span class='ocrx_word' id='word_1_218' title='bbox 795 3770 863 3834; x_wconf 84' lang='lat' dir='ltr'>voti</span> <span class='ocrx_word' id='word_1_219' title='bbox 892 3768 1074 3841; x_wconf 88' lang='lat' dir='ltr'>emittendi,</span> <span class='ocrx_word' id='word_1_220' title='bbox 1100 3786 1224 3853; x_wconf 89' lang='lat' dir='ltr'>quoque</span> <span class='ocrx_word' id='word_1_221' title='bbox 1255 3764 1357 3839; x_wconf 91' lang='lat' dir='ltr'>modo,</span> 
     </span>
     <span class='ocr_line' id='line_1_28' title="bbox 175 3890 1357 3980; baseline 0 -24"><span class='ocrx_word' id='word_1_222' title='bbox 175 3893 249 3957; x_wconf 88' lang='lat' dir='ltr'>sine</span> <span class='ocrx_word' id='word_1_223' title='bbox 270 3894 356 3957; x_wconf 84' lang='lat' dir='ltr'>iusta</span> <span class='ocrx_word' id='word_1_224' title='bbox 380 3911 487 3968; x_wconf 86' lang='lat' dir='ltr'>causa,</span> <span class='ocrx_word' id='word_1_225' title='bbox 513 3894 721 3980; x_wconf 87' lang='lat' dir='ltr'>impedierint</span> <span class='ocrx_word' id='word_1_226' title='bbox 744 3914 774 3958; x_wconf 68' lang='lat' dir='ltr'>i.</span> <span class='ocrx_word' id='word_1_227' title='bbox 799 3894 872 3958; x_wconf 84' lang='lat' dir='ltr'>Hoc</span> <span class='ocrx_word' id='word_1_228' title='bbox 895 3892 1060 3959; x_wconf 85' lang='lat' dir='ltr'>decretum</span> <span class='ocrx_word' id='word_1_229' title='bbox 1084 3896 1206 3978; x_wconf 84' lang='lat' dir='ltr'>spectat</span> <span class='ocrx_word' id='word_1_230' title='bbox 1228 3890 1268 3957; x_wconf 83' lang='lat' dir='ltr'>ed</span> <span class='ocrx_word' id='word_1_231' title='bbox 1291 3891 1357 3957; x_wconf 83' lang='lat' dir='ltr'>toe-</span> 
     </span>
     <span class='ocr_line' id='line_1_29' title="bbox 174 3998 450 4082; baseline 0.004 -2"><span class='ocrx_word' id='word_1_232' title='bbox 174 4017 282 4081; x_wconf 89' lang='lat' dir='ltr'>minas</span> <span class='ocrx_word' id='word_1_233' title='bbox 302 3998 450 4082; x_wconf 54' lang='lat' dir='ltr'>tantum,</span> 
     </span>
    </p>

    <p class='ocr_par' dir='ltr' id='par_1_7' title="bbox 173 4142 1358 4475">
     <span class='ocr_line' id='line_1_30' title="bbox 267 4142 1358 4230; baseline 0.001 -23"><span class='ocrx_word' id='word_1_234' title='bbox 267 4142 368 4207; x_wconf 86' lang='lat' dir='ltr'>Casus</span> <span class='ocrx_word' id='word_1_235' title='bbox 393 4142 433 4207; x_wconf 88' lang='lat' dir='ltr'>in</span> <span class='ocrx_word' id='word_1_236' title='bbox 456 4142 528 4208; x_wconf 91' lang='lat' dir='ltr'>iure</span> <span class='ocrx_word' id='word_1_237' title='bbox 550 4145 709 4230; x_wconf 84' lang='lat' dir='ltr'>expressi,</span> <span class='ocrx_word' id='word_1_238' title='bbox 733 4142 848 4227; x_wconf 91' lang='lat' dir='ltr'>quibus</span> <span class='ocrx_word' id='word_1_239' title='bbox 873 4161 990 4229; x_wconf 78' lang='lat' dir='ltr'>eogere</span> <span class='ocrx_word' id='word_1_240' title='bbox 1021 4142 1099 4208; x_wconf 86' lang='lat' dir='ltr'>licet</span> <span class='ocrx_word' id='word_1_241' title='bbox 1128 4143 1294 4208; x_wconf 86' lang='lat' dir='ltr'>mulierem</span> <span class='ocrx_word' id='word_1_242' title='bbox 1317 4142 1358 4208; x_wconf 87' lang='lat' dir='ltr'>ad</span> 
     </span>
     <span class='ocr_line' id='line_1_31' title="bbox 173 4264 1356 4352; baseline 0.003 -25"><span class='ocrx_word' id='word_1_243' title='bbox 173 4266 411 4331; x_wconf 86' lang='lat' dir='ltr'>monasterium</span> <span class='ocrx_word' id='word_1_244' title='bbox 433 4264 687 4352; x_wconf 76' lang='lat' dir='ltr'>ingrediendum,</span> <span class='ocrx_word' id='word_1_245' title='bbox 712 4271 789 4332; x_wconf 88' lang='lat' dir='ltr'>sunt</span> <span class='ocrx_word' id='word_1_246' title='bbox 811 4286 854 4331; x_wconf 84' lang='lat' dir='ltr'>ex</span> <span class='ocrx_word' id='word_1_247' title='bbox 877 4285 905 4332; x_wconf 91' lang='lat' dir='ltr'>o.</span> <span class='ocrx_word' id='word_1_248' title='bbox 930 4284 957 4331; x_wconf 86' lang='lat' dir='ltr'>o.</span> <span class='ocrx_word' id='word_1_249' title='bbox 981 4265 1033 4338; x_wconf 88' lang='grc'>18,</span> <span class='ocrx_word' id='word_1_250' title='bbox 1059 4264 1109 4337; x_wconf 85' lang='grc'>19,</span> <span class='ocrx_word' id='word_1_251' title='bbox 1135 4264 1185 4333; x_wconf 87' lang='lat' dir='ltr'>De</span> <span class='ocrx_word' id='word_1_252' title='bbox 1207 4284 1356 4333; x_wconf 78' lang='lat' dir='ltr'>convers</span> 
     </span>
     <span class='ocr_line' id='line_1_32' title="bbox 174 4387 1358 4475; baseline 0.002 -20"><span class='ocrx_word' id='word_1_253' title='bbox 174 4387 441 4474; x_wconf 75' lang='lat' dir='ltr'>coniaqotoram</span> <span class='ocrx_word' id='word_1_254' title='bbox 464 4390 499 4454; x_wconf 86' lang='lat' dir='ltr'><em>X</em></span> <span class='ocrx_word' id='word_1_255' title='bbox 526 4390 600 4475; x_wconf 88' lang='lat'>(111,</span> <span class='ocrx_word' id='word_1_256' title='bbox 625 4389 682 4475; x_wconf 80' lang='lat'>32)</span> <span class='ocrx_word' id='word_1_257' title='bbox 713 4388 839 4473; x_wconf 87' lang='lat' dir='ltr'>quando</span> <span class='ocrx_word' id='word_1_258' title='bbox 870 4390 924 4456; x_wconf 87' lang='grc' dir='ltr'>νο]</span> <span class='ocrx_word' id='word_1_259' title='bbox 956 4391 1072 4457; x_wconf 89' lang='lat' dir='ltr'>mulier</span> <span class='ocrx_word' id='word_1_260' title='bbox 1099 4390 1288 4475; x_wconf 90' lang='lat' dir='ltr'>delinquens</span> <span class='ocrx_word' id='word_1_261' title='bbox 1318 4391 1358 4457; x_wconf 85' lang='lat' dir='ltr'>ad</span> 
     </span>
    </p>
   </div>
   <div class='ocr_carea' id='block_1_7' title="bbox 0 0 1680 5100">
    <p class='ocr_par' dir='ltr' id='par_1_8' title="bbox 0 0 1680 5100">
     <span class='ocr_line' id='line_1_33' title="bbox 0 0 1680 5100; baseline 0 4"><span class='ocrx_word' id='word_1_262' title='bbox 0 0 1680 5100; x_wconf 95' lang='lat' dir='ltr'> </span> 
     </span>
    </p>
   </div>
  </div>
 </body>
</html>
