3350 5100
512 314 556 360 ne
580 315 719 364 runrcrrs
744 316 985 366 cernissemus
1274 301 1338 366 141

669 617 783 716 Gsrpr
808 620 832 684 l.

351 791 398 844 DE
417 792 569 847 OBlECTO
587 793 658 849 SEU
678 793 762 848 FlNE
782 794 907 850 IUDlCll
926 795 1147 850 CRlllllNALlS.

158 983 379 1042 Smuium.
398 1017 433 1030 -
454 988 512 1043 100.
531 989 677 1044 Obiectum
696 991 791 1044 iudicii
816 991 971 1046 criminalis
996 991 1068 1046 idem
1087 997 1130 1046 est
1148 1009 1181 1046 sc
1199 993 1340 1048 obiectum

249 1109 366 1162 poenae.
385 1123 419 1136 -
442 1095 500 1149 101.
521 1098 559 1149 nt
576 1097 746 1152 considerari
765 1097 850 1152 debet
863 1098 950 1152 etiam
963 1099 1103 1153 obiectum
1118 1099 1231 1152 omniuo
1244 1099 1340 1154 iudicii

245 1204 398 1271 proprium
417 1208 447 1258 et
462 1205 624 1274 specificam
648 1220 697 1259 seu
719 1206 861 1260 obiectum
888 1207 1087 1260 immediatum.
1106 1233 1142 1246 -
1163 1205 1221 1260 102.
1242 1205 1339 1260 Prouti

247 1307 435 1363 diversimode
458 1310 662 1365 consideratum
687 1312 742 1365 fuit
765 1313 906 1366 obiectum
928 1313 1090 1377 mediatum,
1109 1313 1218 1366 diverse
1243 1311 1340 1366 habits

249 1419 316 1466 eunt
336 1418 492 1484 systemata
515 1415 711 1484 processualia.
731 1445 767 1458 -
788 1416 1123 1472 leudemundus
1147 1417 1287 1472 criminali
1306 1420 1340 1474 nt

248 1525 396 1574 accusator
414 1526 443 1576 et
461 1521 525 1576 inde
543 1529 637 1576 movet
655 1524 728 1577 ratio
746 1523 920 1579 differentiae
939 1526 967 1578 in
987 1525 1103 1580 diversis
1121 1523 1259 1579 methodis
1277 1542 1303 1595 pr
1311 1542 1339 1578 o·

247 1630 481 1685 cessantibus·
504 1632 562 1686 101.
579 1633 789 1688 adumbrantur
806 1634 860 1689 hae
879 1633 1004 1690 diversae
1024 1633 1187 1703 procedendi
1208 1634 1338 1688 rationes.

249 1807 326 1872 100.
352 1807 553 1876 Disserentes
564 1808 604 1873 de
616 1808 826 1875 fundamento
839 1811 889 1876 cui
901 1811 1049 1876 innititur
1065 1812 1147 1876 ratio
1160 1829 1337 1896 poenarum

159 1930 418 2018 indigentiarum.
433 1933 639 2019 probavimus
661 1938 783 2022 poenis,
801 1938 833 2000 in
854 1955 985 2020 genere,
1003 1935 1142 2001 obtineri
1164 1937 1278 2021 primo,
1303 1940 1339 2004 ut

162 2062 368 2123 restauretur
382 2057 463 2124 ordo
477 2058 632 2124 iuridicus
647 2061 680 2124 in
696 2062 850 2126 societate
873 2060 979 2125 laesus
995 2080 1054 2146 per
1069 2061 1203 2134 crimen,
1223 2059 1338 2126 deinde

163 2189 197 2248 ut
211 2191 472 2268 praecaveantur
494 2184 647 2249 eiusmodi
671 2186 787 2250 iurium
811 2185 980 2251 laesiones.
999 2221 1017 2234 ·
1036 2186 1073 2250 ln
1090 2187 1244 2252 societate
1261 2186 1336 2251 reli·

161 2310 250 2394 giosa
260 2308 341 2373 ordo
353 2309 461 2375 laesus
479 2311 687 2382 instauratur,
701 2309 775 2374 dum
792 2311 994 2384 criminosus,
1008 2313 1145 2376 crimine
1159 2313 1336 2385 convictus,

160 2450 280 2515 peenas
303 2431 365 2496 luit
386 2429 501 2514 quibus
516 2431 568 2495 vel
584 2433 653 2516 ipse
668 2431 819 2498 emendat
833 2452 909 2497 suos
925 2452 1042 2505 moros,
1059 2433 1112 2498 vel
1127 2433 1208 2498 alios
1223 2433 1337 2498 saltem

160 2577 180 2621 e
193 2556 410 2641 delinquendo
425 2556 581 2622 deterret.
599 2592 617 2605 ·
636 2556 739 2631 Quum
755 2577 835 2622 vero
847 2576 906 2642 per
919 2557 1068 2623 iudicium
1082 2557 1249 2622 criminale
1264 2576 1337 2642 poe

160 2700 220 2747 nee
237 2680 444 2765 applicentur
455 2699 538 2765 quae
553 2679 670 2745 exinde
686 2681 866 2745 sortiuntur
882 2700 973 2744 suum
990 2676 1148 2751 effectum,
1166 2684 1254 2764 patet
1270 2699 1335 2744 non
1385 2718 1387 2725 ‹

160 2804 265 2868 minus
275 2802 430 2867 iudicium
445 2804 614 2869 criminale
630 2823 725 2887 quem
741 2806 843 2888 ipsam
858 2822 993 2889 poenam
1008 2802 1180 2871 intendere
1196 2805 1228 2867 in
1249 2800 1337 2869 ordi·

159 2930 208 2995 nis
229 2929 503 2993 restaurationem
526 2934 622 3013 utque
644 2930 677 2993 in
700 2926 865 2993 efficacem
889 2929 1006 2995 iurium
1029 2927 1260 2994 defensionem.

249 3052 324 3118 101.
343 3052 556 3117 Nihilominus
570 3050 779 3117 considerare
793 3056 938 3137 praestat
953 3051 1039 3117 aliud
1051 3050 1211 3119 obiectum
1225 3050 1335 3127 veluti,

158 3178 310 3264 specifice
332 3180 514 3263 proprium,
538 3177 646 3243 iudicii
675 3178 869 3251 criminalis,
905 3176 1051 3261 idemque
1081 3175 1336 3259 immediatum,

159 3304 311 3369 nimirum
326 3303 450 3368 crimen
465 3302 619 3388 detegere
634 3304 667 3368 in
682 3302 829 3368 omnibus
844 3304 909 3367 suis
925 3302 1082 3369 adiunctis
1099 3322 1139 3367 ea
1158 3302 1337 3368 intentione

160 3434 193 3493 ut
217 3431 349 3512 quinam
379 3428 578 3493 fuerit'eius
607 3433 722 3493 auctor
747 3428 800 3493 vel
830 3430 926 3493 etiarn
957 3446 999 3493 an
1026 3428 1137 3513 plures
1168 3428 1337 3493 extiterint

161 3559 308 3619 unctores
335 3558 368 3619 et
390 3572 529 3637 quanam
552 3553 611 3620 sub
633 3554 853 3639 imputatione,
877 3553 976 3619 liceat
1002 3551 1224 3637 comprobare.
1249 3551 1336 3627 Quo·

160 3682 247 3747 circs
268 3680 423 3747 iudicium
445 3680 613 3746 criminale
636 3678 754 3747 dicitur
776 3681 902 3765 assequi
925 3700 1017 3745 suum
1033 3678 1192 3758 obiectum
1210 3676 1337 3763 quando

161 3807 317 3873 sententia
342 3804 501 3871 iudicialis
522 3804 635 3891 plectit
657 3824 811 3892 conqruu
841 3822 946 3890 poene
971 3805 1116 3869 criminis
1139 3807 1336 3886 auctorem

162 3930 325 4016 eidemque
338 3948 437 4015 scopo
452 3930 653 4014 assequendo
675 3930 794 3996 dicitur
808 3947 981 4015 processus
997 3928 1175 3995 criminalis
1191 3947 1336 4014 congrue

163 4072 228 4119 eme
242 4056 420 4120 instructus
435 4073 534 4137 quum
548 4058 622 4119 ecta
638 4054 857 4138 processualia
880 4056 956 4137 apte
981 4056 1057 4117 sunt
1078 4051 1227 4118 ordinata
1250 4050 1337 4118 unde

164 4180 279 4246 veritas
301 4180 393 4244 circa
415 4177 536 4243 factum
560 4178 767 4243 criminosum
795 4182 885 4243 certe
909 4174 1015 4260 detegi
1039 4176 1156 4242 valeat.
1182 4212 1200 4225 ·
1226 4176 1336 4252 Quare

164 4302 266 4369 iudicii
281 4303 459 4369 criminalis
473 4302 697 4389 distinguimus
712 4302 870 4368 obiectum
886 4300 972 4367 eliud
988 4301 1233 4384 immediatum,
1249 4298 1337 4367 uliud

166 4427 357 4495 mediatum.
