3350 5100
310 307 377 373 486
816 329 900 377 rens
931 327 981 376 ιιι.

310 453 426 518 Austr.
450 451 567 536 5112:
592 451 735 524 wando
759 454 933 520 conventio
959 453 1002 520 de
1025 453 1207 520 resiliendo
1230 473 1252 520 a
1274 453 1489 537 sponsatam

309 579 361 644 oet
384 596 532 663 aequam
555 579 864 670 comparationem
884 577 1097 663 praestando
1113 575 1259 645 obtineri
1281 599 1352 646 aon
1372 579 1488 662 possit,

309 702 523 784 nuptiarum,
539 701 706 769 adversae
723 721 812 787 qaas
834 701 1033 768 reclamatio
1052 701 1206 768 instituto
1221 707 1280 782 eet,
1296 699 1488 768 celebratio-

309 845 389 892 aem
412 825 592 892 admittere
612 845 678 910 pro
702 825 830 893 minori
853 825 988 892 deberet
1018 825 1176 910 reputari
1205 826 1297 892 maio
1315 846 1347 890 ›.
1372 825 1490 890 Nihilo·

309 951 415 1015 minus
438 952 491 1033 qui
511 949 677 1017 contendit
700 949 961 1037 impedimentum
989 949 1103 1014 adesse
1134 955 1167 1016 et
1196 951 1251 1034 qui
1282 969 1345 1014 non
1377 949 1490 1014 adesse

205 1079 209 1087 ’
309 1073 511 1147 contradicit,
528 1075 578 1139 ins
593 1074 716 1140 habent
740 1073 929 1160 experiendi
954 1076 1049 1140 etiam
1074 1074 1335 1160 appellationem.
1351 1072 1400 1140 Gi.
1418 1093 1490 1138 cau·

311 1217 378 1263 sam
395 1197 573 1281 Ropotlea.
593 1199 812 1282 Spoasaliam
823 1201 977 1284 agitatam
990 1218 1010 1264 a
1022 1201 1055 1266 S.
1074 1198 1107 1265 C.
1126 1199 1160 1265 0.
1177 1197 1229 1264 die
1245 1199 1285 1262 15
1301 1197 1375 1262 Dec.
1393 1195 1487 1262 1894.

398 1325 470 1389 Non
483 1323 566 1389 alius
579 1329 628 1388 est
639 1323 719 1388 ordo
731 1323 890 1389 iudicialis
905 1325 938 1388 in
955 1323 1103 1390 secando
1119 1323 1211 1396 caea,
1228 1325 1255 1387 si
1272 1343 1355 1387 uuus
1369 1321 1488 1388 adver·
1575 1352 1579 1360 ·

310 1471 364 1515 sus
387 1449 525 1514 alterurn
540 1448 722 1521 contendat,
746 1468 782 1514 se
804 1469 870 1514 non
894 1449 1049 1535 obstringi
1074 1447 1269 1534 obligatione
1292 1448 1488 1533 sponsalitia.

311 1573 383 1654 Sed,
399 1575 432 1638 in
448 1575 570 1658 primis,
594 1572 801 1659 procuranda
823 1578 874 1638 est
897 1573 1081 1656 concordia,
1102 1591 1162 1638 nec
1185 1577 1331 1658 praestat
1352 1573 1487 1636 inritum

311 1715 430 1782 cogere
453 1697 494 1762 ad
518 1695 709 1763 servandam
736 1697 982 1782 promissionem
1011 1698 1247 1783 sponsalitiam,
1272 1697 1347 1781 quia
1373 1701 1490 1762 coacta

311 1819 470 1906 coniugia
486 1821 593 1887 solent
616 1820 767 1904 infelices
782 1821 896 1887 eattae
912 1821 1045 1887 habere.
1064 1821 1126 1887 Ast
1141 1821 1258 1887 damna
1282 1818 1489 1888 resarcienda

313 1948 396 2009 sunt.
412 1943 526 2008 Monet
543 1945 639 2008 lustr.
657 1945 774 2008 Austr.
797 1944 820 2027 ἓ
835 1944 905 2007 111.·
924 1965 942 2006 ‹
959 1941 1072 2008 Damm
1088 1945 1380 2030 compensationem
1406 1944 1489 2028 quod

310 2071 439 2141 attinet,
471 2066 502 2132 id
533 2074 650 2154 agatur
680 2074 715 2134 ut
746 2071 993 2134 conventionem
1024 2071 1135 2154 aequis
1166 2069 1224 2135 sub
1255 2068 1489 2135 conditionibus

310 2195 514 2280 stipulentur.
530 2194 635 2280 Super
650 2196 805 2281 petitione
829 2195 924 2260 unius
946 2195 1059 2261 saltem
1084 2196 1185 2280 partis
1208 2197 1345 2282 pecunia
1364 2215 1489 2281 quoque

310 2322 580 2406 compensationis
603 2321 675 2386 loco
698 2319 854 2386 solvenda
881 2320 977 2386 statui
1000 2325 1113 2406 potest.
1139 2319 1275 2395 Quando
1297 2322 1400 2387 actori
1425 2341 1489 2386 nou

311 2446 458 2521 sufficiat,
484 2447 620 2513 liberum
644 2446 770 2530 quidem
795 2445 856 2532 ipsi
880 2444 984 2523 sitde
1004 2445 1111 2511 damni
1136 2448 1397 2532 compensatione
1412 2445 1490 2511 iudi·

311 2574 396 2639 cium
408 2573 576 2638 saeculare
590 2572 801 2656 interpellare
813 2568 870 2657 (1),
885 2591 998 2636 verum
1012 2571 1252 2637 reclamationis
1268 2571 1308 2637 ab
1325 2590 1364 2638 eo
1380 2572 1489 2636 matri·

313 2697 418 2760 monio
442 2696 605 2781 oppositae
621 2696 704 2759 ratio
719 2714 785 2760 non
807 2694 944 2779 amplius
967 2693 1189 2761 habebitur».
1215 2696 1260 2762 At
1282 2696 1371 2759 initis
1393 2696 1488 2759 ctiam

312 2818 521 2905 sponsalibus,
546 2818 640 2883 favor
662 2819 742 2885 iuris
766 2824 816 2884 est
840 2817 1080 2903 proslibertate.
1107 2820 1203 2884 lustr.
1225 2820 1341 2885 Austr.
1365 2818 1387 2901 S
1411 2817 1487 2907 108.

355 3106 377 3187 ἓ
401 3108 431 3170 4.
449 3105 498 3170 De
520 3105 660 3187 speciali
681 3105 816 3172 ratione
833 3104 1009 3187 probandi
1031 3104 1168 3171 diuersa
1190 3105 1442 3188 impedimenta.

311 3328 527 3385 Summarinm.
546 3357 580 3370 -
599 3328 661 3383 459.
676 3328 774 3383 Testes
786 3328 966 3399 quantumvis
985 3328 1132 3400 propinqui
1145 3329 1332 3383 admittuntur
1344 3328 1389 3383 vel
1403 3328 1488 3385 etiam

400 3438 596 3506 praeferuntur
613 3437 643 3490 in
655 3435 700 3489 his
718 3437 816 3490 causis
829 3465 866 3479 -
878 3436 939 3491 460.
953 3436 1051 3491 Testes
1066 3438 1201 3507 septimae
1212 3453 1312 3492 manus
1325 3440 1390 3493 sunt
1403 3439 1489 3491 testes

400 3543 433 3598 de
452 3544 628 3598 credulitate.
646 3570 683 3584 -
701 3542 762 3597 461.
787 3546 831 3597 An
850 3559 959 3612 semper
984 3543 1162 3614 requirantur
1185 3547 1223 3599 ad
1247 3544 1435 3597 subnotatione
1454 3570 1489 3583 -

399 3648 459 3702 462.
481 3648 520 3703 De
539 3648 658 3703 testibus
677 3664 713 3703 ero
732 3647 820 3719 officio
841 3648 943 3704 citatis.
963 3677 997 3690 -
1016 3647 1077 3703 463.
1098 3647 1136 3704 lle
1156 3648 1258 3718 peritia
1275 3646 1488 3719 exquirendam

399 3754 490 3808 causis
508 3753 632 3832 agitatis,¹
651 3753 710 3807 eive
728 3770 763 3808 ex
785 3754 878 3823 capite
901 3754 1093 3823 impotentiae,
1112 3753 1171 3808 eive
1195 3753 1229 3807 ad
1253 3752 1488 3823 dispensationem

399 3860 579 3915 obtinendam
592 3864 702 3913 amatr.
721 3864 784 3915 rato
801 3865 831 3915 et
849 3876 905 3913 non
923 3864 1123 3915 consummato.
1141 3887 1178 3901 -
1195 3859 1256 3914 464.
1275 3858 1412 3929 Spacialis
1427 3874 1489 3929 pro·

399 3966 513 4022 cedendi
532 3968 613 4021 ratio.
631 3995 665 4009 -
686 3966 746 4021 465.
767 3964 909 4021 Confessio
932 3968 1026 4020 iurata
1044 3966 1203 4035 coniugum.
1222 3995 1259 4008 -
1276 3966 1338 4020 466.
1358 3964 1397 4020 De
1416 3966 1489 4019 iure-

399 4084 494 4132 mento
514 4076 542 4130 in
561 4092 673 4145 genere.
688 4104 724 4117 -
737 4074 797 4129 467.
820 4073 964 4135 Quomodo
985 4074 1098 4145 singula
1118 4074 1318 4145 impedimenta
1339 4075 1487 4145 specialem

392 4344 432 4411 (l)
452 4344 511 4397 lloc
529 4342 606 4398 valet
625 4357 674 4411 pro
694 4342 729 4395 iis
748 4342 911 4411 regionibus
930 4341 977 4395 ubi
996 4340 1083 4397 codex
1109 4341 1199 4395 civilis
1224 4342 1399 4411 recognoscit
1418 4339 1489 4395 obli·

311 4450 453 4520 gaticnem
473 4448 678 4519 sponsalitiam:
698 4447 771 4502 banc
790 4464 847 4503 non
865 4448 1042 4517 recognoscit
1060 4448 1121 4504 cod.
1142 4447 1202 4503 ital.
1223 4448 1276 4503 civ.
1294 4457 1347 4502 ort.
1368 4448 1419 4514 53,
1433 4448 1485 4501 54.
