3350 5100
407 364 450 411 DE
477 362 616 411 romeus
639 362 883 410 GRIMINALIBUS
907 363 944 409 IN
967 362 1086 409 eruunt
1270 343 1333 409 561

251 500 333 555 Hisce
352 503 472 570 receptis
491 500 602 569 litteris,
616 499 786 565 Ordinarius,
798 500 859 555 eive
878 498 1031 569 Episcopus
1043 498 1102 554 sive
1117 500 1244 554 Vicarius
1256 500 1338 570 Capi·

162 588 271 674 tuleris,
290 608 368 661 cuius
387 612 512 671 tantum,
532 606 572 661 uti
592 624 627 661 ex
646 606 712 676 ipsis
731 606 835 661 litteris
853 606 970 669 eruitur,
991 610 1058 659 sunt
1077 622 1177 661 causae
1195 605 1221 658 S.
1241 605 1343 673 Officii,

164 714 288 785 procedit
307 714 340 769 ad
359 716 505 786 sequentia
523 720 587 769 acta
599 714 653 784 (llz

287 822 316 895 α)
337 823 371 876 sd
390 824 616 878 constitutionem
636 820 797 889 tribunalis;

290 930 317 997 b)
336 930 371 983 ad
390 930 609 984 notificationem
627 928 798 993 sententiam

290 1035 367 1103 clad
387 1036 592 1105 impositionem
611 1036 815 1106 poenitentise;

290 1144 325 1215 stt
338 1144 373 1197 ad
393 1144 596 1199 abiuratiouem
616 1144 817 1213 recipiendum

290 1250 316 1321 c)
335 1250 369 1304 ad
389 1250 593 1305 absolutionem
612 1250 833 1319 impertiendam.

472 1407 499 1474 a)
522 1406 681 1461 constitutio
701 1409 851 1462 tribunalis
868 1410 1034 1463 dioecesani.

255 1549 432 1614 Ordinarius,
447 1551 470 1603 si
490 1550 548 1619 ipse
567 1551 636 1619 agit,
655 1553 699 1605 est
717 1554 749 1603 ut
767 1550 892 1615 Praeses,
908 1554 937 1604 st
948 1556 1038 1625 ¹rocut
1055 1549 1201 1604 Notarium
1220 1550 1343 1621 aliquem

166 1672 246 1709 suum
268 1655 503 1719 ecclesiasticum,
522 1658 569 1725 qui
589 1671 682 1709 coram
701 1671 731 1709 se
749 1660 876 1723 praestat
900 1660 1085 1711 iuramentum
1105 1655 1139 1710 de
1163 1662 1271 1710 secreto
1288 1672 1347 1711 scr·

166 1761 257 1815 vando
274 1766 304 1815 et
321 1762 355 1815 de
374 1778 488 1816 munere
512 1762 633 1816 fideliter
651 1760 799 1831 explendo,
819 1777 868 1830 per
887 1766 992 1815 tactum
1012 1761 1185 1831 corporalem
1204 1761 1230 1815 S.
1250 1761 1342 1815 Eran-

167 1869 244 1939 gelii,
263 1870 341 1923 iuxta
360 1868 494 1925 Clement.
514 1870 670 1923 Multorum
690 1870 703 1937 t
723 1885 812 1939 porro,
831 1870 864 1924 de
884 1869 1050 1924 Haereticis.

256 1977 285 2031 Si
304 1993 370 2031 vere
388 1977 550 2031 Ordinarius
569 1993 624 2031 non
643 1978 701 2045 ipse
721 1977 788 2047 agit
805 1979 932 2032 nominat
950 1977 992 2030 nti
1012 1976 1095 2032 iudex
1108 1993 1157 2031 seu
1170 1991 1281 2046 praeses
1295 1975 1348 2029 ali·

167 2102 249 2155 quem
269 2084 410 2138 Vicariurn
424 2082 596 2150 (iesuralem,
610 2084 656 2155 qui
670 2084 753 2138 debet
763 2082 877 2155 lperiter
888 2086 917 2137 in
930 2100 1014 2137 menn
1034 2084 1163 2154 Episcopi
1176 2100 1225 2138 sen
1238 2082 1344 2137 Vicarii

168 2190 312 2246 Generalis
329 2190 522 2260 iuramentum
546 2190 717 2259 praedictum
742 2192 882 2245 emittere.
909 2190 969 2259 lpse
988 2189 1071 2244 debet
1093 2189 1163 2255 dici,
1181 2190 1210 2243 iu
1235 2193 1299 2244 actu
1319 2192 1348 2243 et

168 2297 379 2365 subscriptione,
398 2295 558 2367 specialiter
576 2296 731 2365 delegatus.

258 2403 418 2457 Ordinarius
437 2404 519 2473 eligit
537 2404 577 2457 uti
601 2407 687 2458 testas
709 2404 821 2472 insuper
840 2402 909 2456 duos
926 2403 1004 2455 viros
1030 2406 1125 2457 aetate
1148 2406 1177 2455 et
1199 2400 1347 2471 prudentia

169 2528 275 2582 graves,
295 2513 341 2582 qui
362 2512 419 2580 pari
440 2512 521 2566 modo
540 2512 635 2566 iurant
652 2512 685 2566 ds
704 2515 811 2566 secreto
829 2510 974 2566 servando.

259 2618 288 2671 ln
302 2617 459 2686 praesentia
469 2617 567 2670 horum
577 2617 700 2671 omnium
714 2620 856 2684 comparet
869 2633 938 2683 reue,
950 2621 978 2670 et
990 2616 1123 2670 Notarius
1135 2615 1232 2669 scribit
1241 2619 1343 2682 actum,

168 2723 241 2794 quod
261 2729 304 2778 est
322 2725 362 2776 uti
383 2724 519 2792 posteriue
538 2724 668 2778 refertur.

564 2883 592 2952 b)
611 2883 770 2952 Notificutio
793 2886 954 2936 sententiae.

263 3022 320 3076 lteo
337 3021 427 3078 delent
451 3021 534 3077 iudex
556 3023 743 3078 iuramentum
762 3023 795 3076 de
814 3023 933 3077 veritate
951 3021 1083 3088 dicenda,
1102 3026 1131 3077 et
1153 3022 1217 3078 inde
1235 3023 1261 3076 ei
1280 3021 1348 3076 dicit

171 3145 220 3184 cur
231 3145 295 3184 eum
308 3130 425 3196 vocavit,
439 3145 595 3184 memorans
608 3145 718 3184 causam
733 3147 795 3184 eum
809 3129 913 3184 habere
926 3133 1081 3185 vertentem
1095 3144 1188 3184 coram
1201 3129 1227 3182 S.
1241 3128 1347 3194 Otllcio,

170 3236 241 3306 quod
261 3237 401 3290 emanavit
419 3237 531 3290 tandem
556 3236 732 3291 sententiam.
763 3237 847 3306 Legit
865 3237 891 3290 ei
909 3237 1093 3302 sententiam,
1112 3240 1142 3291 et
1160 3237 1296 3305 explicat,
1314 3235 1348 3289 ad

170 3357 247 3410 opus,
268 3342 353 3396 rerba
371 3341 508 3397 eiusdem:
525 3341 584 3396 Hoc
602 3342 677 3395 lacto
696 3341 808 3411 quaerit
826 3357 843 3394 a
861 3357 910 3396 reo
929 3342 952 3394 si
972 3341 1042 3396 velit
1060 3341 1187 3397 obedire:
1206 3347 1235 3396 et
1254 3340 1351 3396 habita

171 3448 347 3518 responsione
366 3447 540 3512 affirmativa,
560 3451 591 3501 ut
609 3448 794 3502 communiter
813 3448 916 3512 evenit,
935 3449 1125 3519 prosequitur.

561 3607 586 3678 o)
607 3607 747 3679 impositio
766 3609 963 3678 poenitentioe.

259 3747 343 3803 ludex
361 3749 444 3804 debet
463 3767 555 3820 presse
574 3751 608 3804 sd
627 3751 712 3804 verba
731 3765 791 3804 sese
810 3750 923 3814 referre,
938 3752 969 3804 ut
984 3753 1139 3819 exequatur
1156 3748 1245 3817 ipsam
1263 3747 1292 3800 in
1306 3747 1349 3812 iis,

172 3868 242 3921 quae
262 3859 326 3907 sunt
344 3857 468 3910 taxetive
490 3861 604 3922 statuta,
624 3861 653 3910 et
672 3856 699 3909 in
720 3857 762 3922 iis,
781 3873 853 3926 quae
871 3860 936 3911 sunt
954 3855 988 3908 ad
1007 3855 1156 3909 arbitrium
1175 3855 1242 3910 eius.

661 4017 687 4076 dl
707 4017 862 4070 Abiorarto.

261 4157 408 4210 Abiuratio
427 4157 577 4226 imponitur
596 4163 705 4212 tanturn
724 4159 834 4229 quando
853 4175 917 4212 reus
938 4162 980 4212 est
999 4159 1143 4212 confessus
1161 4162 1190 4213 et
1208 4161 1292 4226 prout
1309 4161 1352 4211 est

172 4264 326 4326 confessum
344 4265 369 4314 ei
387 4274 413 4318 et
432 4275 573 4334 quantum.
592 4265 682 4328 Quare
697 4265 724 4317 in
738 4264 924 4333 descriptione
937 4265 1062 4334 corporis
1078 4263 1181 4329 delicti,
1195 4264 1266 4335 quod
1279 4265 1351 4319 inse-

262 4491 291 4549 (Ι)
306 4495 367 4536 llaec
381 4495 485 4550 excerpsi
499 4494 528 4538 ub
542 4505 609 4550 opere
628 4495 657 4538 cl.
674 4495 812 4548 colornium,
829 4495 911 4539 Oodecc
926 4516 938 4528 -
952 4493 1004 4538 Vol.
1021 4496 1051 4548 V,
1067 4505 1130 4550 pag..
1145 4494 1193 4538 7⁴⁴.

246 4583 306 4635 Suc.
325 4581 409 4650 Lepci,
431 4581 490 4634 Lib.
511 4581 542 4646 11,
563 4581 615 4635 vol.
636 4582 683 4638 lV.
1247 4581 1282 4635 36
