3350 5100
465 339 509 386 nn
534 339 674 386 iunrcns
698 337 950 385 cammnrnnus.
1228 319 1292 386 197

127 463 305 529 immutor,
329 461 406 545 quia
432 462 501 545 ipsa
522 463 708 528 notorietor
730 480 789 528 seu
809 461 909 544 famo
932 462 1021 527 vices
1043 461 1170 546 supplet
1195 479 1292 526 accu-

125 577 261 658 sannis}
274 605 381 669 neque
411 586 568 652 adversus
594 605 693 654 reum
720 587 912 669 consessum
942 585 1174 669 exquirebatur
1196 604 1292 650 accu-

125 712 214 784 satim
228 713 274 776 uti
298 710 441 778 advertit
451 714 651 798 Augustinus
666 715 699 777 in
716 715 770 777 cit.
788 731 863 778 con.
887 713 938 786 18,
960 731 1052 778 cous.
1068 711 1104 794 2,
1120 716 1248 795 quaest.
1264 712 1292 774 1.

126 857 141 897 r
162 835 231 902 Nos
251 857 336 903 vero
359 857 382 902 o
404 839 644 905 communione
656 837 839 922 probibere
854 857 1063 922 quemquam
1081 856 1152 903 non
1173 855 1290 920 possu-

124 980 192 1026 mus
213 962 283 1028 nisi
305 969 367 1028 ont
389 969 509 1048 sponte
533 963 736 1046 confessum,
760 971 820 1028 ont
843 964 880 1028 in
903 963 1019 1047 aliquo
1035 963 1105 1028 sioe
1121 962 1292 1028 soeculari

122 1083 183 1148 siue
203 1087 429 1154 ecclesiastico
452 1087 578 1155 iudicio
600 1089 818 1154 nominatum
840 1094 942 1172 utque
964 1087 1154 1154 conuictum
1168 1106 1199 1150 a.

199 1209 233 1287 2)
259 1212 325 1276 Ins
339 1231 419 1276 vero
432 1213 619 1295 positivum
634 1211 870 1278 commendavit
893 1212 979 1276 hanc
1003 1211 1160 1275 rationem
1177 1227 1290 1294 proce·

122 1330 206 1397 dendi
229 1337 276 1399 nti
300 1338 532 1403 necessariam
556 1357 607 1410 ne,
631 1335 852 1403 deficientibus
875 1337 1126 1410 accusatoribus,
1152 1338 1291 1402 crimina

121 1457 289 1524 eraderent
304 1463 470 1546 impunita,
484 1469 580 1547 atque
592 1470 715 1528 ceriam
728 1462 876 1548 regulam
892 1464 1066 1543 constituit,
1080 1483 1194 1549 nempe
1210 1464 1290 1528 «in-

121 1584 245 1666 quisitio
260 1586 341 1670 fieri
355 1586 474 1653 debeat
489 1589 703 1655 solummodo
719 1607 824 1670 super
836 1588 914 1659 illis,
932 1589 974 1654 de
989 1588 1112 1673 quibus
1125 1590 1291 1656 clamores

120 1709 217 1791 aliqui
236 1718 504 1792 praecesserunt
519 1735 537 1772 »
556 1732 599 1778 ex
615 1731 689 1796 cop.
706 1713 759 1781 21,
775 1715 799 1794 5
813 1714 832 1776 1
848 1713 878 1776 h.
896 1719 933 1794 l.‚·
949 1719 981 1778 et
1000 1715 1062 1780 ‹si
1082 1733 1149 1797 per
1164 1717 1289 1780 clamo-

119 1850 184 1896 ren
204 1838 236 1899 et
258 1834 398 1916 faniam
420 1836 468 1900 cd
489 1854 593 1902 aures
613 1837 805 1919 superioris
824 1837 1019 1917 pervenerit
1040 1835 1124 1922 (non
1152 1838 1289 1922 quidem

119 1959 327 2024 carnencas
345 1965 376 2024 et
394 1959 572 2026 mendicis
589 1961 649 2026 sed
662 1981 685 2026 o
704 1961 861 2043 procidis
876 1967 907 2026 et
924 1962 1094 2043 honestus),
1112 1981 1175 2029 nec
1188 1965 1290 2029 semel

118 2081 169 2143 sect
189 2102 303 2166 saepe.
318 2085 411 2168 qnod
426 2102 563 2151 cnnnoa
577 2085 691 2151 innuit
712 2091 745 2150 et
759 2085 949 2169 diffamatio
972 2085 1178 2166 monifestat,
1196 2086 1290 2154 debet

118 2203 231 2293 (iudex)
256 2227 377 2274 coram
400 2209 571 2275 Ecclesiae
593 2209 783 2276 senioribus
806 2211 982 2276 ueritatem
1005 2211 1201 2296 ditipenlins
1212 2230 1290 2292 per-

118 2335 280 2416 uentum
302 2343 343 2398 nt
372 2334 414 2416 (si
441 2336 493 2400 rei
521 2335 716 2417 poposcerit
743 2336 903 2420 qualitas)
936 2336 1101 2402 canonico
1126 2337 1289 2404 dnniclio
1384 2391 1388 2400 .

118 2458 245 2538 adponi
268 2458 376 2540 feriet
399 2460 627 2543 delinquentis
634 2479 649 2540 ,·
677 2479 749 2526 non
772 2441 949 2544 tompnom
972 2459 1063 2526 idem
1086 2461 1130 2526 sit
1153 2480 1290 2526 occaso-

118 2586 163 2646 ior
182 2589 213 2647 ei
233 2584 356 2654 iudea.
371 2585 433 2650 sed
455 2586 555 2669 pueri
577 2585 806 2651 denuncionie
826 2584 935 2667 fumo,
958 2587 1010 2651 oet
1034 2584 1208 2667 deserente
1223 2588 1288 2651 cto·

116 2724 198 2772 ruore
230 2710 336 2794 officii
363 2710 419 2775 sni
450 2709 599 2776 debitum
630 2716 823 2795 exequatur
847 2732 864 2773 >
890 2729 933 2775 ex
956 2730 1030 2793 cop.
1058 2710 1118 2790 24,
1144 2710 1175 2773 h.
1200 2716 1221 2775 t.
1246 2712 1287 2775 X.

196 2833 330 2898 Etenim
359 2833 465 2897 forma
490 2834 639 2917 position
666 2834 762 2899 huius
784 2854 956 2917 processus
979 2834 1166 2917 inquisitivi
1190 2853 1288 2920 expo-

118 2958 215 3038 stulat,
231 2960 440 3044 praerequiri
463 2959 628 3023 infamiam
652 2961 813 3025 notoriam
833 2958 1042 3042 eamdemque
1065 2958 1289 3024 assumendam

118 3097 180 3143 esse
202 3082 247 3145 uti
273 3081 519 3148 fundamentum
546 3084 598 3148 oui
629 3084 753 3148 innitur
775 3084 829 3147 hic
853 3102 1035 3168 processus,
1058 3102 1129 3167 arg.
1154 3101 1228 3166 cop.
1252 3084 1286 3149 2.

118 3202 144 3265 b.
160 3211 178 3267 t.
198 3206 245 3270 in.
263 3207 298 3270 6.
323 3206 418 3270 Hanc
441 3207 585 3292 regulam
610 3204 718 3271 autem
741 3208 806 3271 late
829 3206 967 3291 probant
994 3210 1180 3273 canonistae
1204 3228 1289 3273 com-

117 3332 194 3392 muni
218 3333 393 3404 sententia,
418 3332 463 3397 uti
489 3333 604 3396 recolit
628 3333 733 3396 Bouix
755 3350 808 3415 op.
834 3333 886 3397 cit.
912 3332 960 3395 Il.
979 3351 1017 3414 p.
1043 3331 1101 3397 62.

198 3456 311 3539 lpsum
335 3476 414 3519 vero
437 3454 576 3521 officium
599 3456 717 3538 fornae
739 3456 867 3541 supplet
889 3456 1095 3522 denunciatio
1106 3456 1287 3529 iudicialis,

118 3596 192 3659 quae
214 3601 282 3646 non
313 3583 421 3647 minus
450 3584 602 3667 exquirit
630 3583 753 3649 indicis
776 3583 925 3666 officinm
951 3602 1046 3665 quam
1070 3585 1139 3667 ipse
1163 3581 1286 3647 clamor

117 3700 226 3775 lamae,
252 3707 371 3790 qnippe
405 3709 523 3790 inquiri
559 3705 653 3771 debet
687 3726 728 3770 au
763 3707 978 3772 denunciatur
1008 3708 1050 3770 sit
1079 3703 1142 3771 fide
1173 3706 1287 3791 dignus

117 3831 241 3913 eiusque
256 3840 451 3915 argumenta
472 3833 643 3896 veritatem
667 3832 885 3897 manifestent.

196 3954 326 4019 Verum
356 3956 431 4038 ipso
453 3957 531 4021 inre
549 3957 694 4039 positivo
718 3963 856 4023 statutae
880 3961 953 4020 sunt
977 3958 1184 4041 exceptiones
1212 3957 1287 4021 huie

119 4079 244 4161 regulae
268 4082 425 4165 generali,
450 4102 566 4167 nempe
596 4088 631 4146 ut
661 4089 770 4166 posset
791 4081 923 4165 procedi
946 4082 1041 4146 eiiam
1066 4101 1130 4145 non
1154 4100 1287 4166 praece·

119 4197 206 4267 dente
228 4204 364 4269 iniamia
386 4206 440 4270 vel
463 4206 618 4273 iudicioli
640 4206 901 4273 denunciatione
925 4208 957 4270 iu
975 4206 1137 4271 nonnullis
1161 4205 1286 4271 casibus

117 4344 280 4411 supremae
295 4332 466 4415 gravitatis
478 4331 519 4395 ad
531 4330 682 4396 luendam
694 4331 936 4415 rempublicam,
949 4332 984 4395 in
996 4332 1116 4414 primis,
1131 4330 1287 4396 adversus

119 4448 301 4521 haereticos.
320 4457 411 4521 Tunc
427 4463 515 4542 patei
538 4457 623 4521 hanc
647 4456 845 4540 procedendi
869 4458 1027 4521 rationem
1052 4456 1191 4521 habitam
1215 4476 1286 4521 esse
