3350 5100
297 257 364 322 492
803 279 889 326 raas
917 279 967 326 ru.

296 404 438 466 minatur
467 405 502 467 nt
533 401 658 467 referat
690 407 759 468 toto
792 401 900 468 balnei
930 410 963 468 et
993 405 1226 489 recognitionis
1259 411 1406 490 tempore
1440 423 1476 469 se

295 523 438 592 adfuisse
460 526 589 592 mulieri
613 527 805 612 exploratae
827 535 862 592 et
883 529 994 594 omnia
1016 529 1159 614 legitime
1182 528 1388 614 processisse.

386 647 458 712 Hac
479 647 521 714 de
543 667 591 721 re.
620 651 667 716 uti
692 651 799 724 retuli.
821 669 923 738 snpra
945 652 1197 718 lnstmctianem
1221 649 1321 714 edidit
1343 649 1375 715 S.
1402 645 1477 714 offi-

296 774 382 836 cium
397 779 431 838 et
452 771 636 840 faciliorem
660 774 800 842 reddidit
820 776 917 842 huius
939 795 1113 862 processus
1134 776 1392 862 applicationem.
1413 793 1477 838 ma·

295 901 383 964 xime
413 898 595 966 diminuens
629 919 800 968 numerum
835 904 1023 987 peritorum.
1060 903 1186 967 Verum
1221 901 1323 968 Socra
1357 900 1476 985 Congr.

296 1025 431 1092 Consilii
454 1045 533 1092 snae
557 1027 654 1092 lnstr.
681 1027 819 1112 postulat
841 1025 1081 1094 observantiam
1105 1029 1139 1092 in
1162 1028 1267 1092 musis
1289 1026 1331 1092 ab
1353 1023 1475 1090 Eadem

295 1147 497 1216 definiendis.
529 1152 571 1216 Et
594 1153 666 1217 iure
689 1154 888 1237 meritoque,
910 1159 978 1218 tum
1003 1149 1113 1218 habita
1137 1151 1263 1217 mione
1285 1169 1476 1226 musarum,

297 1293 382 1358 qnae
403 1274 445 1340 ad
475 1277 557 1342 Eam
579 1275 783 1352 deierantur,
805 1281 875 1343 tnm
899 1277 1048 1343 diversae
1075 1277 1200 1342 formae
1230 1275 1436 1360 procedendi.
1461 1311 1477 1324 -

298 1396 529 1466 Hodieilurice
539 1400 712 1483 aliquando
719 1399 942 1468 difficultatem
955 1401 1188 1466 nanciscuntur
1200 1402 1233 1464 in
1244 1399 1321 1484 ipsis
1332 1398 1475 1469 medicis.

296 1522 350 1605 qui
375 1523 443 1588 risu
464 1525 640 1609 excipiunt,
657 1525 711 1590 vel
727 1531 946 1598 contemnunt,
963 1525 1016 1590 vel
1040 1544 1106 1590 non
1129 1530 1342 1610 opportunam
1357 1523 1477 1589 ducunt

297 1665 430 1731 operam
460 1647 680 1715 obstetricum.
713 1651 866 1718 Attamen
895 1649 1007 1716 sedulo
1035 1649 1185 1716 advertat
1215 1647 1315 1714 iudex
1344 1649 1476 1720 eccles„

296 1770 446 1838 adhiberi
468 1771 659 1840 obstetrices
686 1775 720 1840 in
748 1773 957 1861 explorandis
987 1773 1175 1840 mulieribus
1206 1773 1323 1840 nedum
1351 1774 1477 1838 ratione

298 1893 491 1976 donmtatir,
513 1894 571 1960 sed
593 1897 692 1962 etiam
714 1899 791 1982 qnia
812 1898 854 1963 ab
877 1899 929 1964 his
952 1899 1124 1964 veritatem
1143 1897 1340 1964 obiectiaum
1363 1894 1477 1960 melius

298 2021 437 2105 percipit
458 2020 557 2087 iudex
578 2041 676 2106 quam
690 2043 712 2088 a
726 2022 869 2095 medicis.
887 2026 942 2108 qni
964 2023 1093 2091 facilius
1115 2022 1285 2108 indulgent
1307 2021 1477 2087 intentioni

298 2148 331 2207 et
346 2142 507 2210 desideria
522 2145 711 2222 mulierum
727 2147 845 2232 quippe
861 2145 991 2213 incivile
1006 2145 1144 2218 videtur,
1161 2153 1195 2212 at
1210 2149 1301 2210 certe
1316 2140 1478 2208 difficilius

299 2273 349 2334 est
362 2269 484 2336 homini
497 2272 726 2338 contradicere
741 2273 869 2338 mulieri
883 2277 924 2344 et,
937 2278 1119 2358 praeterea.
1132 2271 1275 2337 iudicant
1290 2291 1332 2336 ex
1349 2243 1477 2354 prueoc

298 2399 416 2479 cupata
434 2397 585 2480 opinione
607 2417 704 2481 quum
720 2397 848 2462 facilius
872 2397 1060 2484 indulgeant
1082 2398 1222 2483 propriis
1241 2395 1368 2481 placitis
1383 2411 1476 2478 quam

298 2521 398 2587 certis
427 2522 583 2589 scientiae
609 2528 643 2590 et
672 2521 945 2608 iurisprodentiae
968 2522 1100 2609 regulis.
1126 2521 1260 2595 Verum,
1285 2519 1369 2585 malo
1400 2518 1476 2589 rato,

299 2644 417 2709 Curiae
444 2647 539 2711 nimis
565 2647 663 2711 facile
694 2666 790 2712 unam
813 2647 867 2712 vel
893 2648 1030 2713 alteram
1054 2665 1097 2712 ex
1120 2646 1330 2732 praescriptis
1356 2642 1478 2707 normis

299 2772 571 2853 praetermittunt.
588 2790 726 2855 quarum
749 2772 879 2836 omissio
903 2772 929 2836 si
954 2791 1017 2837 non
1042 2770 1167 2837 inducit
1181 2775 1273 2835 actus
1288 2768 1477 2846 nullitatem,

299 2886 416 2980 quippe
438 2896 552 2961 nullibi
573 2902 624 2963 est
646 2903 752 2977 canta
773 2902 884 2961 tamsn
908 2896 1014 2961 reddit
1036 2894 1257 2981 probationem
1281 2895 1386 2957 minus
1408 2887 1478 2957 eifl-

299 2997 410 3085 cacem
426 3020 479 3085 vel
492 3019 575 3096 adeo
589 3021 814 3106 imperfectam
837 3027 873 3086 ut
896 3019 1033 3087 iudicem
1057 3019 1188 3085 minime
1211 3016 1411 3103 persuadeat.
1429 3014 1476 3080 Of.

300 3146 386 3209 Acta
410 3143 445 3209 S.
470 3142 568 3211 Sedis
591 3145 656 3211 voi.
682 3146 703 3210 l
709 3145 745 3225 V,
765 3165 802 3229 p.
825 3144 895 3211 198
917 3152 948 3211 et
970 3146 1036 3212 ool.
1069 3142 1122 3216 Vl,
1143 3163 1180 3227 p.
1203 3143 1271 3209 515
1293 3160 1344 3225 sq.

390 3268 464 3335 465.
491 3270 537 3335 lle
557 3270 676 3337 inarata
698 3270 904 3335 confessione
927 3271 1099 3355 coniugum
1122 3269 1206 3334 haec
1232 3272 1414 3333 teneantur.
1441 3264 1477 3327 ln

300 3395 406 3459 causis
428 3394 469 3459 de
490 3395 706 3480 sponsalibus
728 3402 762 3461 et
783 3396 998 3481 separationis
1021 3413 1041 3459 a
1063 3401 1136 3487 toro
1164 3399 1197 3459 et
1222 3390 1477 3460 eunomianae,

299 3517 461 3584 confessio
483 3518 658 3604 coniugum
688 3520 775 3584 valet
806 3538 870 3583 non
902 3536 996 3583 secus
1018 3536 1059 3583 ac
1081 3518 1116 3581 in
1139 3514 1309 3590 civilibus,
1341 3515 1415 3597 quia
1445 3516 1477 3577 in

299 3643 351 3707 his
374 3645 475 3709 veluti
498 3645 563 3707 vim
593 3642 692 3711 habet
721 3643 969 3710 transactionis.
994 3644 1038 3707 At
1060 3646 1155 3708 caute
1187 3637 1402 3713 examinanda
1430 3646 1478 3703 est

301 3787 398 3833 cansa
424 3768 652 3850 separationis
677 3774 710 3833 et
736 3768 820 3834 baec
845 3766 1061 3839 concedenda,
1091 3784 1131 3831 ne
1157 3765 1258 3831 subsit
1284 3763 1419 3830 collusio
1447 3770 1479 3826 et

300 3896 430 3960 interim
448 3893 837 3959 ster·natur·viadiv01tio
856 3894 969 3977 pleno.
988 3894 1026 3959 ln
1043 3892 1114 3956 aliis
1132 3910 1212 3955 vero
1228 3892 1333 3955 causis
1348 3890 1391 3954 cte
1406 3888 1478 3953 nul·

300 4016 401 4090 litate,
419 4016 580 4082 confessio
596 4018 691 4081 etiam
708 4016 825 4082 iurata
841 4020 889 4079 est
904 4018 1098 4101 suspectaret
1113 4032 1196 4099 pene
1212 4012 1331 4076 nullius
1350 4010 1476 4089 valoris,

301 4163 397 4228 quum
417 4142 525 4209 editur
540 4148 691 4225 tempore
705 4148 859 4225 simperto
875 4160 933 4207 seu
948 4147 1020 4227 post
1035 4142 1212 4206 institutam
1229 4138 1475 4205 accusationem
1507 4186 1511 4195 .

299 4268 338 4333 in
351 4268 619 4335 matrimonium.
636 4266 720 4333 Sane
736 4268 769 4332 in
785 4287 861 4351 cap.
878 4268 902 4333 5
918 4266 968 4331 De
983 4286 1021 4334 eo
1038 4266 1097 4351 qni
1113 4264 1268 4350 copncoit
1284 4262 1317 4327 X
1331 4261 1404 4346 (IV,
1424 4260 1476 4345 13)

301 4394 495 4466 enunciatur
512 4393 634 4477 regula.
651 4413 668 4455 ι
685 4391 781 4463 Quod
792 4397 938 4476 propter
953 4410 1072 4459 eornm
1089 4389 1287 4475 (coniugum)
1302 4386 1478 4469 confessio·
