3350 5100
651 308 859 357 nausearum
882 307 905 355 1.
1301 289 1370 356 573

279 430 351 483 Xlll.
373 429 530 499 Unicuique
549 429 649 485 Curiae
667 446 737 499 opus
756 435 798 483 est
818 430 1003 483 Procuratore
1021 424 1121 489 fiscali,
1135 441 1185 495 pro
1202 428 1328 485 iustitiae
1341 434 1371 484 et

188 534 260 605 legis
281 536 377 591 tutela
1066 527 1070 534 ⁹

277 642 351 697 XIV.
371 642 515 703 Quatenus
533 658 583 711 pro
596 643 821 697 intimationibus
839 644 890 695 aut
908 639 1147 695 notificationibus
1166 637 1240 693 haud
1259 645 1370 709 praesto

187 749 225 802 ait
243 749 442 819 Apparitorum
461 748 562 805 Curias
579 764 675 817 opera,
693 748 869 817 supplebitur
887 745 1061 801 exhibitione
1078 745 1237 800 eorumdem
1257 746 1370 816 explete

188 872 237 925 per
254 856 445 927 qualificatam
464 872 620 925 personam,
633 870 705 926 quae
717 856 752 911 de
764 857 840 911 facto
857 855 1000 916 certioret,
1013 853 1072 908 sive
1091 870 1139 907 eas
1156 854 1369 909 transmittendo

187 978 239 1033 ope
258 964 506 1019 commendationis
524 978 608 1033 penes
627 962 840 1018 tabellariorum
853 962 973 1017 officium
993 961 1071 1016 illius
1089 962 1118 1015 in
1132 961 1210 1027 locis,
1223 962 1251 1014 in
1268 963 1369 1033 quibus

187 1067 240 1123 hoc
251 1069 372 1123 invaluit
383 1074 515 1139 systema,
526 1068 699 1139 exposcendc
711 1069 792 1123 iidem
805 1066 997 1134 exhibitionis,
1007 1068 1176 1137 receptionis
1188 1074 1238 1121 aut
1251 1070 1368 1138 repudii.

278 1176 339 1228 XV.
359 1176 437 1229 Basia
455 1176 522 1229 tacti
542 1176 683 1229 criminosi
702 1176 836 1230 constitui
858 1178 949 1243 potest
968 1190 1018 1243 per
1036 1175 1238 1243 expositionem
1258 1176 1286 1229 in
1305 1189 1368 1245 pru-

187 1298 265 1337 ceasu
284 1281 424 1349 habitam,
443 1282 614 1339 authenticis
633 1284 793 1339 roboratam
812 1281 1057 1344 informationibus
1075 1289 1126 1336 aut
1149 1283 1368 1337 confessionibus

186 1387 453 1453 extraiudicialibus,
466 1388 511 1443 vel
525 1389 638 1443 testium
651 1389 878 1458 depositionibus.
898 1387 993 1449 Quoad
1010 1387 1124 1443 titulum
1138 1390 1368 1458 transgressionis

185 1498 330 1565 praecepti
348 1500 458 1551 constat
470 1513 519 1566 per
537 1512 637 1551 novam
657 1496 857 1551 exhibitionem
877 1496 1025 1552 demebat
1043 1502 1123 1551 actus
1134 1497 1295 1551 indictionis
1306 1514 1367 1567 peu

185 1603 321 1657 seclorum
341 1603 429 1656 modis
447 1603 602 1658 enuntiatis
621 1606 683 1658 Art.
710 1603 766 1656 VII
781 1613 807 1657 et
833 1603 913 1657 VIII.

276 1710 349 1765 XVI.
369 1711 412 1764 Ad
430 1711 603 1766 retinendam
623 1713 651 1765 in
671 1700 763 1781 specie
782 1710 1006 1780 culpabilitatem
1026 1709 1150 1765 accusati
1163 1715 1287 1780 opusest
1303 1726 1367 1780 pro·

185 1817 299 1873 batione
317 1818 413 1888 legali,
432 1834 508 1890 quae
524 1818 593 1873 talia
611 1819 755 1873 continere
774 1817 857 1873 debet
875 1818 1025 1877 elementa,
1037 1822 1070 1871 nt
1087 1816 1236 1873 veritatem
1255 1818 1367 1872 evincat

186 1928 235 1979 aut
253 1925 352 1980 saltem
373 1926 486 1981 inducat
509 1924 643 1981 moralem
662 1926 874 1991 certitudinem,
892 1930 1001 1980 remoto
1019 1927 1049 1980 in
1074 1925 1245 1979 contrarium
1267 1925 1366 1995 quovis

187 2032 347 2086 rationabili
367 2033 459 2088 dnbio.

275 2135 360 2189 XVll.
383 2137 534 2202 Personae,
553 2153 622 2207 quas
641 2137 802 2191 examinare
824 2136 969 2206 expediat,
988 2152 1098 2204 semper
1118 2134 1269 2189 nubuntur
1286 2150 1366 2204 sepa-

187 2238 279 2293 ratim.
1182 2310 1185 2320 Ι

275 2348 373 2401 llVlll.
393 2349 489 2405 Teates
508 2349 542 2403 sd
562 2344 755 2420 probationem
780 2355 830 2405 aut
848 2335 1106 2413 addefensionem,
1125 2349 1236 2419 quoties
1259 2348 1365 2417 legalia

184 2456 330 2511 obstacula
342 2454 414 2511 haud
427 2457 574 2523 obsistant,
586 2459 636 2512 sub
655 2458 812 2513 iuramento
827 2458 917 2512 audiri
930 2456 1041 2521 debent,
1052 2455 1125 2526 qrrod
1138 2455 1249 2510 extendi
1263 2459 1362 2524 potest,

184 2563 206 2615 si
225 2578 295 2632 opus
313 2564 360 2630 sit,
378 2565 412 2618 ad
430 2564 634 2634 obligationem
654 2565 763 2619 secreti.

272 2671 349 2726 xlx.
369 2671 493 2726 Testium
518 2673 677 2726 absentium
701 2672 797 2726 autin
819 2670 914 2725 aliena
938 2670 1063 2724 Dioecesi
1086 2669 1254 2724 morantium
1278 2685 1362 2738 expo·
1465 2664 1468 2675 '

94 2804 96 2810 ι
183 2775 269 2829 scitur
288 2792 405 2830 examen
424 2777 453 2830 in
471 2777 623 2830 subsidium
642 2778 677 2830 ab
692 2776 889 2830 Ecclesiastica
907 2774 962 2828 loci
980 2775 1158 2839 auctoritate,
1171 2774 1259 2830 eidem
1272 2778 1363 2827 traua·

183 2881 319 2936 mittendo
338 2881 466 2952 apposita
483 2883 550 2937 facti
569 2883 708 2937 adiuncta.
730 2883 892 2938 Auctoritas
910 2881 1045 2951 requisita
1064 2881 1192 2951 petitioni
1206 2882 1362 2965 respondet,

182 2987 318 3040 servando
338 2989 492 3056 praesentis
510 2989 638 3044 lustruct.
660 3005 778 3043 normas.

271 3093 335 3148 XX.
355 3093 468 3154 Quoties
480 3097 516 3149 ob
528 3097 603 3150 tacta
617 3101 671 3149 'aut
689 3096 820 3150 adiuncta
838 3095 1028 3150 essentialiter
1044 3095 1127 3148 utilia
1138 3095 1239 3148 merito
1251 3110 1361 3157 caune,

183 3198 301 3254 maxime
314 3205 500 3270 opportunum
513 3205 586 3258 esset
604 3205 691 3258 testes
711 3202 886 3270 interrogare
897 3203 944 3272 qni
958 3201 1198 3256 examini.subiici
1210 3207 1360 3270 nequeant,

182 3321 215 3360 ec
233 3306 305 3376 quod
323 3312 471 3362 censeatur
494 3307 566 3362 barrd
586 3309 716 3377 expedire
734 3313 766 3362 ut
784 3314 933 3373 vocentur,
952 3315 1002 3363 aut
1019 3309 1086 3379 quia
1109 3310 1200 3363 vocati
1225 3310 1359 3373 abnuant,

181 3414 286 3468 mentio
305 3415 462 3470 eorumdem
482 3417 701 3480 urinantibus,
721 3423 750 3470 at
769 3420 884 3470 curatur
902 3415 1033 3486 supplere
1053 3431 1149 3470 eorum
1169 3415 1291 3471 delectui
1311 3432 1359 3484 per

180 3519 367 3588 depositiones
384 3521 503 3575 aliorum
523 3521 647 3588 testium,
665 3523 712 3592 qui
732 3521 765 3577 de
783 3521 889 3587 auditu,
908 3526 959 3575 aut
977 3521 1036 3575 clia
1056 3521 1166 3576 ratione
1184 3521 1314 3574 noverint
1330 3519 1358 3573 id

180 3626 253 3694 quod
272 3628 436 3698 exquiritur.

269 3733 345 3788 XXI.
365 3735 433 3787 Cum
451 3735 601 3790 collectum
620 3736 706 3790 fuerit
723 3736 857 3807 quidquid
876 3752 946 3805 opus
963 3737 1002 3789 sit
1019 3735 1054 3788 ad
1072 3737 1219 3789 factumst
1233 3734 1358 3787 accusati

180 3838 289 3908 culpam
309 3843 540 3907 constituendam,
559 3849 675 3897 vocatur
695 3845 747 3898 iste
766 3845 800 3896 ad
819 3861 945 3898 examen.

269 3947 358 4001 llllll.
378 3949 409 4001 ln
428 3949 588 4012 indiotIone,
601 3951 654 4002 nisi
668 3949 815 4034 prudentia
827 3949 855 4002 id
868 3953 954 4016 vetet,
967 3953 1144 4018 exponuntur
1156 3949 1182 4003 ei
1199 3963 1249 4017 per
1261 3953 1357 4004 exten·

178 4069 238 4106 sum
263 4057 454 4110 accusationes
481 4055 612 4110 adversus
637 4071 700 4111 eum
725 4055 862 4110 collectae
887 4059 919 4110 ut
945 4057 1037 4124 parari
1064 4055 1160 4110 valeat
1183 4053 1218 4110 ad
1246 4071 1358 4124 respon·

177 4157 305 4212 dandum.

267 4265 368 4318 XXlll.
382 4264 496 4324 Quando
509 4270 602 4320 autem
612 4267 647 4320 oh
658 4267 866 4320 accusationum
876 4267 1037 4338 qualitates,
1052 4272 1102 4321 aut
1111 4269 1146 4321 ob
1156 4266 1214 4320 alia
1225 4266 1357 4320 adiuncta

177 4368 296 4437 prudens
310 4384 364 4422 non
378 4369 456 4422 sitin
469 4375 533 4423 actu
552 4371 737 4424 intimationis
756 4387 802 4425 eas
822 4373 989 4440 patefacere,
1004 4371 1032 4424 iu
1045 4371 1098 4425 hac
1110 4371 1201 4424 solum
1219 4371 1354 4435 innuitur,
