3350 5100
305 295 351 359 60
830 315 915 363 enas
938 315 962 362 1.

395 437 487 504 llaec
509 457 649 505 censura
671 446 760 504 tenet
782 439 1012 526 inpredientes
1032 445 1067 504 et
1088 439 1315 504 admittentes.

395 563 632 650 Inpredientes
646 583 762 650 nempe
778 565 936 631 foeminas
959 565 1020 630 etsi
1043 564 1150 630 fatuas
1164 568 1222 628 aut
1242 565 1292 628 sui
1314 583 1380 628 uon
1402 581 1487 628 com

305 693 406 774 potes,
423 695 532 754 nmen
551 689 710 774 puberes,
725 690 804 756 licet
823 689 1019 774 impubmes
1032 689 1130 776 culpa
1144 709 1210 755 non
1224 695 1352 755 vacent
1369 723 1389 740 ·
1403 689 1486 754 Nam

303 833 472 887 censurae,
497 817 523 880 si
548 814 629 881 nihil
659 813 747 880 eliud
770 817 984 900 exprimatur,
1008 817 1116 900 pmuti
1135 821 1264 882 cautum
1287 819 1338 880 est
1363 817 1397 879 in
1419 820 1484 880 ort.

301 939 521 1021 praecedenti
543 959 604 1026 per
626 937 797 1006 dictionem
817 961 834 1002 s
852 941 1096 1025 cuiuscumque
1112 939 1234 1006 aetatis
1250 961 1280 1012 ›‚
1296 959 1361 1005 nou
1378 940 1487 1004 fertur

304 1065 337 1128 in
361 1063 555 1150 impuberes,

392 1187 616 1254 Admittentes
631 1184 709 1270 (non
724 1187 887 1273 simplices
902 1187 1166 1272 introducentes)
1182 1205 1299 1272 nempe
1318 1205 1363 1251 ex
1377 1183 1485 1251 officio

304 1308 356 1373 vel
378 1328 422 1374 ex
444 1312 638 1376 auctoritate
660 1330 728 1382 sua
752 1314 862 1397 prouti
884 1331 983 1397 supra
1005 1311 1250 1397 explicavimus.

393 1435 445 1499 Ex
461 1435 569 1500 const.
588 1436 638 1502 Pii
654 1435 686 1500 V
702 1435 931 1522 Repnlorium
947 1434 1117 1501 serebatur
1137 1435 1316 1519 suspensio
1330 1454 1352 1500 a
1365 1433 1485 1500 divinis

301 1559 360 1623 tot.
376 1565 459 1626 sent.
483 1567 599 1627 contra
621 1560 845 1628 admittentes.
862 1565 907 1626 At
928 1560 1025 1627 hodie
1045 1561 1127 1627 haec
1148 1562 1318 1647 suspensio
1333 1562 1482 1626 cessavit.

295 1699 386 1766 ¹quae
401 1685 434 1749 in
450 1685 558 1750 Consi.
576 1685 642 1769 Ap.
659 1682 758 1752 Sedis
774 1705 839 1750 non
854 1688 1049 1752 continetur.
1068 1719 1087 1735 ·
1104 1687 1157 1752 Ex
1173 1685 1269 1751 Bulla
1284 1686 1383 1770 Greg.
1400 1687 1483 1751 XIV

306 1806 369 1872 Ubi
389 1809 532 1894 protioe.
556 1809 762 1877 admittentes
785 1812 969 1884 incurrunt.
992 1829 1033 1875 eo
1055 1810 1126 1896 ipso
1148 1812 1364 1897 privationem
1385 1809 1481 1875 bene

300 1933 447 1998 fictorum
479 1953 610 2000 suorum
641 1945 676 2001 et
705 1935 745 2001 ad
777 1936 890 2001 eadem
920 1935 1164 2002 inhabilitatem.
1188 1935 1246 2000 sed
1268 1939 1342 2020 post
1362 1934 1481 2000 editam

299 2057 491 2122 sententiam
508 2057 784 2139 deelormoevom
802 2062 849 2124 uti
872 2078 972 2145 supra
986 2057 1194 2124 advertimus.
1211 2058 1255 2124 Et
1279 2057 1340 2121 hae
1359 2074 1483 2141 poenae

299 2181 406 2247 avlhuc
429 2183 550 2267 vigent.
576 2183 623 2250 Gi.
649 2181 860 2264 D'Annibale‚
887 2185 1016 2251 Comen.
1038 2204 1073 2249 n.
1097 2181 1166 2248 128
1185 2187 1256 2249 not.
1280 2182 1334 2246 10.

390 2305 443 2372 43.
469 2308 507 2372 ln
531 2308 578 2372 tit.
599 2307 657 2380 t9‚
681 2307 735 2375 lib.
753 2309 820 2388 ΙΙΙ,
846 2307 976 2375 Decret.
1003 2307 1104 2392 Grep.
1123 2307 1184 2378 IX,
1210 2305 1343 2372 rubrica
1365 2307 1478 2371 inscri-

300 2429 387 2495 bitur
411 2430 496 2497 ‹De
518 2432 732 2498 immunitate
747 2433 989 2504 Ecclesiorum
1005 2431 1286 2499 coemeteriorum
1308 2436 1340 2497 et
1361 2449 1481 2497 rerum

298 2556 346 2621 od
370 2574 428 2623 eos
451 2556 696 2641 pertinentium
712 2579 743 2629 a,
768 2559 922 2641 quocirca
944 2556 1022 2622 inibi
1046 2556 1187 2623 edumtm
1209 2556 1481 2643 praescriptiones

299 2682 413 2765 quibus
436 2684 508 2747 loca
531 2702 626 2748 sacra
647 2681 826 2749 redduntur
842 2684 996 2748 immunia
1017 2701 1039 2747 a
1060 2687 1220 2769 potestate
1235 2688 1270 2747 ct
1284 2702 1344 2747 usu
1366 2700 1480 2747 saecu

297 2806 377 2879 leri,
407 2807 531 2872 scilicet
561 2809 669 2893 agitur
692 2806 732 2872 de
756 2808 957 2878 immunitate
980 2807 1091 2873 locali.
1114 2807 1240 2873 Verum
1268 2806 1406 2890 amplior
1431 2812 1481 2870 est

298 2932 452 2996 universa
474 2932 657 2997 immunitas
686 2932 927 3006 ecclesiastica;
950 2932 1072 3017 triplex
1095 2932 1246 2996 nimirum
1271 2936 1337 3003 est,
1359 2949 1478 3013 perso·

296 3054 405 3136 nolis,
429 3055 533 3121 realis
556 3061 587 3121 et
613 3054 740 3121 loculis.
767 3091 785 3104 ·
811 3056 1011 3123 Personoiis
1040 3058 1154 3121 eximit
1184 3055 1324 3121 clericos
1353 3056 1479 3120 alaics

297 3176 535 3252 iurisdictione;
559 3178 665 3244 realis
687 3178 771 3243 bona
795 3180 964 3245 Ecclesiae
987 3184 1020 3244 et
1046 3179 1259 3251 clericorum,
1286 3180 1363 3264 ipsis
1385 3179 1478 3243 titulo

296 3301 400 3367 etiam
423 3300 513 3366 ciuili
534 3302 732 3385 pertinentia
753 3303 866 3366 eximit
889 3322 909 3366 a
931 3302 1059 3369 tributis
1082 3308 1116 3368 et
1138 3304 1224 3368 taxis
1247 3301 1420 3368 solvendis

386 3422 432 3489 At
453 3424 558 3489 realis
589 3425 773 3490 immunitas
803 3425 899 3491 hodie
925 3425 1083 3491 abhorret
1105 3446 1126 3491 a
1148 3427 1288 3512 politicis
1320 3427 1476 3492 constitu·

295 3547 435 3613 tionibus
458 3550 599 3613 omnium
632 3568 715 3633 peno
744 3549 954 3635 populorum,
979 3558 1012 3615 et
1035 3550 1186 3616 Ecclesia
1213 3549 1257 3614 ad
1286 3549 1473 3616 cessandum

296 3668 448 3735 invidiam
468 3675 500 3735 et
515 3670 772 3756 obiurgationum
790 3674 1003 3746 occasionem,
1016 3692 1132 3758 nempe
1144 3692 1186 3738 ue
1198 3672 1348 3739 videatur
1362 3674 1477 3738 alienis

295 3794 469 3881 dispendiis
491 3794 577 3860 velle
600 3794 770 3869 ditescere,
791 3797 944 3862 eiusmodi
968 3800 1201 3865 immunitatem
1224 3798 1392 3865 vindicare
1416 3797 1475 3863 sibi

295 3928 328 3985 et
350 3920 531 3986 reclamare
553 3922 690 4005 emplius
713 3941 778 3987 non
802 3924 894 3989 solet.
920 3925 1026 3990 Porro
1049 3926 1082 3989 in
1106 3924 1215 3992 const.
1239 3926 1357 4008 etpost.
1378 3924 1477 3991 Sedis

295 4064 359 4109 non
383 4052 558 4113 renovatae
582 4045 715 4114 luerunt
738 4068 897 4113 censurae
920 4049 952 4112 in
974 4049 1134 4114 violantes
1155 4055 1212 4114 aut
1235 4048 1477 4135 pessumdantes

294 4172 387 4237 istam
411 4172 652 4237 immunitatem.
765 4181 767 4187 '

384 4294 437 4358 Ex
459 4292 597 4359 adverso
615 4294 811 4376 personalis
835 4296 1029 4376 immunitas,
1053 4294 1138 4361 unde
1161 4296 1302 4377 clericis,
1322 4314 1471 4381 praeser-

293 4420 359 4490 tim.
384 4416 510 4485 derivat
535 4418 596 4484 lori
620 4420 835 4505 privilegium,
852 4422 940 4505 viget
964 4426 997 4487 et
1018 4418 1203 4488 defenditur
1222 4423 1268 4487 uti
1284 4421 1423 4487 vidimus
1439 4420 1472 4486 in
