<?xml version="1.0" encoding="UTF-8"?>
<!DOCTYPE html PUBLIC "-//W3C//DTD XHTML 1.0 Transitional//EN"
    "http://www.w3.org/TR/xhtml1/DTD/xhtml1-transitional.dtd">
<html xmlns="http://www.w3.org/1999/xhtml" xml:lang="en" lang="en">
 <head>
  <title>
</title>
<meta http-equiv="Content-Type" content="text/html;charset=utf-8" />
  <meta name='ocr-system' content='tesseract 3.04.00' />
  <meta name='ocr-capabilities' content='ocr_page ocr_carea ocr_par ocr_line ocrx_word'/>
</head>
<body>
  <div class='ocr_page' id='page_1' title='image "./praelectionesin00legagoog_0526.png"; bbox 0 0 3350 5100; ppageno 0'>
   <div class='ocr_carea' id='block_1_1' title="bbox 285 328 955 397">
    <p class='ocr_par' dir='ltr' id='par_1_1' title="bbox 285 328 955 397">
     <span class='ocr_line' id='line_1_1' title="bbox 285 328 955 397; baseline -0.004 -1"><span class='ocrx_word' id='word_1_1' title='bbox 285 328 351 396; x_wconf 80' lang='lat'><strong><em>524</em></strong></span> <span class='ocrx_word' id='word_1_2' title='bbox 798 351 881 397; x_wconf 69' lang='lat' dir='ltr'><strong><em>rins</em></strong></span> <span class='ocrx_word' id='word_1_3' title='bbox 907 349 955 396; x_wconf 93' lang='grc' dir='ltr'>ιιι.</span> 
     </span>
    </p>
   </div>
   <div class='ocr_carea' id='block_1_2' title="bbox 282 472 1462 1554">
    <p class='ocr_par' dir='ltr' id='par_1_2' title="bbox 282 472 1462 1554">
     <span class='ocr_line' id='line_1_2' title="bbox 285 472 1462 558; baseline 0.003 -21"><span class='ocrx_word' id='word_1_4' title='bbox 285 472 370 538; x_wconf 77' lang='lat' dir='ltr'><strong><em>libus</em></strong></span> <span class='ocrx_word' id='word_1_5' title='bbox 392 475 511 540; x_wconf 86' lang='lat' dir='ltr'><strong><em>saltem</em></strong></span> <span class='ocrx_word' id='word_1_6' title='bbox 537 492 602 556; x_wconf 84' lang='lat' dir='ltr'><strong><em>per</em></strong></span> <span class='ocrx_word' id='word_1_7' title='bbox 623 475 739 540; x_wconf 83' lang='lat' dir='ltr'><strong><em>decem</em></strong></span> <span class='ocrx_word' id='word_1_8' title='bbox 766 474 839 540; x_wconf 83' lang='lat' dir='ltr'><strong><em>dies</em></strong></span> <span class='ocrx_word' id='word_1_9' title='bbox 864 509 880 522; x_wconf 94' lang='lat'><em>-</em></span> <span class='ocrx_word' id='word_1_10' title='bbox 901 475 1047 558; x_wconf 83' lang='lat' dir='ltr'><strong><em>praeuio</em></strong></span> <span class='ocrx_word' id='word_1_11' title='bbox 1074 473 1285 540; x_wconf 83' lang='lat' dir='ltr'><strong><em>absolutione</em></strong></span> <span class='ocrx_word' id='word_1_12' title='bbox 1312 473 1462 540; x_wconf 80' lang='lat' dir='ltr'><strong><em>eiusdem</em></strong></span> 
     </span>
     <span class='ocr_line' id='line_1_3' title="bbox 284 597 1462 684; baseline 0.003 -22"><span class='ocrx_word' id='word_1_13' title='bbox 284 617 308 662; x_wconf 90' lang='lat' dir='ltr'><strong><em>a</em></strong></span> <span class='ocrx_word' id='word_1_14' title='bbox 330 599 483 664; x_wconf 79' lang='lat' dir='ltr'><strong><em>censum&#39;s</em></strong></span> <span class='ocrx_word' id='word_1_15' title='bbox 504 600 618 665; x_wconf 86' lang='lat' dir='ltr'><strong><em>eccles.</em></strong></span> <span class='ocrx_word' id='word_1_16' title='bbox 641 604 673 664; x_wconf 86' lang='lat' dir='ltr'><strong><em>ct</em></strong></span> <span class='ocrx_word' id='word_1_17' title='bbox 696 599 948 681; x_wconf 80' lang='lat' dir='ltr'><strong><em>dispensatione</em></strong></span> <span class='ocrx_word' id='word_1_18' title='bbox 971 597 1014 665; x_wconf 87' lang='lat' dir='ltr'><strong><em>ob</em></strong></span> <span class='ocrx_word' id='word_1_19' title='bbox 1040 599 1297 684; x_wconf 76' lang='lat' dir='ltr'><strong><em>irrepularitate</em></strong></span> <span class='ocrx_word' id='word_1_20' title='bbox 1326 617 1462 683; x_wconf 84' lang='lat' dir='ltr'><strong><em>quomo·</em></strong></span> 
     </span>
     <span class='ocr_line' id='line_1_4' title="bbox 284 723 1461 807; baseline -0.002 -19"><span class='ocrx_word' id='word_1_21' title='bbox 284 723 475 807; x_wconf 84' lang='lat' dir='ltr'><strong><em>documque</em></strong></span> <span class='ocrx_word' id='word_1_22' title='bbox 497 729 680 797; x_wconf 87' lang='lat' dir='ltr'><strong><em>contracta,</em></strong></span> <span class='ocrx_word' id='word_1_23' title='bbox 702 724 799 790; x_wconf 88' lang='lat' dir='ltr'><strong><em>illum</em></strong></span> <span class='ocrx_word' id='word_1_24' title='bbox 815 723 862 788; x_wconf 91' lang='lat' dir='ltr'><strong><em>ad</em></strong></span> <span class='ocrx_word' id='word_1_25' title='bbox 877 743 903 789; x_wconf 94' lang='lat' dir='ltr'><strong><em>s.</em></strong></span> <span class='ocrx_word' id='word_1_26' title='bbox 921 723 1078 790; x_wconf 86' lang='lat' dir='ltr'><strong><em>obeundo</em></strong></span> <span class='ocrx_word' id='word_1_27' title='bbox 1099 723 1289 790; x_wconf 73' lang='lat' dir='ltr'><strong><em>ministeriu</em></strong></span> <span class='ocrx_word' id='word_1_28' title='bbox 1311 723 1461 789; x_wconf 68' lang='lat' dir='ltr'><strong><em>musam-</em></strong></span> 
     </span>
     <span class='ocr_line' id='line_1_5' title="bbox 285 846 1462 930; baseline -0.003 -18"><span class='ocrx_word' id='word_1_29' title='bbox 285 865 350 930; x_wconf 80' lang='lat' dir='ltr'><strong><em>que</em></strong></span> <span class='ocrx_word' id='word_1_30' title='bbox 373 846 613 913; x_wconf 77' lang='lat' dir='ltr'><strong><em>celebrandam</em></strong></span> <span class='ocrx_word' id='word_1_31' title='bbox 638 846 860 913; x_wconf 81' lang='lat' dir='ltr'><strong><em>rehabilitare</em></strong></span> <span class='ocrx_word' id='word_1_32' title='bbox 882 847 993 912; x_wconf 86' lang='lat' dir='ltr'><strong><em>voleat</em></strong></span> <span class='ocrx_word' id='word_1_33' title='bbox 1017 847 1064 912; x_wconf 87' lang='lat' dir='ltr'><strong><em>od</em></strong></span> <span class='ocrx_word' id='word_1_34' title='bbox 1087 866 1150 912; x_wconf 79' lang='lat' dir='ltr'><strong><em>ssu</em></strong></span> <span class='ocrx_word' id='word_1_35' title='bbox 1175 866 1315 926; x_wconf 79' lang='lat' dir='ltr'><strong><em>unusne,</em></strong></span> <span class='ocrx_word' id='word_1_36' title='bbox 1340 861 1462 914; x_wconf 80' lang='grc' dir='ltr'>ιιιιιιο</span> 
     </span>
     <span class='ocr_line' id='line_1_6' title="bbox 285 969 1461 1055; baseline 0 -19"><span class='ocrx_word' id='word_1_37' title='bbox 285 989 535 1046; x_wconf 70' lang='lat' dir='ltr'><strong><em>exennrunnru</em></strong></span> <span class='ocrx_word' id='word_1_38' title='bbox 560 989 627 1055; x_wconf 88' lang='lat' dir='ltr'><strong><em>quo</em></strong></span> <span class='ocrx_word' id='word_1_39' title='bbox 651 977 812 1054; x_wconf 81' lang='lat' dir='ltr'><strong><em>tempore.</em></strong></span> <span class='ocrx_word' id='word_1_40' title='bbox 832 973 949 1054; x_wconf 86' lang='lat' dir='ltr'><strong><em>elapso</em></strong></span> <span class='ocrx_word' id='word_1_41' title='bbox 981 973 1104 1037; x_wconf 81' lang='lat' dir='ltr'><strong><em>iterum</em></strong></span> <span class='ocrx_word' id='word_1_42' title='bbox 1132 976 1290 1036; x_wconf 86' lang='lat' dir='ltr'><strong><em>recurrat</em></strong></span> <span class='ocrx_word' id='word_1_43' title='bbox 1320 969 1363 1035; x_wconf 92' lang='lat' dir='ltr'><strong><em>ab</em></strong></span> <span class='ocrx_word' id='word_1_44' title='bbox 1389 969 1461 1053; x_wconf 88' lang='lat' dir='ltr'><strong><em>ipso</em></strong></span> 
     </span>
     <span class='ocr_line' id='line_1_7' title="bbox 284 1095 1461 1179; baseline 0 -19"><span class='ocrx_word' id='word_1_45' title='bbox 284 1096 452 1179; x_wconf 75' lang='lat' dir='ltr'><strong><em>Episcopo</em></strong></span> <span class='ocrx_word' id='word_1_46' title='bbox 474 1098 599 1162; x_wconf 87' lang='lat' dir='ltr'><strong><em>iterum</em></strong></span> <span class='ocrx_word' id='word_1_47' title='bbox 623 1097 898 1163; x_wconf 88' lang='lat' dir='ltr'><strong><em>commendatus:</em></strong></span> <span class='ocrx_word' id='word_1_48' title='bbox 920 1095 1058 1161; x_wconf 75' lang='lat' dir='ltr'><strong><em>interim</em></strong></span> <span class='ocrx_word' id='word_1_49' title='bbox 1081 1096 1192 1162; x_wconf 88' lang='lat' dir='ltr'><strong><em>dictus</em></strong></span> <span class='ocrx_word' id='word_1_50' title='bbox 1216 1095 1341 1162; x_wconf 71' lang='lat' dir='ltr'><strong><em>mator</em></strong></span> <span class='ocrx_word' id='word_1_51' title='bbox 1362 1115 1388 1160; x_wconf 91' lang='lat' dir='ltr'><strong><em>s.</em></strong></span> <span class='ocrx_word' id='word_1_52' title='bbox 1402 1113 1461 1177; x_wconf 88' lang='lat' dir='ltr'><strong><em>pa·</em></strong></span> 
     </span>
     <span class='ocr_line' id='line_1_8' title="bbox 284 1219 1462 1304; baseline 0.001 -19"><span class='ocrx_word' id='word_1_53' title='bbox 284 1221 484 1288; x_wconf 75' lang='lat' dir='ltr'><strong><em>timonium</em></strong></span> <span class='ocrx_word' id='word_1_54' title='bbox 506 1220 570 1287; x_wconf 87' lang='lat' dir='ltr'><strong><em>sibi</em></strong></span> <span class='ocrx_word' id='word_1_55' title='bbox 594 1222 797 1288; x_wconf 85' lang='lat' dir='ltr'><strong><em>constituere</em></strong></span> <span class='ocrx_word' id='word_1_56' title='bbox 819 1225 924 1291; x_wconf 84' lang='lat' dir='ltr'><strong><em>curet,</em></strong></span> <span class='ocrx_word' id='word_1_57' title='bbox 941 1226 971 1285; x_wconf 87' lang='lat' dir='ltr'><strong><em>ct</em></strong></span> <span class='ocrx_word' id='word_1_58' title='bbox 987 1220 1196 1302; x_wconf 74' lang='lat' dir='ltr'><strong><em>Episcopum</em></strong></span> <span class='ocrx_word' id='word_1_59' title='bbox 1211 1219 1271 1304; x_wconf 84' lang='lat' dir='ltr'><strong><em>qui</em></strong></span> <span class='ocrx_word' id='word_1_60' title='bbox 1290 1238 1369 1286; x_wconf 76' lang='lat' dir='ltr'><strong><em>mem</em></strong></span> <span class='ocrx_word' id='word_1_61' title='bbox 1385 1235 1462 1286; x_wconf 76' lang='lat' dir='ltr'><strong><em>rnn-</em></strong></span> 
     </span>
     <span class='ocr_line' id='line_1_9' title="bbox 284 1343 1461 1442; baseline -0.003 -33"><span class='ocrx_word' id='word_1_62' title='bbox 284 1363 394 1411; x_wconf 82' lang='lat' dir='ltr'><strong><em>rnruo</em></strong></span> <span class='ocrx_word' id='word_1_63' title='bbox 410 1343 565 1412; x_wconf 83' lang='lat' dir='ltr'><strong><em>benenate</em></strong></span> <span class='ocrx_word' id='word_1_64' title='bbox 580 1345 731 1427; x_wconf 75' lang='lat' dir='ltr'><strong><em>occipiat</em></strong></span> <span class='ocrx_word' id='word_1_65' title='bbox 746 1344 784 1410; x_wconf 91' lang='lat' dir='ltr'><strong><em>in</em></strong></span> <span class='ocrx_word' id='word_1_66' title='bbox 798 1363 862 1410; x_wconf 89' lang='lat' dir='ltr'><strong><em>suo</em></strong></span> <span class='ocrx_word' id='word_1_67' title='bbox 886 1344 1039 1422; x_wconf 86' lang='lat' dir='ltr'><strong><em>dioecesi,</em></strong></span> <span class='ocrx_word' id='word_1_68' title='bbox 1063 1344 1261 1442; x_wconf 77' lang='lat' dir='ltr'><strong><em>inueniat».</em></strong></span> <span class='ocrx_word' id='word_1_69' title='bbox 1288 1344 1461 1434; x_wconf 80' lang='lat' dir='ltr'><strong><em>Postquam</em></strong></span> 
     </span>
     <span class='ocr_line' id='line_1_10' title="bbox 282 1467 1462 1554; baseline 0 -22"><span class='ocrx_word' id='word_1_70' title='bbox 282 1469 346 1536; x_wconf 86' lang='lat' dir='ltr'><strong><em>hoa</em></strong></span> <span class='ocrx_word' id='word_1_71' title='bbox 369 1471 627 1554; x_wconf 81' lang='lat' dir='ltr'><strong><em>experimentum</em></strong></span> <span class='ocrx_word' id='word_1_72' title='bbox 643 1476 676 1534; x_wconf 86' lang='lat' dir='ltr'><strong><em>et</em></strong></span> <span class='ocrx_word' id='word_1_73' title='bbox 691 1469 778 1534; x_wconf 83' lang='lat' dir='ltr'><strong><em>alind</em></strong></span> <span class='ocrx_word' id='word_1_74' title='bbox 791 1470 843 1535; x_wconf 85' lang='lat' dir='ltr'><strong><em>ud</em></strong></span> <span class='ocrx_word' id='word_1_75' title='bbox 857 1489 989 1535; x_wconf 88' lang='lat' dir='ltr'><strong><em>annum</em></strong></span> <span class='ocrx_word' id='word_1_76' title='bbox 1012 1467 1146 1535; x_wconf 83' lang='lat' dir='ltr'><strong><em>concedi</em></strong></span> <span class='ocrx_word' id='word_1_77' title='bbox 1170 1469 1297 1534; x_wconf 88' lang='lat' dir='ltr'><strong><em>solitum</em></strong></span> <span class='ocrx_word' id='word_1_78' title='bbox 1321 1467 1462 1534; x_wconf 84' lang='lat' dir='ltr'><strong><em>feliciter</em></strong></span> 
     </span>
    </p>
   </div>
   <div class='ocr_carea' id='block_1_3' title="bbox 179 1585 1460 1678">
    <p class='ocr_par' dir='ltr' id='par_1_3' title="bbox 179 1585 1460 1678">
     <span class='ocr_line' id='line_1_11' title="bbox 179 1585 1460 1678; baseline 0 -21"><span class='ocrx_word' id='word_1_79' title='bbox 179 1585 182 1589; x_wconf 64' lang='grc'>’</span> <span class='ocrx_word' id='word_1_80' title='bbox 282 1593 370 1659; x_wconf 79' lang='lat' dir='ltr'><strong><em>iacta</em></strong></span> <span class='ocrx_word' id='word_1_81' title='bbox 385 1595 458 1667; x_wconf 86' lang='lat' dir='ltr'><strong><em>sint,</em></strong></span> <span class='ocrx_word' id='word_1_82' title='bbox 475 1601 509 1659; x_wconf 88' lang='lat' dir='ltr'><strong><em>ct</em></strong></span> <span class='ocrx_word' id='word_1_83' title='bbox 523 1593 587 1658; x_wconf 86' lang='lat' dir='ltr'><strong><em>alis</em></strong></span> <span class='ocrx_word' id='word_1_84' title='bbox 602 1601 734 1659; x_wconf 77' lang='lat' dir='ltr'><strong><em>servata</em></strong></span> <span class='ocrx_word' id='word_1_85' title='bbox 750 1593 873 1659; x_wconf 87' lang='lat' dir='ltr'><strong><em>luerint</em></strong></span> <span class='ocrx_word' id='word_1_86' title='bbox 888 1611 908 1658; x_wconf 81' lang='lat' dir='ltr'><strong><em>n</em></strong></span> <span class='ocrx_word' id='word_1_87' title='bbox 923 1593 954 1658; x_wconf 90' lang='lat' dir='ltr'><strong><em>S.</em></strong></span> <span class='ocrx_word' id='word_1_88' title='bbox 973 1593 1233 1678; x_wconf 80' lang='lat' dir='ltr'><strong><em>Congregntione</em></strong></span> <span class='ocrx_word' id='word_1_89' title='bbox 1249 1593 1460 1678; x_wconf 75' lang='lat' dir='ltr'><strong><em>praescripta,</em></strong></span> 
     </span>
    </p>
   </div>
   <div class='ocr_carea' id='block_1_4' title="bbox 279 1715 1465 3524">
    <p class='ocr_par' dir='ltr' id='par_1_4' title="bbox 285 1715 1416 1798">
     <span class='ocr_line' id='line_1_12' title="bbox 285 1715 1416 1798; baseline -0.004 -17"><span class='ocrx_word' id='word_1_90' title='bbox 285 1717 473 1782; x_wconf 71' lang='lat' dir='ltr'><strong><em>conceditur</em></strong></span> <span class='ocrx_word' id='word_1_91' title='bbox 496 1718 714 1783; x_wconf 77' lang='lat' dir='ltr'><strong><em>retrabilitatio</em></strong></span> <span class='ocrx_word' id='word_1_92' title='bbox 737 1717 884 1782; x_wconf 71' lang='lat' dir='ltr'><strong><em>absoluta</em></strong></span> <span class='ocrx_word' id='word_1_93' title='bbox 904 1723 936 1782; x_wconf 89' lang='lat' dir='ltr'><strong><em>et</em></strong></span> <span class='ocrx_word' id='word_1_94' title='bbox 953 1715 1216 1782; x_wconf 78' lang='lat' dir='ltr'><strong><em>saecularisatio</em></strong></span> <span class='ocrx_word' id='word_1_95' title='bbox 1236 1721 1416 1798; x_wconf 83' lang='lat' dir='ltr'><strong><em>perpetuo.</em></strong></span> 
     </span>
    </p>

    <p class='ocr_par' dir='ltr' id='par_1_5' title="bbox 279 1839 1465 3524">
     <span class='ocr_line' id='line_1_13' title="bbox 375 1839 1462 1928; baseline -0.002 -22"><span class='ocrx_word' id='word_1_96' title='bbox 375 1843 441 1906; x_wconf 89' lang='lat' dir='ltr'><strong><em>Pro</em></strong></span> <span class='ocrx_word' id='word_1_97' title='bbox 457 1842 771 1928; x_wconf 81' lang='lat' dir='ltr'><strong><em>Congregntionibus</em></strong></span> <span class='ocrx_word' id='word_1_98' title='bbox 786 1847 844 1909; x_wconf 82' lang='lat' dir='ltr'><strong><em>aut</em></strong></span> <span class='ocrx_word' id='word_1_99' title='bbox 862 1843 1021 1909; x_wconf 86' lang='lat' dir='ltr'><strong><em>Institutis</em></strong></span> <span class='ocrx_word' id='word_1_100' title='bbox 1036 1841 1196 1926; x_wconf 80' lang='lat' dir='ltr'><strong><em>religiosis</em></strong></span> <span class='ocrx_word' id='word_1_101' title='bbox 1215 1845 1371 1906; x_wconf 85' lang='lat' dir='ltr'><strong><em>uotorum</em></strong></span> <span class='ocrx_word' id='word_1_102' title='bbox 1386 1839 1462 1905; x_wconf 90' lang='lat' dir='ltr'><strong><em>sim·</em></strong></span> 
     </span>
     <span class='ocr_line' id='line_1_14' title="bbox 279 1965 1463 2053; baseline -0.003 -21"><span class='ocrx_word' id='word_1_103' title='bbox 279 1966 436 2049; x_wconf 82' lang='lat' dir='ltr'><strong><em>plicium,</em></strong></span> <span class='ocrx_word' id='word_1_104' title='bbox 460 1968 492 2031; x_wconf 89' lang='lat' dir='ltr'><strong><em>S.</em></strong></span> <span class='ocrx_word' id='word_1_105' title='bbox 510 1966 727 2053; x_wconf 75' lang='lat' dir='ltr'><strong><em>congregatio</em></strong></span> <span class='ocrx_word' id='word_1_106' title='bbox 743 1968 810 2032; x_wconf 86' lang='grc' dir='ltr'><strong><em>ΕΕ.</em></strong></span> <span class='ocrx_word' id='word_1_107' title='bbox 835 1973 869 2032; x_wconf 83' lang='lat' dir='ltr'><strong><em>et</em></strong></span> <span class='ocrx_word' id='word_1_108' title='bbox 892 1967 962 2032; x_wconf 78' lang='lat' dir='ltr'><strong><em>Ru.</em></strong></span> <span class='ocrx_word' id='word_1_109' title='bbox 980 1973 1036 2032; x_wconf 86' lang='lat' dir='ltr'><strong><em>aut</em></strong></span> <span class='ocrx_word' id='word_1_110' title='bbox 1058 1987 1118 2052; x_wconf 89' lang='lat' dir='ltr'><strong><em>pro</em></strong></span> <span class='ocrx_word' id='word_1_111' title='bbox 1143 1965 1318 2032; x_wconf 83' lang='lat' dir='ltr'><strong><em>Ordinibus</em></strong></span> <span class='ocrx_word' id='word_1_112' title='bbox 1343 1965 1463 2030; x_wconf 77' lang='lat' dir='ltr'><strong><em>Monic-</em></strong></span> 
     </span>
     <span class='ocr_line' id='line_1_15' title="bbox 284 2087 1462 2176; baseline 0 -22"><span class='ocrx_word' id='word_1_113' title='bbox 284 2090 360 2156; x_wconf 89' lang='lat' dir='ltr'><strong><em>lium</em></strong></span> <span class='ocrx_word' id='word_1_114' title='bbox 384 2093 528 2175; x_wconf 79' lang='lat' dir='ltr'><strong><em>sequenti</em></strong></span> <span class='ocrx_word' id='word_1_115' title='bbox 558 2092 717 2176; x_wconf 86' lang='lat' dir='ltr'><strong><em>rescripto</em></strong></span> <span class='ocrx_word' id='word_1_116' title='bbox 740 2092 823 2157; x_wconf 86' lang='lat' dir='ltr'><strong><em>solet</em></strong></span> <span class='ocrx_word' id='word_1_117' title='bbox 849 2091 1030 2156; x_wconf 86' lang='lat' dir='ltr'><strong><em>concedere</em></strong></span> <span class='ocrx_word' id='word_1_118' title='bbox 1057 2091 1243 2157; x_wconf 82' lang='lat' dir='ltr'><strong><em>facultatem</em></strong></span> <span class='ocrx_word' id='word_1_119' title='bbox 1267 2087 1462 2174; x_wconf 82' lang='lat' dir='ltr'><strong><em>procedendi</em></strong></span> 
     </span>
     <span class='ocr_line' id='line_1_16' title="bbox 283 2211 1462 2306; baseline -0.005 -21"><span class='ocrx_word' id='word_1_120' title='bbox 283 2239 439 2306; x_wconf 86' lang='lat' dir='ltr'><strong><em>processu</em></strong></span> <span class='ocrx_word' id='word_1_121' title='bbox 470 2219 652 2285; x_wconf 69' lang='lat' dir='ltr'><strong><em>commati:</em></strong></span> <span class='ocrx_word' id='word_1_122' title='bbox 684 2219 847 2305; x_wconf 77' lang='lat' dir='ltr'><strong><em>‹Viporc</em></strong></span> <span class='ocrx_word' id='word_1_123' title='bbox 873 2223 932 2285; x_wconf 89' lang='lat' dir='ltr'><strong><em>etc.</em></strong></span> <span class='ocrx_word' id='word_1_124' title='bbox 965 2221 1095 2304; x_wconf 82' lang='lat' dir='ltr'><strong><em>(nempe</em></strong></span> <span class='ocrx_word' id='word_1_125' title='bbox 1128 2217 1332 2297; x_wconf 85' lang='lat' dir='ltr'><strong><em>facultatum)</em></strong></span> <span class='ocrx_word' id='word_1_126' title='bbox 1364 2213 1397 2279; x_wconf 78' lang='lat' dir='ltr'><strong><em>S.</em></strong></span> <span class='ocrx_word' id='word_1_127' title='bbox 1426 2211 1462 2280; x_wconf 80' lang='lat'><strong><em>0.</em></strong></span> 
     </span>
     <span class='ocr_line' id='line_1_17' title="bbox 285 2339 1463 2424; baseline -0.005 -14"><span class='ocrx_word' id='word_1_128' title='bbox 285 2344 402 2411; x_wconf 89' lang='lat' dir='ltr'><strong><em>audito</em></strong></span> <span class='ocrx_word' id='word_1_129' title='bbox 432 2349 508 2409; x_wconf 89' lang='lat' dir='ltr'><strong><em>octo</em></strong></span> <span class='ocrx_word' id='word_1_130' title='bbox 531 2343 570 2408; x_wconf 90' lang='lat' dir='ltr'><strong><em>P.</em></strong></span> <span class='ocrx_word' id='word_1_131' title='bbox 596 2342 839 2410; x_wconf 87' lang='lat' dir='ltr'><strong><em>Procuratoris</em></strong></span> <span class='ocrx_word' id='word_1_132' title='bbox 865 2342 1042 2408; x_wconf 62' lang='lat' dir='ltr'><strong><em>donnatis</em></strong></span> <span class='ocrx_word' id='word_1_133' title='bbox 1068 2341 1158 2415; x_wconf 70' lang='lat' dir='ltr'><strong><em>Oret„</em></strong></span> <span class='ocrx_word' id='word_1_134' title='bbox 1181 2339 1379 2424; x_wconf 72' lang='lat' dir='ltr'><strong><em>sancitatem</em></strong></span> <span class='ocrx_word' id='word_1_135' title='bbox 1402 2339 1463 2404; x_wconf 87' lang='lat' dir='ltr'><strong><em>tri·</em></strong></span> 
     </span>
     <span class='ocr_line' id='line_1_18' title="bbox 287 2465 1464 2553; baseline -0.005 -16"><span class='ocrx_word' id='word_1_136' title='bbox 287 2469 358 2537; x_wconf 89' lang='lat' dir='ltr'><strong><em>buit</em></strong></span> <span class='ocrx_word' id='word_1_137' title='bbox 371 2469 412 2535; x_wconf 90' lang='lat' dir='ltr'><strong><em>P.</em></strong></span> <span class='ocrx_word' id='word_1_138' title='bbox 425 2467 605 2553; x_wconf 76' lang='lat' dir='ltr'><strong><em>Superiori</em></strong></span> <span class='ocrx_word' id='word_1_139' title='bbox 623 2467 785 2535; x_wconf 82' lang='lat' dir='ltr'><strong><em>Generoti</em></strong></span> <span class='ocrx_word' id='word_1_140' title='bbox 803 2489 882 2534; x_wconf 88' lang='lat' dir='ltr'><strong><em>cum</em></strong></span> <span class='ocrx_word' id='word_1_141' title='bbox 897 2468 968 2533; x_wconf 84' lang='lat' dir='ltr'><strong><em>suis</em></strong></span> <span class='ocrx_word' id='word_1_142' title='bbox 983 2468 1223 2534; x_wconf 77' lang='lat' dir='ltr'><strong><em>Assistentibus</em></strong></span> <span class='ocrx_word' id='word_1_143' title='bbox 1242 2465 1464 2534; x_wconf 80' lang='lat' dir='ltr'><strong><em>Generalibus</em></strong></span> 
     </span>
     <span class='ocr_line' id='line_1_19' title="bbox 286 2590 1460 2681; baseline -0.007 -19"><span class='ocrx_word' id='word_1_144' title='bbox 286 2593 351 2680; x_wconf 88' lang='lat' dir='ltr'><strong><em>(oet</em></strong></span> <span class='ocrx_word' id='word_1_145' title='bbox 363 2591 576 2681; x_wconf 79' lang='lat' dir='ltr'><strong><em>Definitcrio)</em></strong></span> <span class='ocrx_word' id='word_1_146' title='bbox 590 2599 638 2675; x_wconf 90' lang='lat' dir='ltr'><strong><em>ut,</em></strong></span> <span class='ocrx_word' id='word_1_147' title='bbox 651 2594 794 2676; x_wconf 85' lang='lat' dir='ltr'><strong><em>praeuio</em></strong></span> <span class='ocrx_word' id='word_1_148' title='bbox 805 2611 972 2676; x_wconf 89' lang='lat' dir='ltr'><strong><em>processu</em></strong></span> <span class='ocrx_word' id='word_1_149' title='bbox 990 2593 1178 2660; x_wconf 86' lang='lat' dir='ltr'><strong><em>summario</em></strong></span> <span class='ocrx_word' id='word_1_150' title='bbox 1203 2610 1262 2659; x_wconf 89' lang='lat' dir='ltr'><strong><em>seu</em></strong></span> <span class='ocrx_word' id='word_1_151' title='bbox 1285 2590 1460 2665; x_wconf 86' lang='lat' dir='ltr'><strong><em>camerati,</em></strong></span> 
     </span>
     <span class='ocr_line' id='line_1_20' title="bbox 285 2716 1463 2801; baseline -0.003 -16"><span class='ocrx_word' id='word_1_152' title='bbox 285 2718 613 2801; x_wconf 87' lang='lat' dir='ltr'><strong><em>cumdescriptione</em></strong></span> <span class='ocrx_word' id='word_1_153' title='bbox 635 2718 821 2783; x_wconf 67' lang='lat' dir='ltr'><strong><em>diutinum</em></strong></span> <span class='ocrx_word' id='word_1_154' title='bbox 844 2724 875 2783; x_wconf 92' lang='lat' dir='ltr'><strong><em>et</em></strong></span> <span class='ocrx_word' id='word_1_155' title='bbox 898 2716 1043 2801; x_wconf 78' lang='lat' dir='ltr'><strong><em>aliquali</em></strong></span> <span class='ocrx_word' id='word_1_156' title='bbox 1070 2716 1287 2799; x_wconf 89' lang='lat' dir='ltr'><strong><em>probatione,</em></strong></span> <span class='ocrx_word' id='word_1_157' title='bbox 1319 2722 1350 2782; x_wconf 89' lang='lat' dir='ltr'><strong><em>et</em></strong></span> <span class='ocrx_word' id='word_1_158' title='bbox 1381 2716 1463 2781; x_wconf 90' lang='lat' dir='ltr'><strong><em>dota</em></strong></span> 
     </span>
     <span class='ocr_line' id='line_1_21' title="bbox 285 2838 1464 2926; baseline -0.003 -19"><span class='ocrx_word' id='word_1_159' title='bbox 285 2842 494 2925; x_wconf 79' lang='lat' dir='ltr'><strong><em>delinquenti</em></strong></span> <span class='ocrx_word' id='word_1_160' title='bbox 524 2841 738 2923; x_wconf 71' lang='lat' dir='ltr'><strong><em>defossione.</em></strong></span> <span class='ocrx_word' id='word_1_161' title='bbox 763 2842 810 2907; x_wconf 90' lang='lat' dir='ltr'><strong><em>od</em></strong></span> <span class='ocrx_word' id='word_1_162' title='bbox 837 2842 1075 2924; x_wconf 81' lang='lat' dir='ltr'><strong><em>capulsionem</em></strong></span> <span class='ocrx_word' id='word_1_163' title='bbox 1103 2841 1276 2906; x_wconf 86' lang='lat' dir='ltr'><strong><em>enunciati</em></strong></span> <span class='ocrx_word' id='word_1_164' title='bbox 1301 2838 1464 2926; x_wconf 82' lang='lat' dir='ltr'><strong><em>Relipiosi</em></strong></span> 
     </span>
     <span class='ocr_line' id='line_1_22' title="bbox 280 2961 1464 3048; baseline -0.002 -19"><span class='ocrx_word' id='word_1_165' title='bbox 280 2966 384 3031; x_wconf 73' lang='lat' dir='ltr'><strong><em>inacta</em></strong></span> <span class='ocrx_word' id='word_1_166' title='bbox 404 2984 524 3048; x_wconf 79' lang='lat' dir='ltr'><strong><em>preces</em></strong></span> <span class='ocrx_word' id='word_1_167' title='bbox 543 2985 610 3048; x_wconf 92' lang='lat' dir='ltr'><strong><em>pro</em></strong></span> <span class='ocrx_word' id='word_1_168' title='bbox 634 2985 695 3032; x_wconf 93' lang='lat' dir='ltr'><strong><em>suo</em></strong></span> <span class='ocrx_word' id='word_1_169' title='bbox 720 2964 863 3032; x_wconf 88' lang='lat' dir='ltr'><strong><em>arbitrio</em></strong></span> <span class='ocrx_word' id='word_1_170' title='bbox 890 2971 922 3031; x_wconf 93' lang='lat' dir='ltr'><strong><em>ct</em></strong></span> <span class='ocrx_word' id='word_1_171' title='bbox 945 2966 1149 3031; x_wconf 84' lang='lat' dir='ltr'><strong><em>conscientia</em></strong></span> <span class='ocrx_word' id='word_1_172' title='bbox 1179 2964 1338 3030; x_wconf 81' lang='lat' dir='ltr'><strong><em>devenire</em></strong></span> <span class='ocrx_word' id='word_1_173' title='bbox 1357 2961 1464 3046; x_wconf 84' lang='lat' dir='ltr'><strong><em>possit</em></strong></span> 
     </span>
     <span class='ocr_line' id='line_1_23' title="bbox 285 3088 1464 3175; baseline -0.003 -20"><span class='ocrx_word' id='word_1_174' title='bbox 285 3109 327 3155; x_wconf 90' lang='lat' dir='ltr'><strong><em>oc</em></strong></span> <span class='ocrx_word' id='word_1_175' title='bbox 352 3091 473 3155; x_wconf 86' lang='lat' dir='ltr'><strong><em>valeat.</em></strong></span> <span class='ocrx_word' id='word_1_176' title='bbox 502 3088 692 3157; x_wconf 78' lang='lat' dir='ltr'><strong><em>Contrariis</em></strong></span> <span class='ocrx_word' id='word_1_177' title='bbox 722 3090 989 3175; x_wconf 80' lang='lat' dir='ltr'><strong><em>quibuscumque</em></strong></span> <span class='ocrx_word' id='word_1_178' title='bbox 1019 3110 1090 3156; x_wconf 91' lang='lat' dir='ltr'><strong><em>non</em></strong></span> <span class='ocrx_word' id='word_1_179' title='bbox 1121 3088 1373 3157; x_wconf 84' lang='lat' dir='ltr'><strong><em>obstantibus».</em></strong></span> <span class='ocrx_word' id='word_1_180' title='bbox 1403 3088 1464 3153; x_wconf 83' lang='lat' dir='ltr'><strong><em>Ille</em></strong></span> 
     </span>
     <span class='ocr_line' id='line_1_24' title="bbox 286 3211 1463 3298; baseline -0.002 -21"><span class='ocrx_word' id='word_1_181' title='bbox 286 3212 426 3278; x_wconf 90' lang='lat' dir='ltr'><strong><em>conditio</em></strong></span> <span class='ocrx_word' id='word_1_182' title='bbox 452 3232 531 3278; x_wconf 91' lang='lat' dir='ltr'><strong><em>cum</em></strong></span> <span class='ocrx_word' id='word_1_183' title='bbox 557 3214 785 3295; x_wconf 82' lang='lat' dir='ltr'><strong><em>descriptione</em></strong></span> <span class='ocrx_word' id='word_1_184' title='bbox 806 3212 991 3279; x_wconf 84' lang='lat' dir='ltr'><strong><em>criminum</em></strong></span> <span class='ocrx_word' id='word_1_185' title='bbox 1014 3211 1176 3298; x_wconf 83' lang='lat' dir='ltr'><strong><em>significat</em></strong></span> <span class='ocrx_word' id='word_1_186' title='bbox 1198 3232 1271 3278; x_wconf 91' lang='lat' dir='ltr'><strong><em>cum</em></strong></span> <span class='ocrx_word' id='word_1_187' title='bbox 1299 3216 1463 3279; x_wconf 89' lang='lat' dir='ltr'><strong><em>contesta-</em></strong></span> 
     </span>
     <span class='ocr_line' id='line_1_25' title="bbox 287 3333 1465 3410; baseline -0.003 -11"><span class='ocrx_word' id='word_1_188' title='bbox 287 3334 376 3401; x_wconf 86' lang='lat' dir='ltr'><strong><em>tione</em></strong></span> <span class='ocrx_word' id='word_1_189' title='bbox 397 3334 583 3401; x_wconf 88' lang='lat' dir='ltr'><strong><em>criminum</em></strong></span> <span class='ocrx_word' id='word_1_190' title='bbox 606 3335 694 3401; x_wconf 77' lang='lat' dir='ltr'><strong><em>facta</em></strong></span> <span class='ocrx_word' id='word_1_191' title='bbox 717 3354 792 3410; x_wconf 87' lang='lat' dir='ltr'><strong><em>reo;</em></strong></span> <span class='ocrx_word' id='word_1_192' title='bbox 810 3354 868 3399; x_wconf 86' lang='lat' dir='ltr'><strong><em>seu</em></strong></span> <span class='ocrx_word' id='word_1_193' title='bbox 891 3336 920 3398; x_wconf 92' lang='lat' dir='ltr'><strong><em>ei</em></strong></span> <span class='ocrx_word' id='word_1_194' title='bbox 944 3333 1138 3399; x_wconf 85' lang='lat' dir='ltr'><strong><em>denunciato</em></strong></span> <span class='ocrx_word' id='word_1_195' title='bbox 1166 3336 1302 3398; x_wconf 85' lang='lat' dir='ltr'><strong><em>crimine</em></strong></span> <span class='ocrx_word' id='word_1_196' title='bbox 1325 3336 1381 3397; x_wconf 80' lang='lat' dir='ltr'><strong><em>aut</em></strong></span> <span class='ocrx_word' id='word_1_197' title='bbox 1404 3333 1465 3396; x_wconf 86' lang='lat' dir='ltr'><strong><em>cri·</em></strong></span> 
     </span>
     <span class='ocr_line' id='line_1_26' title="bbox 285 3456 1110 3524; baseline -0.002 -3"><span class='ocrx_word' id='word_1_198' title='bbox 285 3456 425 3523; x_wconf 90' lang='lat' dir='ltr'><strong><em>minibus</em></strong></span> <span class='ocrx_word' id='word_1_199' title='bbox 448 3457 652 3524; x_wconf 80' lang='lat' dir='ltr'><strong><em>denuncietis</em></strong></span> <span class='ocrx_word' id='word_1_200' title='bbox 675 3466 712 3523; x_wconf 91' lang='lat' dir='ltr'><strong><em>ut</em></strong></span> <span class='ocrx_word' id='word_1_201' title='bbox 733 3478 769 3523; x_wconf 89' lang='lat' dir='ltr'><strong><em>se</em></strong></span> <span class='ocrx_word' id='word_1_202' title='bbox 792 3458 971 3523; x_wconf 82' lang='lat' dir='ltr'><strong><em>defendere</em></strong></span> <span class='ocrx_word' id='word_1_203' title='bbox 994 3458 1110 3523; x_wconf 82' lang='lat' dir='ltr'><strong><em>volent.</em></strong></span> 
     </span>
    </p>
   </div>
   <div class='ocr_carea' id='block_1_5' title="bbox 270 3582 1466 4038">
    <p class='ocr_par' dir='ltr' id='par_1_6' title="bbox 270 3582 1466 4038">
     <span class='ocr_line' id='line_1_27' title="bbox 270 3582 1464 3676; baseline -0.003 -29"><span class='ocrx_word' id='word_1_204' title='bbox 270 3671 274 3676; x_wconf 13' lang='grc' dir='ltr'>ι</span> <span class='ocrx_word' id='word_1_205' title='bbox 374 3582 450 3647; x_wconf 83' lang='grc'><strong>511.</strong></span> <span class='ocrx_word' id='word_1_206' title='bbox 484 3582 554 3646; x_wconf 89' lang='lat' dir='ltr'><strong><em>Viri</em></strong></span> <span class='ocrx_word' id='word_1_207' title='bbox 581 3582 721 3667; x_wconf 81' lang='lat' dir='ltr'><strong><em>professi</em></strong></span> <span class='ocrx_word' id='word_1_208' title='bbox 748 3583 892 3669; x_wconf 86' lang='lat' dir='ltr'><strong><em>religiosi</em></strong></span> <span class='ocrx_word' id='word_1_209' title='bbox 916 3584 969 3667; x_wconf 87' lang='lat' dir='ltr'><strong><em>qui</em></strong></span> <span class='ocrx_word' id='word_1_210' title='bbox 999 3589 1074 3648; x_wconf 85' lang='lat' dir='ltr'><strong><em>ante</em></strong></span> <span class='ocrx_word' id='word_1_211' title='bbox 1097 3588 1173 3647; x_wconf 84' lang='lat' dir='ltr'><strong><em>vota</em></strong></span> <span class='ocrx_word' id='word_1_212' title='bbox 1194 3582 1360 3649; x_wconf 79' lang='lat' dir='ltr'><strong><em>solemnio</em></strong></span> <span class='ocrx_word' id='word_1_213' title='bbox 1383 3582 1464 3646; x_wconf 86' lang='lat' dir='ltr'><strong><em>emi·</em></strong></span> 
     </span>
     <span class='ocr_line' id='line_1_28' title="bbox 285 3705 1465 3791; baseline -0.001 -22"><span class='ocrx_word' id='word_1_214' title='bbox 285 3711 407 3769; x_wconf 81' lang='lat' dir='ltr'><strong><em>serunt·</em></strong></span> <span class='ocrx_word' id='word_1_215' title='bbox 422 3711 497 3771; x_wconf 80' lang='lat' dir='ltr'><strong><em>vote</em></strong></span> <span class='ocrx_word' id='word_1_216' title='bbox 518 3705 695 3788; x_wconf 86' lang='lat' dir='ltr'><strong><em>semplicia</em></strong></span> <span class='ocrx_word' id='word_1_217' title='bbox 718 3713 816 3791; x_wconf 80' lang='lat' dir='ltr'><strong><em>atque</em></strong></span> <span class='ocrx_word' id='word_1_218' title='bbox 839 3708 872 3770; x_wconf 91' lang='lat' dir='ltr'><strong><em>in</em></strong></span> <span class='ocrx_word' id='word_1_219' title='bbox 895 3726 921 3773; x_wconf 91' lang='lat' dir='ltr'><strong><em>s.</em></strong></span> <span class='ocrx_word' id='word_1_220' title='bbox 938 3706 1117 3773; x_wconf 85' lang='lat' dir='ltr'><strong><em>ordinibus</em></strong></span> <span class='ocrx_word' id='word_1_221' title='bbox 1141 3705 1279 3771; x_wconf 91' lang='lat' dir='ltr'><strong><em>nondum</em></strong></span> <span class='ocrx_word' id='word_1_222' title='bbox 1296 3710 1372 3772; x_wconf 89' lang='lat' dir='ltr'><strong><em>sunt</em></strong></span> <span class='ocrx_word' id='word_1_223' title='bbox 1387 3722 1465 3771; x_wconf 85' lang='lat' dir='ltr'><strong><em>con·</em></strong></span> 
     </span>
     <span class='ocr_line' id='line_1_29' title="bbox 286 3828 1466 3914; baseline -0.002 -20"><span class='ocrx_word' id='word_1_224' title='bbox 286 3830 405 3909; x_wconf 89' lang='lat' dir='ltr'><strong><em>stituti‚</em></strong></span> <span class='ocrx_word' id='word_1_225' title='bbox 430 3831 525 3894; x_wconf 84' lang='lat' dir='ltr'><strong><em>etium</em></strong></span> <span class='ocrx_word' id='word_1_226' title='bbox 557 3836 629 3914; x_wconf 89' lang='lat' dir='ltr'><strong><em>post</em></strong></span> <span class='ocrx_word' id='word_1_227' title='bbox 660 3832 713 3895; x_wconf 84' lang='lat' dir='ltr'><strong><em>cit.</em></strong></span> <span class='ocrx_word' id='word_1_228' title='bbox 738 3832 911 3895; x_wconf 84' lang='lat' dir='ltr'><strong><em>Decretum</em></strong></span> <span class='ocrx_word' id='word_1_229' title='bbox 938 3832 1089 3897; x_wconf 83' lang='lat' dir='ltr'><strong><em>-Auctis</em></strong></span> <span class='ocrx_word' id='word_1_230' title='bbox 1114 3866 1132 3878; x_wconf 94' lang='lat'>-</span> <span class='ocrx_word' id='word_1_231' title='bbox 1157 3850 1186 3893; x_wconf 85' lang='lat' dir='ltr'><strong><em>n.</em></strong></span> <span class='ocrx_word' id='word_1_232' title='bbox 1214 3828 1317 3905; x_wconf 82' lang='lat'>1892,</span> <span class='ocrx_word' id='word_1_233' title='bbox 1341 3828 1466 3894; x_wconf 88' lang='lat' dir='ltr'><strong><em>dimitti</em></strong></span> 
     </span>
     <span class='ocr_line' id='line_1_30' title="bbox 286 3950 1464 4038; baseline 0 -21"><span class='ocrx_word' id='word_1_234' title='bbox 286 3958 419 4038; x_wconf 85' lang='lat' dir='ltr'><strong><em>possunt</em></strong></span> <span class='ocrx_word' id='word_1_235' title='bbox 449 3958 522 4018; x_wconf 89' lang='lat' dir='ltr'><strong><em>cum</em></strong></span> <span class='ocrx_word' id='word_1_236' title='bbox 545 3950 665 4019; x_wconf 83' lang='lat' dir='ltr'><strong><em>effectu</em></strong></span> <span class='ocrx_word' id='word_1_237' title='bbox 688 3954 898 4026; x_wconf 82' lang='lat' dir='ltr'><strong><em>liberationis</em></strong></span> <span class='ocrx_word' id='word_1_238' title='bbox 921 3954 961 4020; x_wconf 82' lang='lat' dir='ltr'><strong><em>ab</em></strong></span> <span class='ocrx_word' id='word_1_239' title='bbox 985 3957 1071 4019; x_wconf 90' lang='lat' dir='ltr'><strong><em>omni</em></strong></span> <span class='ocrx_word' id='word_1_240' title='bbox 1094 3956 1224 4021; x_wconf 86' lang='lat' dir='ltr'><strong><em>vinculo</em></strong></span> <span class='ocrx_word' id='word_1_241' title='bbox 1251 3960 1399 4019; x_wconf 86' lang='lat' dir='ltr'><strong><em>votorum</em></strong></span> <span class='ocrx_word' id='word_1_242' title='bbox 1424 3952 1464 4018; x_wconf 93' lang='lat' dir='ltr'><strong><em>ob</em></strong></span> 
     </span>
    </p>
   </div>
   <div class='ocr_carea' id='block_1_6' title="bbox 285 4078 1464 4537">
    <p class='ocr_par' dir='ltr' id='par_1_7' title="bbox 285 4078 1464 4537">
     <span class='ocr_line' id='line_1_31' title="bbox 285 4078 1462 4165; baseline 0.001 -22"><span class='ocrx_word' id='word_1_243' title='bbox 285 4082 386 4143; x_wconf 84' lang='lat' dir='ltr'><strong><em>iustas</em></strong></span> <span class='ocrx_word' id='word_1_244' title='bbox 409 4084 583 4165; x_wconf 85' lang='lat' dir='ltr'><strong><em>etgraves</em></strong></span> <span class='ocrx_word' id='word_1_245' title='bbox 611 4099 726 4145; x_wconf 85' lang='lat' dir='ltr'><strong><em>causes</em></strong></span> <span class='ocrx_word' id='word_1_246' title='bbox 748 4080 817 4144; x_wconf 89' lang='lat' dir='ltr'><strong><em>siue</em></strong></span> <span class='ocrx_word' id='word_1_247' title='bbox 846 4078 999 4165; x_wconf 87' lang='lat' dir='ltr'><strong><em>processu</em></strong></span> <span class='ocrx_word' id='word_1_248' title='bbox 1021 4081 1187 4154; x_wconf 80' lang='lat' dir='ltr'><strong><em>iudiciali,</em></strong></span> <span class='ocrx_word' id='word_1_249' title='bbox 1211 4080 1267 4145; x_wconf 86' lang='lat' dir='ltr'><strong><em>sed</em></strong></span> <span class='ocrx_word' id='word_1_250' title='bbox 1294 4080 1363 4144; x_wconf 85' lang='lat' dir='ltr'><strong><em>sols</em></strong></span> <span class='ocrx_word' id='word_1_251' title='bbox 1388 4078 1462 4145; x_wconf 80' lang='lat' dir='ltr'><strong><em>iacti</em></strong></span> 
     </span>
     <span class='ocr_line' id='line_1_32' title="bbox 285 4204 1464 4287; baseline 0.003 -23"><span class='ocrx_word' id='word_1_252' title='bbox 285 4204 424 4267; x_wconf 74' lang='lat' dir='ltr'><strong><em>veritate</em></strong></span> <span class='ocrx_word' id='word_1_253' title='bbox 447 4204 593 4287; x_wconf 85' lang='lat' dir='ltr'><strong><em>inspectu</em></strong></span> <span class='ocrx_word' id='word_1_254' title='bbox 616 4210 649 4267; x_wconf 92' lang='lat' dir='ltr'><strong><em>et</em></strong></span> <span class='ocrx_word' id='word_1_255' title='bbox 671 4209 801 4268; x_wconf 76' lang='lat' dir='ltr'><strong><em>servate</em></strong></span> <span class='ocrx_word' id='word_1_256' title='bbox 824 4204 932 4269; x_wconf 84' lang='lat' dir='ltr'><strong><em>forme</em></strong></span> <span class='ocrx_word' id='word_1_257' title='bbox 954 4204 1210 4270; x_wconf 78' lang='lat' dir='ltr'><strong><em>emtraiudiciali</em></strong></span> <span class='ocrx_word' id='word_1_258' title='bbox 1233 4204 1408 4269; x_wconf 85' lang='lat' dir='ltr'><strong><em>constituta</em></strong></span> <span class='ocrx_word' id='word_1_259' title='bbox 1430 4204 1464 4267; x_wconf 93' lang='lat' dir='ltr'><strong><em>in</em></strong></span> 
     </span>
     <span class='ocr_line' id='line_1_33' title="bbox 286 4327 1462 4415; baseline 0.003 -25"><span class='ocrx_word' id='word_1_260' title='bbox 286 4327 446 4393; x_wconf 82' lang='lat' dir='ltr'><strong><em>Declarat.</em></strong></span> <span class='ocrx_word' id='word_1_261' title='bbox 471 4327 502 4393; x_wconf 87' lang='lat' dir='ltr'><strong><em>S.</em></strong></span> <span class='ocrx_word' id='word_1_262' title='bbox 521 4328 641 4413; x_wconf 78' lang='lat' dir='ltr'><strong><em>Gongr.</em></strong></span> <span class='ocrx_word' id='word_1_263' title='bbox 658 4346 763 4410; x_wconf 88' lang='lat' dir='ltr'><strong><em>super</em></strong></span> <span class='ocrx_word' id='word_1_264' title='bbox 785 4328 916 4411; x_wconf 87' lang='lat' dir='ltr'><strong><em>discipl.</em></strong></span> <span class='ocrx_word' id='word_1_265' title='bbox 934 4348 1006 4415; x_wconf 84' lang='lat' dir='ltr'><strong><em>rep.</em></strong></span> <span class='ocrx_word' id='word_1_266' title='bbox 1024 4330 1045 4391; x_wconf 88' lang='lat'><strong>7</strong></span> <span class='ocrx_word' id='word_1_267' title='bbox 1067 4329 1143 4394; x_wconf 85' lang='lat' dir='ltr'><strong><em>Feb.</em></strong></span> <span class='ocrx_word' id='word_1_268' title='bbox 1168 4328 1255 4393; x_wconf 83' lang='lat'>1862</span> <span class='ocrx_word' id='word_1_269' title='bbox 1277 4327 1318 4392; x_wconf 86' lang='lat' dir='ltr'><strong><em>sd</em></strong></span> <span class='ocrx_word' id='word_1_270' title='bbox 1335 4328 1366 4393; x_wconf 82' lang='lat'><strong><em>2.</em></strong></span> <span class='ocrx_word' id='word_1_271' title='bbox 1384 4364 1397 4377; x_wconf 93' lang='lat'><em>·</em></span> <span class='ocrx_word' id='word_1_272' title='bbox 1414 4327 1462 4393; x_wconf 83' lang='lat' dir='ltr'><strong><em>of.</em></strong></span> 
     </span>
     <span class='ocr_line' id='line_1_34' title="bbox 288 4451 1463 4537; baseline 0 -22"><span class='ocrx_word' id='word_1_273' title='bbox 288 4452 491 4535; x_wconf 82' lang='lat' dir='ltr'><strong><em>Rescriptum</em></strong></span> <span class='ocrx_word' id='word_1_274' title='bbox 517 4451 550 4517; x_wconf 86' lang='lat' dir='ltr'><strong><em>S.</em></strong></span> <span class='ocrx_word' id='word_1_275' title='bbox 571 4453 694 4537; x_wconf 83' lang='lat' dir='ltr'><strong><em>Conpr.</em></strong></span> <span class='ocrx_word' id='word_1_276' title='bbox 713 4454 781 4517; x_wconf 86' lang='grc' dir='ltr'><strong><em>ΕΕ.</em></strong></span> <span class='ocrx_word' id='word_1_277' title='bbox 805 4459 837 4518; x_wconf 93' lang='lat' dir='ltr'><strong><em>et</em></strong></span> <span class='ocrx_word' id='word_1_278' title='bbox 860 4452 934 4518; x_wconf 80' lang='lat' dir='ltr'><strong><em>llll.</em></strong></span> <span class='ocrx_word' id='word_1_279' title='bbox 951 4454 993 4519; x_wconf 85' lang='lat'><strong><em>19</em></strong></span> <span class='ocrx_word' id='word_1_280' title='bbox 1009 4452 1094 4519; x_wconf 73' lang='lat' dir='ltr'><strong><em>Nou,</em></strong></span> <span class='ocrx_word' id='word_1_281' title='bbox 1111 4453 1211 4519; x_wconf 87' lang='grc'><em>1886.</em></span> <span class='ocrx_word' id='word_1_282' title='bbox 1233 4456 1382 4518; x_wconf 79' lang='lat' dir='ltr'><strong><em>Attamen</em></strong></span> <span class='ocrx_word' id='word_1_283' title='bbox 1401 4452 1463 4516; x_wconf 85' lang='lat' dir='ltr'><strong><em>viri</em></strong></span> 
     </span>
    </p>
   </div>
   <div class='ocr_carea' id='block_1_7' title="bbox 0 0 1680 5100">
    <p class='ocr_par' dir='ltr' id='par_1_8' title="bbox 0 0 1680 5100">
     <span class='ocr_line' id='line_1_35' title="bbox 0 0 1680 5100; baseline 0 0"><span class='ocrx_word' id='word_1_284' title='bbox 0 0 1680 5100; x_wconf 95' lang='lat' dir='ltr'><strong><em> </em></strong></span> 
     </span>
    </p>
   </div>
  </div>
 </body>
</html>
