3350 5100
591 319 701 371 tucax
724 320 928 368 ermenricus
1283 302 1349 368 717

168 441 230 498 535.
249 444 290 497 De
308 443 486 497 institutione
506 444 532 497 S.
552 443 786 521 congregationis
805 443 912 495 Indicis
945 482 951 492 .
992 482 997 493 .
1038 482 1044 492 .
1083 472 1093 494 „
1127 480 1133 493 .
1171 480 1178 494 .
1211 460 1276 513 pap.
1296 444 1350 497 545
1454 483 1456 489 ,

169 547 230 602 536.
251 547 291 603 De
310 549 370 603 eius
389 548 496 602 radone
517 547 680 616 procedendi
683 585 1223 600 .............
1260 564 1278 603 a
1296 548 1350 601 547

167 653 229 707 537.
250 653 289 708 lle
308 655 369 708 eius
386 653 562 707 decretorum
582 655 751 708 auctoritate
770 690 1225 707 ...........
1254 670 1277 728 's
1296 652 1350 707 548

639 849 799 905 TlTULUS
818 850 880 904 Xll.

476 1028 512 1065 DE
533 1026 675 1066 PROGESSU
695 1027 828 1065 llllllGlALl
850 1027 1039 1066 merlenmaco

371 1135 399 1173 ln
419 1135 627 1174 DBNUNGIATUH
646 1136 725 1174 thUbl
745 1135 877 1174 calulate
896 1135 1146 1174 sounlolrsrlonls.

169 1297 231 1352 538.
250 1298 277 1353 S.
297 1299 397 1368 congr.
424 1298 559 1352 eeneii
585 1300 613 1352 in
639 1299 832 1354 executionem
857 1300 950 1353 coust.
976 1298 1225 1353 «Sacramentum

276 1391 496 1476 poenitentiae)
513 1405 608 1475 plures
626 1404 713 1459 edidit
731 1404 932 1459 Instructiones
948 1442 1130 1456 .....
1160 1419 1225 1471 pap.
1263 1400 1353 1454 »549

170 1506 233 1562 539.
252 1508 357 1562 Harum
380 1509 502 1563 intentio
522 1524 578 1563 non
596 1510 664 1563 sinit
682 1508 833 1578 Episcopus
858 1508 1005 1576 procedere
1027 1505 1228 1561 enerciudicio-

279 1617 345 1671 liter
364 1616 409 1671 vel
429 1634 465 1670 ex
483 1618 638 1689 informata
656 1618 824 1670 conscicntia
825 1652 1226 1669 ..........
1264 1628 1282 1669 )>
1315 1614 1354 1666 ib·

171 1722 233 1775 540.
253 1720 293 1777 De
311 1701 403 1775 iudice
422 1727 607 1790 competente.
628 1721 667 1775 De
684 1722 796 1775 notario
820 1760 1227 1775 ..........
1264 1736 1282 1778 r
1300 1720 1353 1774 550

171 1826 234 1882 541.
253 1825 293 1881 De
304 1826 567 1881 denunciationibus
579 1826 753 1895 recipiendis,
766 1834 794 1881 et
806 1825 1019 1894 prudentissime
1037 1825 1244 1907 examinandis.

277 1933 358 1987 iuxta
381 1934 537 2004 formulam
556 1933 709 2002 Episcopus
726 1935 774 2003 qui
799 1934 904 2002 excipit
927 1933 1169 1987 denunciationem
1195 1933 1228 1987 de

280 2040 377 2095 eadem
395 2041 542 2095 certiorem
562 2041 655 2095 iacere
673 2040 757 2093 debet
775 2040 801 2093 S.
821 2039 922 2109 Oongr.
943 2041 969 2093 S.
988 2040 1086 2093 Officii.
1132 2079 1137 2092 .
1175 2078 1182 2092 .
1220 2078 1227 2091 .
1264 2052 1282 2095 r
1316 2040 1352 2092 ib.

173 2147 236 2200 542.
256 2145 295 2200 De
313 2147 479 2216 probatione
500 2146 583 2199 huius
601 2146 726 2200 criminis
727 2182 1228 2201 ............
1264 2162 1283 2203 a
1300 2145 1354 2199 556
1371 2186 1374 2195 .

173 2252 235 2307 543.
254 2252 294 2307 De
313 2254 393 2324 praxi
410 2253 438 2307 8.
448 2254 551 2323 Cougr.
565 2253 592 2306 S.
607 2253 641 2309 U.
655 2252 712 2324 luq.
731 2252 810 2306 Hanc
828 2254 851 2306 si
872 2268 925 2307 uon
945 2252 1121 2320 adamussim,
1135 2258 1229 2308 tamen
1357 2235 1358 2238 Ἴ

280 2359 321 2413 uti
349 2360 471 2429 speciem
501 2358 709 2429 prudentissimi
741 2375 887 2429 processus
914 2374 981 2429 prae
1007 2359 1096 2413 oculis
1122 2358 1227 2414 habere

278 2466 383 2522 debent
399 2466 539 2520 ordinarii
558 2467 594 2520 iis
612 2468 698 2520 etiam
711 2467 739 2517 in
753 2467 872 2529 casibus,
885 2466 986 2536 quibos
1004 2466 1057 2535 ipsi
1078 2464 1230 2534 procedunt

280 2591 331 2627 sua
348 2573 490 2627 ordinaria
510 2576 649 2642 potestate
687 2608 1229 2625 .............
1265 2584 1284 2627 r
1301 2571 1355 2624 559

174 2681 236 2734 544.
256 2679 388 2732 Refertur
407 2679 558 2732 instructio
575 2695 602 2732 a.
626 2678 694 2732 1867
696 2716 871 2729 .....
881 2705 883 2710 ·
910 2717 1229 2732 ........
1267 2693 1284 2732 r
1302 2677 1356 2730 564

174 2879 355 2930 Aruernus
369 2875 388 2928 Ι.
399 2903 433 2915 -
443 2874 592 2928 Instructio
604 2890 652 2943 pro
662 2873 729 2929 eccl.
741 2875 832 2929 Curiis
842 2877 931 2948 quoad
943 2877 1054 2935 modum
1064 2874 1230 2945 procedendi
1307 2913 1312 2919 .

281 2982 459 3036 oeconomice
477 2981 507 3034 in
525 2982 616 3034 causis
639 2982 833 3036 criminalibus
851 2989 880 3036 et
897 2983 1123 3052 disciplinaribus
1147 2982 1230 3036 cleri·

282 3088 393 3155 corum,
411 3089 488 3144 edita
507 3089 559 3141 sub
582 3088 627 3142 die
650 3088 677 3141 ll
701 3089 770 3142 lunii
793 3089 871 3154 1880,
890 3089 985 3144 italice
999 3094 1129 3158 exarata,
1146 3103 1230 3159 quam

283 3195 370 3250 latine
390 3197 431 3250 ita
450 3195 627 3250 reddiderunt
643 3196 833 3250 moderatores
845 3196 1031 3266 ephemeridis
1048 3200 1151 3252 «Acta
1163 3195 1232 3250 San·

285 3308 348 3358 ctae
367 3302 475 3358 Sedis»
511 3339 1231 3358 .................
1267 3316 1286 3358 »
1303 3301 1353 3356 571

178 3455 355 3571 Ancaasruu
373 3481 406 3535 ll.
424 3511 461 3524 -
479 3481 652 3537 Documenta
670 3499 720 3551 pre
738 3483 829 3537 causis
848 3482 1106 3537 matrimonialibus.
1120 3482 1231 3536 Consti·

284 3591 357 3644 tutio
376 3590 405 3643 in
424 3606 480 3660 qua
498 3588 697 3658 praescribitur
714 3590 782 3644 ordo
799 3596 828 3644 et
846 3592 936 3644 forma
954 3591 983 3643 in
1002 3589 1112 3644 iudiciis
1133 3606 1229 3644 causs-

284 3715 344 3751 rum
365 3696 614 3751 matrimonialium
633 3697 785 3752 serrandus
786 3735 1234 3751 ...........
1270 3712 1289 3755 n
1305 3697 1360 3751 576

179 3896 358 3948 Amasenus
376 3891 421 3946 lll.
439 3920 476 3934 -
494 3892 643 3945 Instructio
661 3891 736 3946 edita
754 3909 771 3945 a
790 3891 816 3943 S.
837 3891 867 3946 0.
887 3891 1006 3946 Concilii
1025 3893 1071 3947 die
1088 3895 1124 3946 22
1136 3895 1234 3964 Angu-

285 3999 321 4052 sti
344 3998 412 4053 1840
439 4015 489 4068 pro
506 3999 682 4053 confectione
707 4014 851 4067 processus
877 3999 904 4051 in
928 3999 1020 4052 causis
1043 3967 1231 4054 matrimonia·

286 4105 359 4159 libus
377 4143 1233 4160 ....................
1271 4123 1288 4160 a
1306 4106 1361 4160 585

179 4283 361 4337 Amnesnuss
380 4282 425 4336 lv,
445 4311 480 4325 -
499 4283 650 4338 lustructio
660 4283 695 4337 (le
707 4283 818 4337 indiciis
835 4281 1034 4339 ecclesiasticis
1045 4285 1121 4339 circa
1133 4301 1231 4338 cauma

285 4390 508 4446 matrimoniales
514 4427 1101 4445 ..............
1139 4431 1146 4460 ,
1183 4431 1190 4447 .
1226 4431 1235 4447 .
1272 4363 1361 4448 »592
