3350 5100
317 301 383 367 loo
611 362 614 369 ,
714 395 717 399 q
798 322 921 386 ⁴rans
946 323 968 368 1.

315 444 373 511 sad
397 446 430 510 in
448 445 614 527 pondere,
631 464 777 511 nurnero
800 451 833 511 et
854 465 1017 512 meosctro
1041 447 1087 512 uti
1105 447 1248 530 loquitur
1271 449 1293 513 t.
1313 449 1348 530 2,
1372 450 1437 532 51,
1461 452 1500 533 ff.

317 570 370 636 De
391 568 492 636 robus
515 569 669 653 creditis;
692 569 793 634 veluti
808 570 964 654 pecuniae
979 570 1072 635 valor
1087 589 1153 634 non
1175 573 1365 638 aestimatur
1388 572 1500 638 habita

321 696 449 761 ratione
459 695 582 760 nummi
592 693 781 760 moteridis
795 714 853 760 seu
867 695 1013 762 concreti
1024 694 1081 761 sed
1093 697 1162 761 eius
1170 697 1345 779 ponderis.
1363 699 1503 764 numeri

320 827 353 906 et
368 838 569 902 marmaroe3
592 838 703 909 quare,
720 839 780 906 per
803 840 849 892 se,
866 820 1012 885 eumdem
1036 821 1182 888 obtinent
1205 821 1347 888 valorem
1373 827 1501 890 scutata

319 943 426 1007 omnia
449 961 532 1026 quae
563 920 760 1006 conveniunt
782 943 816 1007 in
833 943 1007 1026 pondere,
1031 962 1174 1010 numero
1194 951 1231 1010 ct
1253 963 1416 1010 mensuro
1441 943 1497 1030 (ll.

319 1067 399 1135 Cum
418 1067 483 1134 tale
507 1066 548 1132 sit
570 1067 731 1132 obiectum
754 1069 871 1140 mutui,
897 1073 1041 1132 mutuum
1065 1066 1233 1135 definitur:
1262 1071 1504 1138 «Contractus

321 1213 388 1279 quo
400 1213 457 1260 res
471 1213 539 1259 usu
550 1192 816 1278 consumptibilis
827 1196 879 1258 cet
893 1191 1073 1280 faaqibitis
1087 1195 1192 1261 alicui
1202 1195 1307 1261 datm·
1322 1215 1363 1262 eo
1379 1198 1451 1282 leqe
1462 1203 1503 1261 nt

320 1319 531 1386 tantumdem
548 1317 666 1385 codem
680 1337 805 1403 penore
819 1317 1019 1384 restituatur
1034 1339 1064 1381 a.
1083 1319 1218 1402 lnquom
1235 1320 1351 1386 codem
1363 1339 1498 1406 qaam,

320 1445 395 1528 quia
424 1443 547 1508 iuristis
575 1442 704 1525 specics
734 1441 890 1525 estquod
919 1441 1119 1527 philosophis
1151 1448 1200 1508 est
1220 1439 1444 1510 'indiuiduam
1468 1449 1505 1512 et

319 1589 429 1657 penus
440 1567 523 1652 quod
539 1566 739 1657 philosophis
754 1573 804 1632 est
817 1566 954 1649 species.
967 1603 984 1615 -
996 1567 1139 1632 Proinde
1151 1556 1302 1654 obligatio
1315 1571 1501 1634 mutuatarii

320 1695 377 1760 illa
400 1699 450 1759 est
472 1699 516 1766 ut,
533 1697 652 1758 statuto
668 1697 823 1776 tempore,
842 1693 992 1757 restituat
1006 1693 1164 1757 mutuanti
1180 1712 1251 1758 rem
1275 1699 1451 1758 mutuatam
1467 1695 1502 1758 in

321 1818 434 1884 eadem
450 1817 603 1901 qualitate
620 1822 652 1881 et
667 1817 845 1900 quantitate
861 1836 917 1881 seu
934 1816 1130 1882 trumentum
1153 1823 1330 1884 mutuatum
1352 1821 1501 1886 restituat

321 1963 381 2029 pro
404 1941 516 2009 eadem
537 1943 691 2026 qualitate
713 1946 746 2007 et
769 1943 947 2024 quantitate
972 1947 1004 2010 et
1026 1962 1181 2007 summam
1205 1945 1362 2027 pecuniae
1385 1943 1504 2008 reddat

322 2073 357 2136 in
380 2058 491 2134 eadem
515 2069 703 2152 quantitate.

412 2194 647 2277 Consequentia
669 2199 735 2266 est,
760 2191 806 2276 (et
828 2191 892 2256 hoo
918 2191 1029 2258 sedulo
1060 2191 1262 2278 advertatur)
1288 2212 1358 2259 rem
1390 2199 1505 2258 mutuo

323 2319 431 2386 datam
445 2318 588 2385 transire
611 2317 648 2381 in
670 2315 863 2383 dominium
886 2317 1071 2381 mutuatarii
1095 2319 1149 2400 qui
1173 2317 1317 2382 eamdem
1342 2319 1502 2383 consumit

322 2450 379 2512 aut
400 2445 529 2513 alienat,
547 2443 701 2527 quocirca
715 2443 741 2506 si
758 2461 813 2526 res
828 2439 1004 2507 fructificat
1025 2439 1201 2508 fructificat
1219 2443 1355 2516 domino,
1373 2445 1401 2508 si
1417 2446 1506 2529 perit

322 2572 407 2657 perit
425 2569 562 2642 domino,
579 2568 703 2633 scilicet
718 2567 921 2631 mutuatario.
939 2566 1018 2631 Inde
1035 2568 1133 2633 Divus
1149 2568 1271 2633 Thema
1288 2568 1502 2653 apodicticam

323 2693 452 2761 conticit
466 2699 691 2779 argumentum
705 2693 737 2756 in
749 2691 1049 2756 condemnationem
1065 2712 1237 2757 usurarum
1254 2692 1315 2773 (2².
1329 2692 1389 2765 2²⁶,
1403 2713 1433 2777 q.
1446 2694 1505 2775 78,

322 2828 384 2887 art.
402 2820 448 2899 2),
473 2818 612 2904 probans
635 2836 678 2882 ex
701 2818 732 2880 vi
756 2816 858 2880 mutui
876 2836 990 2881 usuras
1005 2836 1071 2882 non
1086 2818 1210 2897 venire,
1227 2820 1302 2901 quia
1321 2819 1354 2881 in
1371 2822 1504 2882 contra-

323 2944 427 3013 ctibus
441 2943 481 3009 de
496 2944 568 3007 iure
590 2947 726 3007 naturae
745 2940 909 3005 servanda
932 2946 980 3006 est
1002 2926 1188 3026 aequalitas,
1206 2961 1287 3025 quae
1308 2942 1504 3007 examussim

323 3073 486 3137 obtinetur
501 3074 535 3133 in
551 3074 720 3134 contractu
736 3072 837 3133 mutui
855 3068 981 3152 quando
998 3068 1109 3133 eadem
1127 3088 1180 3133 res
1196 3074 1305 3134 mutuo
1321 3074 1454 3154 accepta
1469 3072 1504 3135 in

324 3215 446 3285 genere
469 3196 659 3261 restituitur.
686 3196 753 3259 Nec
779 3198 938 3266 mutuans,
963 3195 996 3259 vi
1019 3194 1131 3273 mutui,
1154 3194 1279 3260 fructus
1303 3214 1345 3259 ex
1369 3216 1430 3259 usu
1453 3196 1504 3260 rei

323 3326 487 3388 mutuatae
503 3322 637 3405 exigere
651 3320 746 3392 valet,
760 3321 835 3403 quia
848 3319 1061 3393 mutuatarius
1072 3316 1108 3383 fit
1120 3318 1266 3384 dominus
1280 3320 1328 3383 rei
1340 3323 1506 3385 mutuatae

324 3453 358 3514 et
381 3468 434 3513 res
456 3444 633 3511 fructificat
655 3445 793 3509 domino.

412 3571 467 3635 73.
491 3573 535 3636 At
558 3571 709 3655 deinceps
732 3570 814 3634 haec
837 3568 980 3633 advertit
996 3568 1094 3633 Divus
1110 3568 1250 3633 Thomas
1273 3570 1293 3633 l.
1312 3588 1352 3641 a,
1376 3565 1507 3633 obiecta

325 3700 410 3763 enim
427 3696 487 3764 sibi
502 3697 565 3761 hac
581 3692 782 3761 difficultate:
802 3692 974 3758 «Videtur
991 3692 1073 3776 quod
1090 3693 1205 3776 aliquis
1220 3693 1321 3777 possit
1336 3711 1396 3777 pro
1409 3710 1504 3777 pecu-

324 3826 379 3888 nia
394 3827 539 3889 mutuata
552 3821 692 3904 aliquam
707 3820 802 3883 aliam
824 3818 1087 3883 commoditatem·
1097 3824 1260 3903 expetere.
1280 3817 1508 3900 Unusquisque

323 3949 409 4013 enim
424 3948 512 4012 licite
529 3950 632 4031 potest
644 3963 720 4009 suae
737 3942 937 4008 indemnitati
951 3942 1130 4015 consulere,
1145 3941 1200 4007 sed
1214 3940 1405 4027 quandoque
1417 3939 1505 4005 dam·

325 4094 400 4139 num
417 4073 532 4156 aliquis
547 4072 668 4157 patitur
690 4090 733 4135 ex
756 4070 819 4134 hoc
840 4067 923 4152 quod
947 4069 1114 4153 pecuniam
1135 4072 1268 4132 mutuat.
1286 4068 1375 4152 Ergo
1391 4070 1453 4131 etc.
1471 4084 1506 4141 »;

413 4248 454 4321 (l)
474 4248 546 4302 Hinc
564 4264 635 4301 onim
654 4262 783 4301 nummus
799 4244 938 4315 adaquata
957 4244 1282 4313 repraesentatalterum
1296 4241 1418 4299 eiusdem
1434 4254 1506 4311 pon-

324 4356 399 4413 deris
416 4361 446 4411 et
464 4372 611 4411 mansurae
629 4370 677 4409 seo
697 4370 768 4408 unos
785 4353 916 4423 sancitur
928 4366 978 4420 pro
991 4349 1095 4417 altero;
1114 4348 1179 4405 hinc
1192 4350 1283 4407 dictae
1296 4354 1362 4405 siunt
1375 4364 1421 4405 res
1438 4350 1509 4419 sua-

324 4464 434 4548 9iltilcs.
