3350 5100
291 298 341 363 ’28
825 318 910 366 raas
933 317 956 363 1.

291 438 385 524 ficiis·
397 439 672 524 quibuscumque,
686 458 874 524 eorumque
888 439 1098 523 complices»
1110 459 1118 514 ;
1130 440 1190 505 snb
1202 460 1234 504 n.
1248 442 1298 505 lx
1310 443 1343 504 in
1358 439 1475 507 ‹Reos

296 563 463 631 simoniae
484 566 732 646 confidentiolis
753 566 791 630 in
811 565 979 650 beneficiis
1001 564 1210 650 quibuslibet.
1231 567 1476 651 cmascumque

290 689 362 755 sint
376 689 551 776 dicacitatis
567 709 598 766 ›;
614 689 672 756 sub
690 709 720 754 n.
740 691 772 755 X
787 691 821 754 in
841 717 858 747 ι
876 689 965 757 Reos
980 690 1156 756 Simonioe
1172 692 1278 756 reotis
1292 689 1333 758 ob
1347 691 1476 777 inpres-

294 831 371 880 sum
393 815 431 880 in
454 813 666 900 Relipionem
682 835 711 878 a.
731 815 912 880 Praeterea
933 819 1009 880 suut
1031 814 1114 878 aliae
1130 814 1240 898 plures
1255 835 1380 899 poenae
1394 833 1475 898 quas

294 959 352 1004 suo
375 941 448 1006 loeo
470 939 704 1026 explicabimus
727 939 782 1025 (l).

386 1065 438 1131 17.
456 1067 509 1146 At,
526 1066 558 1129 in
576 1066 697 1151 primis,
716 1065 862 1130 criminis
884 1065 1038 1131 simoniae
1061 1065 1297 1150 praemittenda
1312 1070 1362 1132 est
1377 1066 1473 1130 notio.

294 1187 437 1256 Simonia
458 1185 629 1254 definitur:
656 1209 675 1250 ι
699 1188 860 1254 Stredioso
883 1187 1040 1254 voluntas
1069 1188 1205 1254 emendi
1230 1190 1283 1254 oet
1305 1188 1475 1254 caedendi

289 1311 403 1394 pretio
427 1313 608 1396 temporati
623 1311 756 1397 aliquid
775 1312 965 1396 spirituale,
981 1314 1033 1378 oet
1052 1311 1226 1395 spirituali
1248 1312 1426 1378 aduenam
1441 1335 1472 1375 ».

295 1437 436 1504 Dicitur:
455 1437 641 1504 «studioso
664 1439 823 1504 voluntas
845 1437 980 1502 emendi
1002 1439 1054 1503 oet
1078 1436 1248 1503 recudendi
1262 1459 1294 1517 »,
1318 1436 1473 1520 siquidem

294 1564 439 1636 simonia,
460 1568 588 1648 quaest
610 1565 744 1638 crimen,
762 1564 908 1629 consistit
923 1565 955 1626 in
972 1565 1209 1647 permutatione
1233 1564 1281 1629 rei
1297 1563 1474 1649 spiritualis

294 1705 366 1750 cum
383 1687 567 1770 temporali;
583 1685 719 1770 proinde
739 1687 859 1770 emptio
881 1691 914 1750 et
929 1685 1071 1752 venditio
1086 1687 1120 1750 in
1139 1683 1324 1751 delinitione
1343 1688 1475 1750 assumi·

292 1815 348 1876 tur
365 1811 407 1874 uti
425 1829 538 1895 genus,
554 1809 595 1874 ad
610 1807 839 1896 significandas
854 1830 966 1875 omnes
980 1811 1106 1896 species
1122 1817 1308 1876 contractus
1324 1812 1473 1886 onerosi,

294 1933 492 2016 propositum
509 1937 615 1997 autem
631 1932 836 2016 delinquendi
858 1933 1041 2018 appellatur
1054 1932 1208 1998 studioso
1227 1935 1384 1998 colunnas
1400 1934 1475 2016 quia
1538 1921 1543 1931 ’

293 2059 448 2131 simonia,
473 2059 518 2122 uti
542 2058 664 2136 vitium,
690 2057 812 2122 residet
835 2059 869 2122 in
891 2059 1064 2124 uoluntate
1086 2056 1144 2142 (2),
1160 2063 1193 2122 et
1216 2057 1299 2122 haec
1322 2055 1475 2124 definitur

294 2181 446 2248 studiosa
461 2200 518 2246 seu
534 2179 721 2246 deliberata
743 2180 783 2245 ad
800 2182 925 2245 crimen
942 2179 1152 2266 patrandum
1169 2183 1295 2266 quippe,
1312 2182 1358 2246 uti
1374 2181 1475 2266 expli-

292 2305 447 2386 cabimus,
468 2309 544 2370 suut
566 2304 651 2369 tituli
674 2304 754 2370 iusti
777 2305 817 2370 ob
841 2325 920 2389 quos
936 2306 1013 2370 licet
1036 2305 1115 2370 dare
1137 2306 1318 2390 temporale
1341 2311 1475 2391 propter

294 2431 472 2516 spirituale,
492 2449 550 2495 seu
572 2429 749 2496 occasione
771 2431 820 2496 rei
844 2430 1029 2515 spiritualis,
1051 2430 1106 2496 sed
1129 2451 1194 2494 non
1219 2433 1252 2494 in
1268 2432 1475 2515 permutatio·

294 2577 368 2623 nem
397 2558 491 2621 unius
514 2576 587 2621 cum
618 2556 732 2621 altero.
755 2557 894 2629 Etenim,
919 2563 1032 2641 suapte
1055 2560 1097 2629 vi,
1122 2558 1205 2622 hacc
1228 2560 1399 2622 conventio
1425 2563 1475 2625 est

293 2682 479 2755 simoniaca,
496 2680 622 2764 quando
638 2678 807 2765 perficitur
822 2700 843 2744 a
858 2680 1033 2751 voluntate.
1051 2700 1133 2764 quae
1149 2682 1259 2747 studet
1282 2701 1474 2767 comparare

293 2805 469 2890 temporale
492 2807 583 2889 quasi
608 2806 746 2888 pretium
770 2825 843 2869 cum
875 2805 1032 2889 spirituali
1063 2808 1153 2889 quasi
1185 2824 1304 2871 merce.
1322 2827 1341 2869 ‹
1358 2805 1473 2874 Pretio

290 2930 474 3013 temporali
498 2954 515 2994 a
541 2930 624 3014 quod
646 2933 786 3015 pretium
816 2931 938 3015 triplex
964 2931 1171 3017 distinguitur
1200 2933 1271 2997 iure
1302 2934 1473 3014 canonico,

294 3058 384 3121 iuxta
407 3058 596 3121 sententiam
625 3076 699 3123 con.
725 3056 794 3131 tlt,
820 3076 912 3123 cous.
937 3059 965 3137 1,
990 3077 1021 3141 q.
1046 3058 1073 3131 1,
1098 3040 1249 3143 Gregorii
1274 3059 1317 3123 M.
1341 3060 1472 3124 aientis:

295 3182 436 3247 «Aliud
459 3186 506 3247 est
529 3201 655 3247 munus
678 3181 721 3247 ab
737 3180 906 3267 obsequio,
923 3182 1021 3248 atiud
1043 3203 1170 3249 munus
1192 3204 1214 3247 o
1236 3203 1353 3265 manu,
1378 3182 1474 3250 otico

293 3326 421 3373 munus
439 3327 462 3373 a
482 3307 611 3393 linquo.
624 3306 755 3371 Munus
770 3307 898 3391 quippe
912 3307 956 3373 ab
971 3308 1129 3393 obsequio
1146 3316 1193 3374 est
1208 3308 1366 3376 subiectio
1382 3309 1474 3375 inde·

381 3482 421 3551 (Ι)
443 3482 534 3536 Etiam
546 3484 576 3536 in
589 3487 685 3537 vetere
697 3486 869 3537 testamento
882 3485 1069 3552 reprobantur
1082 3482 1166 3537 huius
1184 3484 1309 3538 criminis
1322 3486 1370 3552 rei,
1384 3484 1474 3539 ueluti

293 3590 381 3643 Num.
391 3588 441 3654 22,
450 3588 494 3642 nbi
509 3588 624 3642 Balaam
638 3588 671 3641 ad
685 3606 786 3642 munus
798 3589 982 3658 prophetandi
993 3589 1166 3645 vendendum
1180 3590 1362 3656 sollicitatum
1374 3592 1473 3661 3Re9.

292 3694 339 3748 ubi
360 3694 502 3748 leroboam
522 3694 599 3747 misit
617 3709 731 3748 iixorem
751 3694 786 3747 ad
799 3696 901 3748 Abiam
916 3696 1081 3765 prophetam
1094 3712 1156 3749 cum
1170 3698 1340 3761 muneribus,
1353 3702 1386 3749 nt
1402 3696 1474 3750 indi-

290 3808 369 3857 caret
387 3803 440 3856 sibi
461 3802 526 3873 quid
544 3804 669 3855 futurum
689 3807 763 3856 esset
781 3802 815 3855 de
834 3804 946 3857 infirmo
965 3803 1039 3867 tili03
1058 3809 1087 3857 et
1105 3804 1126 3857 4
1144 3804 1212 3873 Ray.
1232 3804 1258 3868 5,
1278 3805 1324 3857 ubi
1343 3804 1418 3859 Giezi
1433 3806 1475 3858 fa·

291 3909 384 3963 mulus
403 3908 488 3962 Elisei
503 3908 592 3962 Naam
607 3908 678 3979 Syro
697 3910 848 3963 salsitatem
861 3910 994 3963 divinitus
1006 3909 1102 3963 datam
1121 3910 1253 3964 vendidit.
1267 3909 1332 3964 Inde
1346 3910 1472 3965 nonnulli

293 4016 347 4069 DD.
367 4016 402 4069 ab
420 4013 498 4069 hisce
516 4030 617 4069 nomen
637 4014 801 4069 derivarunt
820 4032 931 4070 reorum
951 4016 1034 4069 huius
1052 4018 1186 4078 criminis,
1205 4018 1295 4072 veluti
1319 4018 1386 4071 dicti
1408 4022 1474 4071 sunt

290 4126 430 4187 Giezitae;
449 4124 496 4179 sed
515 4141 533 4177 a
551 4124 665 4178 Simone
684 4124 769 4193 Mago
791 4124 965 4193 potissimum
990 4129 1101 4179 tantum
1125 4127 1233 4179 facinus
1259 4126 1473 4195 nuncupandum

292 4236 361 4286 erat.

381 4336 421 4409 (2)
441 4336 499 4390 Hoc
513 4336 630 4405 exprimi
643 4336 770 4401 debebat,
785 4350 819 4391 ne
832 4336 958 4403 simonia,
972 4337 1045 4407 qnod
1060 4338 1186 4393 nonnulli
1199 4340 1308 4406 volunt,
1321 4340 1472 4396 haberetur

291 4444 333 4499 uti
353 4445 460 4514 species
479 4441 617 4507 haeresis,
635 4441 759 4497 haeresis
778 4448 872 4497 autem
890 4449 934 4498 est
952 4459 1030 4498 error
1049 4445 1078 4498 in
1097 4446 1251 4500 intellectu.
