3350 5100
357 350 563 444 minamus
588 374 828 433 caruissemus
854 385 890 431 nu
914 384 1031 430 srncrn
1218 365 1285 430 515

110 528 276 595 processus
288 506 494 593 invocationi
505 507 658 590 praevius
671 508 731 571 etsi
742 512 868 574 tantum
880 507 1021 590 suspicio
1030 507 1082 571 vel
1094 508 1192 571 timor
1203 504 1286 571 adsit

111 634 312 699 inbamionis
333 634 415 718 legis
437 632 490 696 rel
514 632 593 696 iuris
617 613 855 715 cuiuscumque.
878 632 1008 699 Etenim
1031 630 1172 697 monitio
1194 648 1286 716 prae·

112 763 210 827 cavet.
224 756 376 821 hortatur
392 776 433 821 ne
448 756 567 839 aliquid
583 756 772 822 admittatur
787 757 819 819 in
835 756 951 842 legem,
969 758 1001 819 in
1016 757 1076 830 ius;
1093 760 1126 819 et
1140 755 1286 839 quamvis

112 872 330 967 imprudenter
355 881 558 948 monitiones
580 898 646 945 uon
670 882 734 947 sint
757 880 910 953 edendae,
935 881 1011 964 quia
1033 879 1170 945 iuduunt
1192 887 1285 946 natu·

113 1026 177 1071 ram
207 1006 353 1072 remedii
380 1004 546 1088 poematis,
575 1007 619 1070 uti
653 1024 752 1089 supra
781 1005 1022 1090 explicavimus,
1054 1011 1198 1071 attamen
1229 1006 1285 1070 ali·

112 1129 235 1214 quando
247 1128 369 1195 habent
382 1135 529 1195 naturam
541 1128 636 1195 medii
650 1133 773 1194 tantum
781 1130 1040 1212 praeservatioi.
1052 1131 1101 1194 lta
1113 1129 1288 1215 reprehen-

114 1253 232 1321 dendus
249 1274 313 1318 non
331 1260 379 1319 est
395 1252 501 1324 iudex,
518 1253 571 1336 qui
590 1251 769 1317 iudicialem
787 1256 980 1319 sententiam
995 1255 1191 1319 communiat
1209 1272 1288 1319 ceu-

116 1398 206 1443 surae
237 1376 499 1445 comminatione
526 1376 612 1441 latae
643 1376 676 1439 in
708 1396 790 1457 eum,
820 1379 873 1460 qui
904 1380 1094 1445 seutentiam
1129 1377 1292 1444 obtrectet

115 1503 266 1568 mandare
282 1502 476 1581 executioni,
494 1518 526 1565 et
542 1501 603 1565 hoc
619 1502 755 1585 positum
772 1508 843 1566 erat
862 1504 1003 1567 inmure
1024 1502 1100 1569 trib.
1119 1503 1157 1567 R.
1176 1503 1289 1569 Ratae.

116 1628 362 1697 Declaratianis
372 1633 478 1691 autem
491 1645 688 1711 processum,
703 1646 762 1711 per
777 1626 969 1693 citationem
982 1629 1040 1701 rei,
1054 1628 1209 1694 incohare
1225 1646 1290 1693 non

116 1755 189 1821 licet
210 1754 272 1819 nisi
289 1754 342 1817 rel
366 1773 407 1818 ex
428 1754 642 1825 accusatione,
660 1753 712 1817 vel
730 1772 771 1817 ex
787 1752 1045 1828 denunciatione,
1063 1762 1119 1820 aut
1134 1775 1176 1819 ex
1192 1756 1292 1838 inqui·

116 1882 226 1946 sitione
249 1880 372 1957 curiae,
397 1897 436 1942 ea
458 1879 572 1943 notitia
599 1878 661 1941 iam
685 1878 843 1960 acquisita
868 1880 910 1945 sit
933 1880 972 1944 de
1000 1881 1136 1946 crimine
1163 1885 1198 1945 ut
1224 1881 1293 1945 eius

117 2006 351 2069 accusationem
374 2003 557 2066 instaurare
581 2001 631 2065 fas
653 2002 704 2067 sit.

202 2129 278 2195 494.
306 2126 507 2192 Procedendi
526 2128 616 2199 ratio,
640 2132 673 2191 ut
689 2127 881 2193 deveniatur
896 2129 936 2193 ad
952 2129 1227 2212 declarationem,
1244 2137 1294 2196 est

118 2253 307 2319 summaria
330 2256 363 2317 et
386 2251 610 2321 oeconomica,
628 2254 673 2316 uti
690 2242 783 2316 docet
800 2252 973 2318 Monacelli
997 2273 1051 2336 op.
1076 2255 1129 2320 eit.
1149 2260 1243 2337 part.
1259 2254 1292 2327 3,

120 2380 163 2443 tit.
175 2400 208 2444 n.
223 2379 245 2443 4
259 2396 309 2462 sq.
320 2378 372 2460 qui
387 2375 522 2460 proinde
534 2374 634 2440 tradit
648 2373 798 2441 sufficere
809 2378 948 2444 unicam
964 2378 1166 2461 citatiorem,
1179 2398 1294 2465 nempe

119 2498 394 2584 percomtmiam.
414 2534 431 2546 -
449 2498 496 2565 ef.
514 2518 596 2584 quae
611 2518 710 2584 supra
725 2499 971 2584 explicavimus
994 2500 1077 2567 unde
1093 2507 1181 2587 patet
1196 2502 1295 2568 eden·

122 2625 189 2690 dam
202 2645 275 2690 esse
287 2622 459 2690 secundam
469 2623 670 2696 citationem,
681 2625 706 2688 si
721 2643 785 2688 nou
798 2627 876 2688 satis
884 2630 1009 2692 cunstat
1017 2625 1058 2689 de
1069 2628 1294 2694 contumacia.

207 2749 283 2816 495.
309 2749 458 2815 citationi
481 2748 686 2832 subsequitur
709 2749 903 2816 contestatio
927 2749 1076 2816 facienda
1098 2753 1190 2817 iuxta
1220 2771 1296 2816 nor-

124 2895 187 2941 mas
210 2879 272 2940 iam
297 2874 536 2958 explicasset
555 2873 786 2940 contestationi
809 2873 1014 2957 subsequitur
1030 2895 1201 2959 processus
1212 2896 1297 2960 pro·
1322 2885 1325 2893 '

125 2999 261 3081 battutas,
275 3017 389 3083 nempe
401 2998 583 3082 offensione
594 3003 627 3062 et
639 2994 841 3078 dolentiam,
857 2997 1043 3080 usquedum
1056 2996 1113 3064 flat
1127 3002 1297 3067 conctnsio

124 3124 159 3188 in
181 3141 295 3189 caasa.
309 3127 341 3186 et
366 3121 550 3204 publicatio
578 3139 788 3204 praeessem·v
808 3139 913 3204 neque
939 3122 1073 3206 posthac
1097 3124 1297 3208 prohibetur.

126 3267 291 3332 processus
314 3246 507 3328 defemiaas
534 3266 593 3330 per
615 3245 931 3313 animadversiones
962 3251 995 3313 et
1024 3249 1245 3334 alienationes
1267 3253 1300 3315 in

126 3371 197 3436 iare
220 3378 253 3437 et
276 3373 307 3436 in
330 3369 422 3454 sacto
443 3375 475 3434 et
491 3371 586 3434 etiam
602 3371 807 3454 peroratam
823 3369 1111 3454 disceptationem,
1128 3378 1299 3457 antequam

126 3492 237 3559 edatur
260 3495 419 3560 sententia
443 3490 616 3558 definitiva.

212 3617 287 3710 496.
312 3618 410 3684 Nulla
433 3619 466 3681 in
490 3619 560 3682 iure
584 3619 787 3702 praescripta
809 3622 860 3682 est
882 3617 987 3682 torma
1009 3618 1171 3691 solemnis,
1189 3619 1245 3683 sed
1269 3623 1302 3684 in

126 3743 257 3826 scriptis
276 3743 474 3828 proferenda
498 3747 547 3808 est
566 3747 648 3808 sent.
670 3742 910 3816 declaratort'a,
928 3744 989 3808 nisi
1011 3743 1098 3808 aliud
1122 3745 1306 3829 expostulet

129 3869 309 3933 necessitas.
336 3867 406 3932 Hac
431 3869 516 3932 enim
540 3871 686 3952 urgente,
713 3867 807 3931 etiam
832 3871 988 3933 oretenus
1011 3868 1139 3951 prolata
1163 3869 1258 3934 tralet.

215 3991 290 4057 497.
307 3991 485 4056 Praeterea
497 3989 745 4075 perpendendas
759 3994 922 4061 astemus,
936 4009 998 4072 quo
1011 3995 1154 4075 praestat
1165 3992 1303 4076 aliquem

129 4112 304 4182 declarare
317 4117 463 4182 censuris
479 4115 674 4188 innodatum,
692 4119 742 4180 ast
756 4113 986 4199 impedimento
1000 4116 1042 4180 sit
1057 4117 1305 4200 incompetentia

131 4233 247 4302 iudicis.
271 4238 436 4306 Videlicet
458 4239 565 4325 agitur
589 4239 628 4304 de
653 4259 700 4320 eo,
726 4239 781 4322 qui
808 4237 906 4304 natta
932 4238 1067 4304 ratione
1089 4244 1138 4304 est
1161 4238 1305 4306 subditus

131 4355 311 4436 ordinaria,
329 4367 363 4426 ut
382 4368 459 4448 puta
478 4364 553 4447 quia
573 4368 621 4428 est
633 4361 851 4449 percantans,
871 4367 978 4426 tamen
996 4360 1191 4428 Ordinarius
1206 4363 1306 4430 vellet

133 4487 164 4546 ui
186 4486 252 4552 eius
276 4486 391 4554 subditi
415 4489 503 4553 hunc
526 4490 690 4554 hominem
715 4489 814 4554 veluti
832 4487 984 4554 censeris
999 4488 1170 4554 irretitam
1187 4508 1305 4574 cogno-
