<?xml version="1.0" encoding="UTF-8"?>
<!DOCTYPE html PUBLIC "-//W3C//DTD XHTML 1.0 Transitional//EN"
    "http://www.w3.org/TR/xhtml1/DTD/xhtml1-transitional.dtd">
<html xmlns="http://www.w3.org/1999/xhtml" xml:lang="en" lang="en">
 <head>
  <title>
</title>
<meta http-equiv="Content-Type" content="text/html;charset=utf-8" />
  <meta name='ocr-system' content='tesseract 3.04.00' />
  <meta name='ocr-capabilities' content='ocr_page ocr_carea ocr_par ocr_line ocrx_word'/>
</head>
<body>
  <div class='ocr_page' id='page_1' title='image "./praelectionesin00legagoog_0377.png"; bbox 0 0 3350 5100; ppageno 0'>
   <div class='ocr_carea' id='block_1_1' title="bbox 430 305 1356 374">
    <p class='ocr_par' dir='ltr' id='par_1_1' title="bbox 430 305 1356 374">
     <span class='ocr_line' id='line_1_1' title="bbox 430 305 1356 374; baseline -0.003 0"><span class='ocrx_word' id='word_1_1' title='bbox 430 327 474 373; x_wconf 86' lang='lat' dir='ltr'><strong><em>un</em></strong></span> <span class='ocrx_word' id='word_1_2' title='bbox 498 325 637 374; x_wconf 78' lang='lat' dir='ltr'><strong><em>mntcus</em></strong></span> <span class='ocrx_word' id='word_1_3' title='bbox 660 324 903 373; x_wconf 70' lang='lat' dir='ltr'><strong><em>cmnmuumus</em></strong></span> <span class='ocrx_word' id='word_1_4' title='bbox 928 324 964 372; x_wconf 82' lang='lat' dir='ltr'><strong><em>m</em></strong></span> <span class='ocrx_word' id='word_1_5' title='bbox 988 324 1105 372; x_wconf 74' lang='lat' dir='ltr'><strong><em>sescus</em></strong></span> <span class='ocrx_word' id='word_1_6' title='bbox 1290 305 1356 371; x_wconf 84' lang='lat'><strong><em>375</em></strong></span> 
     </span>
    </p>
   </div>
   <div class='ocr_carea' id='block_1_2' title="bbox 132 447 1465 4561">
    <p class='ocr_par' dir='ltr' id='par_1_2' title="bbox 132 447 1465 4561">
     <span class='ocr_line' id='line_1_2' title="bbox 178 447 1354 535; baseline -0.003 -19"><span class='ocrx_word' id='word_1_7' title='bbox 178 457 239 517; x_wconf 80' lang='lat' dir='ltr'><strong><em>att.</em></strong></span> <span class='ocrx_word' id='word_1_8' title='bbox 264 451 347 517; x_wconf 80' lang='lat'>246:</span> <span class='ocrx_word' id='word_1_9' title='bbox 375 451 558 535; x_wconf 79' lang='lat' dir='ltr'><strong><em>«Quisque</em></strong></span> <span class='ocrx_word' id='word_1_10' title='bbox 581 451 671 516; x_wconf 87' lang='lat' dir='ltr'><strong><em>testis</em></strong></span> <span class='ocrx_word' id='word_1_11' title='bbox 693 449 730 515; x_wconf 88' lang='lat' dir='ltr'><strong><em>in</em></strong></span> <span class='ocrx_word' id='word_1_12' title='bbox 751 450 918 515; x_wconf 88' lang='lat' dir='ltr'><strong><em>iudicium</em></strong></span> <span class='ocrx_word' id='word_1_13' title='bbox 932 448 1104 520; x_wconf 75' lang='lat' dir='ltr'><strong><em>,deductus</em></strong></span> <span class='ocrx_word' id='word_1_14' title='bbox 1126 447 1196 513; x_wconf 84' lang='lat' dir='ltr'><strong><em>siue</em></strong></span> <span class='ocrx_word' id='word_1_15' title='bbox 1211 449 1257 513; x_wconf 89' lang='lat' dir='ltr'><strong><em>od</em></strong></span> <span class='ocrx_word' id='word_1_16' title='bbox 1276 468 1354 531; x_wconf 88' lang='lat' dir='ltr'><strong><em>pro·</em></strong></span> 
     </span>
     <span class='ocr_line' id='line_1_3' title="bbox 178 570 1355 657; baseline -0.003 -16"><span class='ocrx_word' id='word_1_17' title='bbox 178 574 340 657; x_wconf 87' lang='lat' dir='ltr'><strong><em>bandum,</em></strong></span> <span class='ocrx_word' id='word_1_18' title='bbox 355 575 426 641; x_wconf 85' lang='lat' dir='ltr'><strong><em>sive</em></strong></span> <span class='ocrx_word' id='word_1_19' title='bbox 440 576 483 641; x_wconf 90' lang='lat' dir='ltr'><strong><em>ab</em></strong></span> <span class='ocrx_word' id='word_1_20' title='bbox 499 576 751 641; x_wconf 81' lang='lat' dir='ltr'><strong><em>eaciudendum</em></strong></span> <span class='ocrx_word' id='word_1_21' title='bbox 771 576 901 640; x_wconf 81' lang='lat' dir='ltr'><strong><em>crimen</em></strong></span> <span class='ocrx_word' id='word_1_22' title='bbox 917 579 978 640; x_wconf 87' lang='lat' dir='ltr'><strong><em>aut</em></strong></span> <span class='ocrx_word' id='word_1_23' title='bbox 991 574 1141 640; x_wconf 91' lang='lat' dir='ltr'><strong><em>eiusdem</em></strong></span> <span class='ocrx_word' id='word_1_24' title='bbox 1157 570 1355 657; x_wconf 86' lang='lat' dir='ltr'><strong><em>qualitatem</em></strong></span> 
     </span>
     <span class='ocr_line' id='line_1_4' title="bbox 177 700 1356 779; baseline -0.001 -13"><span class='ocrx_word' id='word_1_25' title='bbox 177 709 238 767; x_wconf 90' lang='lat' dir='ltr'><strong><em>aut</em></strong></span> <span class='ocrx_word' id='word_1_26' title='bbox 267 703 484 779; x_wconf 82' lang='lat' dir='ltr'><strong><em>adiunctum,</em></strong></span> <span class='ocrx_word' id='word_1_27' title='bbox 516 701 613 767; x_wconf 89' lang='lat' dir='ltr'><strong><em>debet</em></strong></span> <span class='ocrx_word' id='word_1_28' title='bbox 641 702 794 768; x_wconf 88' lang='lat' dir='ltr'><strong><em>iudiciali</em></strong></span> <span class='ocrx_word' id='word_1_29' title='bbox 823 701 978 767; x_wconf 73' lang='lat' dir='ltr'><strong><em>eruamini</em></strong></span> <span class='ocrx_word' id='word_1_30' title='bbox 1008 700 1166 767; x_wconf 85' lang='lat' dir='ltr'><strong><em>submitti.</em></strong></span> <span class='ocrx_word' id='word_1_31' title='bbox 1199 702 1243 765; x_wconf 89' lang='lat' dir='ltr'><strong><em>In</em></strong></span> <span class='ocrx_word' id='word_1_32' title='bbox 1272 700 1356 765; x_wconf 88' lang='lat' dir='ltr'><strong><em>actis</em></strong></span> 
     </span>
     <span class='ocr_line' id='line_1_5' title="bbox 177 824 1355 912; baseline -0.003 -19"><span class='ocrx_word' id='word_1_33' title='bbox 177 828 387 911; x_wconf 78' lang='lat' dir='ltr'><strong><em>explicanda</em></strong></span> <span class='ocrx_word' id='word_1_34' title='bbox 402 833 449 893; x_wconf 93' lang='lat' dir='ltr'><strong><em>est</em></strong></span> <span class='ocrx_word' id='word_1_35' title='bbox 463 828 564 909; x_wconf 87' lang='lat' dir='ltr'><strong><em>ratio,</em></strong></span> <span class='ocrx_word' id='word_1_36' title='bbox 577 828 618 895; x_wconf 89' lang='lat' dir='ltr'><strong><em>ob</em></strong></span> <span class='ocrx_word' id='word_1_37' title='bbox 634 846 739 912; x_wconf 88' lang='lat' dir='ltr'><strong><em>quam</em></strong></span> <span class='ocrx_word' id='word_1_38' title='bbox 755 827 881 911; x_wconf 84' lang='lat' dir='ltr'><strong><em>aliquis</em></strong></span> <span class='ocrx_word' id='word_1_39' title='bbox 897 827 986 893; x_wconf 87' lang='lat' dir='ltr'><strong><em>testis</em></strong></span> <span class='ocrx_word' id='word_1_40' title='bbox 1001 825 1123 907; x_wconf 74' lang='lat' dir='ltr'><strong><em>forsan</em></strong></span> <span class='ocrx_word' id='word_1_41' title='bbox 1137 824 1243 909; x_wconf 72' lang='lat' dir='ltr'><strong><em>fuerit</em></strong></span> <span class='ocrx_word' id='word_1_42' title='bbox 1254 844 1355 908; x_wconf 89' lang='lat' dir='ltr'><strong><em>prae-</em></strong></span> 
     </span>
     <span class='ocr_line' id='line_1_6' title="bbox 179 950 1355 1038; baseline -0.005 -19"><span class='ocrx_word' id='word_1_43' title='bbox 179 955 351 1020; x_wconf 87' lang='lat' dir='ltr'><strong><em>termissus</em></strong></span> <span class='ocrx_word' id='word_1_44' title='bbox 367 976 398 1019; x_wconf 83' lang='lat'><strong><em>».</em></strong></span> <span class='ocrx_word' id='word_1_45' title='bbox 410 954 516 1019; x_wconf 78' lang='lat'><strong>247:‹</strong></span> <span class='ocrx_word' id='word_1_46' title='bbox 533 953 810 1038; x_wconf 72' lang='lat' dir='ltr'><strong><em>Quotiescumque</em></strong></span> <span class='ocrx_word' id='word_1_47' title='bbox 824 952 966 1036; x_wconf 80' lang='lat' dir='ltr'><strong><em>aliquod</em></strong></span> <span class='ocrx_word' id='word_1_48' title='bbox 982 950 1181 1017; x_wconf 84' lang='lat' dir='ltr'><strong><em>adiunctum</em></strong></span> <span class='ocrx_word' id='word_1_49' title='bbox 1193 957 1253 1017; x_wconf 88' lang='lat' dir='ltr'><strong><em>aut</em></strong></span> <span class='ocrx_word' id='word_1_50' title='bbox 1267 950 1355 1017; x_wconf 87' lang='lat' dir='ltr'><strong><em>indi-</em></strong></span> 
     </span>
     <span class='ocr_line' id='line_1_7' title="bbox 178 1074 1355 1160; baseline -0.003 -15"><span class='ocrx_word' id='word_1_51' title='bbox 178 1080 269 1145; x_wconf 92' lang='lat' dir='ltr'><strong><em>cium</em></strong></span> <span class='ocrx_word' id='word_1_52' title='bbox 290 1080 497 1145; x_wconf 87' lang='lat' dir='ltr'><strong><em>indirectum</em></strong></span> <span class='ocrx_word' id='word_1_53' title='bbox 526 1078 670 1145; x_wconf 81' lang='lat' dir='ltr'><strong><em>minom&#39;s</em></strong></span> <span class='ocrx_word' id='word_1_54' title='bbox 695 1077 861 1160; x_wconf 86' lang='lat' dir='ltr'><strong><em>ponderis</em></strong></span> <span class='ocrx_word' id='word_1_55' title='bbox 884 1078 925 1143; x_wconf 90' lang='lat' dir='ltr'><strong><em>sit</em></strong></span> <span class='ocrx_word' id='word_1_56' title='bbox 952 1082 1069 1159; x_wconf 89' lang='lat' dir='ltr'><strong><em>aperte</em></strong></span> <span class='ocrx_word' id='word_1_57' title='bbox 1094 1074 1280 1159; x_wconf 88' lang='lat' dir='ltr'><strong><em>probatum</em></strong></span> <span class='ocrx_word' id='word_1_58' title='bbox 1310 1094 1355 1141; x_wconf 82' lang='lat' dir='ltr'><strong><em>ea</em></strong></span> 
     </span>
     <span class='ocr_line' id='line_1_8' title="bbox 178 1200 1355 1285; baseline -0.001 -16"><span class='ocrx_word' id='word_1_59' title='bbox 178 1204 445 1271; x_wconf 77' lang='lat' dir='ltr'><strong><em>attestationibus</em></strong></span> <span class='ocrx_word' id='word_1_60' title='bbox 468 1204 619 1269; x_wconf 86' lang='lat' dir='ltr'><strong><em>duorum</em></strong></span> <span class='ocrx_word' id='word_1_61' title='bbox 641 1209 701 1269; x_wconf 90' lang='lat' dir='ltr'><strong><em>aut</em></strong></span> <span class='ocrx_word' id='word_1_62' title='bbox 725 1203 829 1267; x_wconf 88' lang='lat' dir='ltr'><strong><em>trium</em></strong></span> <span class='ocrx_word' id='word_1_63' title='bbox 849 1202 991 1277; x_wconf 88' lang='lat' dir='ltr'><strong><em>testium,</em></strong></span> <span class='ocrx_word' id='word_1_64' title='bbox 1004 1207 1115 1285; x_wconf 91' lang='lat' dir='ltr'><strong><em>potest</em></strong></span> <span class='ocrx_word' id='word_1_65' title='bbox 1130 1200 1292 1267; x_wconf 76' lang='lat' dir='ltr'><strong><em>abstineri</em></strong></span> <span class='ocrx_word' id='word_1_66' title='bbox 1311 1200 1355 1268; x_wconf 92' lang='lat' dir='ltr'><strong><em>ab</em></strong></span> 
     </span>
     <span class='ocr_line' id='line_1_9' title="bbox 178 1298 1378 1413; baseline -0.005 -17"><span class='ocrx_word' id='word_1_67' title='bbox 178 1330 422 1396; x_wconf 82' lang='lat' dir='ltr'><strong><em>enaminandis</em></strong></span> <span class='ocrx_word' id='word_1_68' title='bbox 442 1328 584 1413; x_wconf 88' lang='lat' dir='ltr'><strong><em>reliquis</em></strong></span> <span class='ocrx_word' id='word_1_69' title='bbox 600 1330 637 1393; x_wconf 92' lang='lat' dir='ltr'><strong><em>in</em></strong></span> <span class='ocrx_word' id='word_1_70' title='bbox 652 1329 743 1394; x_wconf 82' lang='lat' dir='ltr'><strong><em>idem</em></strong></span> <span class='ocrx_word' id='word_1_71' title='bbox 766 1346 907 1411; x_wconf 88' lang='lat' dir='ltr'><strong><em>scopum</em></strong></span> <span class='ocrx_word' id='word_1_72' title='bbox 930 1327 1120 1393; x_wconf 80' lang='lat' dir='ltr'><strong><em>inductis...</em></strong></span> <span class='ocrx_word' id='word_1_73' title='bbox 1140 1349 1168 1390; x_wconf 86' lang='lat'><strong><em>».</em></strong></span> <span class='ocrx_word' id='word_1_74' title='bbox 1186 1327 1263 1393; x_wconf 80' lang='lat'>249:</span> <span class='ocrx_word' id='word_1_75' title='bbox 1282 1346 1300 1390; x_wconf 84' lang='lat'><strong>‹</strong></span> <span class='ocrx_word' id='word_1_76' title='bbox 1318 1324 1356 1391; x_wconf 80' lang='lat' dir='ltr'><strong><em>Si</em></strong></span> <span class='ocrx_word' id='word_1_77' title='bbox 1376 1298 1378 1305; x_wconf 21' lang='grc' dir='ltr'>Ι</span> 
     </span>
     <span class='ocr_line' id='line_1_10' title="bbox 179 1452 1355 1539; baseline -0.002 -20"><span class='ocrx_word' id='word_1_78' title='bbox 179 1456 268 1521; x_wconf 91' lang='lat' dir='ltr'><strong><em>testis</em></strong></span> <span class='ocrx_word' id='word_1_79' title='bbox 289 1475 361 1522; x_wconf 86' lang='lat' dir='ltr'><strong><em>non</em></strong></span> <span class='ocrx_word' id='word_1_80' title='bbox 384 1456 544 1539; x_wconf 84' lang='lat' dir='ltr'><strong><em>loquatur</em></strong></span> <span class='ocrx_word' id='word_1_81' title='bbox 567 1455 697 1519; x_wconf 84' lang='lat' dir='ltr'><strong><em>idioma</em></strong></span> <span class='ocrx_word' id='word_1_82' title='bbox 719 1453 883 1533; x_wconf 79' lang='lat' dir='ltr'><strong><em>italicum,</em></strong></span> <span class='ocrx_word' id='word_1_83' title='bbox 906 1453 1157 1536; x_wconf 84' lang='lat' dir='ltr'><strong><em>constituendus</em></strong></span> <span class='ocrx_word' id='word_1_84' title='bbox 1181 1458 1228 1518; x_wconf 89' lang='lat' dir='ltr'><strong><em>est</em></strong></span> <span class='ocrx_word' id='word_1_85' title='bbox 1250 1452 1355 1517; x_wconf 88' lang='lat' dir='ltr'><strong><em>inter·</em></strong></span> 
     </span>
     <span class='ocr_line' id='line_1_11' title="bbox 174 1578 1354 1663; baseline -0.001 -19"><span class='ocrx_word' id='word_1_86' title='bbox 174 1599 257 1663; x_wconf 85' lang='lat' dir='ltr'><strong><em>pres</em></strong></span> <span class='ocrx_word' id='word_1_87' title='bbox 272 1600 295 1645; x_wconf 92' lang='lat' dir='ltr'><strong><em>a</em></strong></span> <span class='ocrx_word' id='word_1_88' title='bbox 311 1580 421 1646; x_wconf 86' lang='lat' dir='ltr'><strong><em>iudice</em></strong></span> <span class='ocrx_word' id='word_1_89' title='bbox 436 1580 639 1645; x_wconf 75' lang='lat' dir='ltr'><strong><em>instructore</em></strong></span> <span class='ocrx_word' id='word_1_90' title='bbox 659 1578 833 1661; x_wconf 89' lang='lat' dir='ltr'><strong><em>probatus.</em></strong></span> <span class='ocrx_word' id='word_1_91' title='bbox 862 1580 1033 1661; x_wconf 77' lang='lat' dir='ltr'><strong><em>interpres</em></strong></span> <span class='ocrx_word' id='word_1_92' title='bbox 1056 1578 1248 1643; x_wconf 89' lang='lat' dir='ltr'><strong><em>iuramento</em></strong></span> <span class='ocrx_word' id='word_1_93' title='bbox 1265 1596 1354 1643; x_wconf 90' lang='lat' dir='ltr'><strong><em>asse-</em></strong></span> 
     </span>
     <span class='ocr_line' id='line_1_12' title="bbox 176 1704 1354 1791; baseline 0 -22"><span class='ocrx_word' id='word_1_94' title='bbox 176 1726 255 1772; x_wconf 84' lang='lat' dir='ltr'><strong><em>rere</em></strong></span> <span class='ocrx_word' id='word_1_95' title='bbox 278 1705 382 1777; x_wconf 85' lang='lat' dir='ltr'><strong><em>debet,</em></strong></span> <span class='ocrx_word' id='word_1_96' title='bbox 406 1725 442 1771; x_wconf 91' lang='lat' dir='ltr'><strong><em>se</em></strong></span> <span class='ocrx_word' id='word_1_97' title='bbox 464 1705 610 1791; x_wconf 77' lang='lat' dir='ltr'><strong><em>fideliter</em></strong></span> <span class='ocrx_word' id='word_1_98' title='bbox 639 1704 856 1771; x_wconf 85' lang='lat' dir='ltr'><strong><em>redditurum</em></strong></span> <span class='ocrx_word' id='word_1_99' title='bbox 887 1723 957 1770; x_wconf 88' lang='lat' dir='ltr'><strong><em>esse</em></strong></span> <span class='ocrx_word' id='word_1_100' title='bbox 980 1709 1011 1770; x_wconf 88' lang='lat' dir='ltr'><strong><em>et</em></strong></span> <span class='ocrx_word' id='word_1_101' title='bbox 1033 1704 1299 1789; x_wconf 83' lang='lat' dir='ltr'><strong><em>interroqatoria</em></strong></span> <span class='ocrx_word' id='word_1_102' title='bbox 1322 1708 1354 1769; x_wconf 90' lang='lat' dir='ltr'><strong><em>et</em></strong></span> 
     </span>
     <span class='ocr_line' id='line_1_13' title="bbox 178 1828 1364 1922; baseline -0.001 -28"><span class='ocrx_word' id='word_1_103' title='bbox 178 1831 414 1913; x_wconf 79' lang='lat' dir='ltr'><strong><em>responsiones</em></strong></span> <span class='ocrx_word' id='word_1_104' title='bbox 428 1852 458 1895; x_wconf 83' lang='lat'><strong><em>».</em></strong></span> <span class='ocrx_word' id='word_1_105' title='bbox 471 1832 543 1896; x_wconf 86' lang='lat' dir='ltr'><strong><em>Art.</em></strong></span> <span class='ocrx_word' id='word_1_106' title='bbox 557 1830 747 1897; x_wconf 69' lang='lat' dir='ltr'><strong><em>recensuit</em></strong></span> <span class='ocrx_word' id='word_1_107' title='bbox 760 1830 844 1894; x_wconf 88' lang='lat' dir='ltr'><strong><em>idem</em></strong></span> <span class='ocrx_word' id='word_1_108' title='bbox 857 1828 1051 1894; x_wconf 88' lang='lat' dir='ltr'><strong><em>servandum</em></strong></span> <span class='ocrx_word' id='word_1_109' title='bbox 1066 1847 1137 1894; x_wconf 87' lang='lat' dir='ltr'><strong><em>esse</em></strong></span> <span class='ocrx_word' id='word_1_110' title='bbox 1152 1828 1297 1913; x_wconf 79' lang='lat' dir='ltr'><strong><em>«quoad</em></strong></span> <span class='ocrx_word' id='word_1_111' title='bbox 1309 1828 1364 1922; x_wconf 51' lang='lat' dir='ltr'><strong><em>m?</em></strong></span> 
     </span>
     <span class='ocr_line' id='line_1_14' title="bbox 178 1953 1354 2041; baseline -0.003 -22"><span class='ocrx_word' id='word_1_112' title='bbox 178 1961 349 2039; x_wconf 71' lang='lat' dir='ltr'><strong><em>terpretes,</em></strong></span> <span class='ocrx_word' id='word_1_113' title='bbox 362 1956 422 2041; x_wconf 90' lang='lat' dir='ltr'><strong><em>qui</em></strong></span> <span class='ocrx_word' id='word_1_114' title='bbox 434 1954 662 2022; x_wconf 81' lang='lat' dir='ltr'><strong><em>adhibeantur</em></strong></span> <span class='ocrx_word' id='word_1_115' title='bbox 673 1955 710 2020; x_wconf 93' lang='lat' dir='ltr'><strong><em>in</em></strong></span> <span class='ocrx_word' id='word_1_116' title='bbox 721 1954 904 2021; x_wconf 87' lang='lat' dir='ltr'><strong><em>audiendis</em></strong></span> <span class='ocrx_word' id='word_1_117' title='bbox 920 1953 1055 2021; x_wconf 86' lang='lat' dir='ltr'><strong><em>testibus</em></strong></span> <span class='ocrx_word' id='word_1_118' title='bbox 1070 1954 1194 2035; x_wconf 88' lang='lat' dir='ltr'><strong><em>surdis,</em></strong></span> <span class='ocrx_word' id='word_1_119' title='bbox 1208 1954 1311 2019; x_wconf 89' lang='lat' dir='ltr'><strong><em>mutis</em></strong></span> <span class='ocrx_word' id='word_1_120' title='bbox 1323 1974 1354 2015; x_wconf 79' lang='grc'><strong><em>».</em></strong></span> 
     </span>
     <span class='ocr_line' id='line_1_15' title="bbox 178 2078 1356 2147; baseline -0.003 -1"><span class='ocrx_word' id='word_1_121' title='bbox 178 2082 254 2147; x_wconf 79' lang='lat'>251:</span> <span class='ocrx_word' id='word_1_122' title='bbox 273 2101 291 2144; x_wconf 83' lang='lat'>‹</span> <span class='ocrx_word' id='word_1_123' title='bbox 313 2082 424 2147; x_wconf 78' lang='lat' dir='ltr'><strong><em>Testes</em></strong></span> <span class='ocrx_word' id='word_1_124' title='bbox 439 2100 539 2146; x_wconf 78' lang='lat' dir='ltr'><strong><em>mam</em></strong></span> <span class='ocrx_word' id='word_1_125' title='bbox 560 2080 805 2146; x_wconf 88' lang='lat' dir='ltr'><strong><em>attestationem</em></strong></span> <span class='ocrx_word' id='word_1_126' title='bbox 828 2098 1002 2146; x_wconf 80' lang='lat' dir='ltr'><strong><em>onnrnnns</em></strong></span> <span class='ocrx_word' id='word_1_127' title='bbox 1024 2079 1170 2144; x_wconf 89' lang='lat' dir='ltr'><strong><em>reddere</em></strong></span> <span class='ocrx_word' id='word_1_128' title='bbox 1186 2078 1305 2144; x_wconf 87' lang='lat' dir='ltr'><strong><em>debent</em></strong></span> <span class='ocrx_word' id='word_1_129' title='bbox 1325 2082 1356 2143; x_wconf 90' lang='lat' dir='ltr'><strong><em>et</em></strong></span> 
     </span>
     <span class='ocr_line' id='line_1_16' title="bbox 176 2205 1354 2293; baseline -0.004 -22"><span class='ocrx_word' id='word_1_130' title='bbox 176 2208 260 2290; x_wconf 88' lang='lat' dir='ltr'><strong><em>ipsis</em></strong></span> <span class='ocrx_word' id='word_1_131' title='bbox 271 2208 409 2273; x_wconf 85' lang='lat' dir='ltr'><strong><em>vetitum</em></strong></span> <span class='ocrx_word' id='word_1_132' title='bbox 425 2212 475 2273; x_wconf 89' lang='lat' dir='ltr'><strong><em>est</em></strong></span> <span class='ocrx_word' id='word_1_133' title='bbox 486 2207 730 2273; x_wconf 86' lang='lat' dir='ltr'><strong><em>attestationem</em></strong></span> <span class='ocrx_word' id='word_1_134' title='bbox 743 2207 855 2293; x_wconf 81' lang='lat' dir='ltr'><strong><em>tepere</em></strong></span> <span class='ocrx_word' id='word_1_135' title='bbox 867 2205 1003 2288; x_wconf 79' lang='lat' dir='ltr'><strong><em>scriptis</em></strong></span> <span class='ocrx_word' id='word_1_136' title='bbox 1014 2212 1116 2271; x_wconf 84' lang='lat' dir='ltr'><strong><em>antea</em></strong></span> <span class='ocrx_word' id='word_1_137' title='bbox 1129 2210 1354 2271; x_wconf 73' lang='lat' dir='ltr'><strong><em>edoratam».</em></strong></span> 
     </span>
     <span class='ocr_line' id='line_1_17' title="bbox 178 2329 1356 2417; baseline -0.003 -20"><span class='ocrx_word' id='word_1_138' title='bbox 178 2330 241 2397; x_wconf 86' lang='lat' dir='ltr'><strong><em>Sed</em></strong></span> <span class='ocrx_word' id='word_1_139' title='bbox 256 2332 391 2397; x_wconf 86' lang='lat' dir='ltr'><strong><em>testibus</em></strong></span> <span class='ocrx_word' id='word_1_140' title='bbox 406 2352 471 2396; x_wconf 92' lang='lat' dir='ltr'><strong><em>non</em></strong></span> <span class='ocrx_word' id='word_1_141' title='bbox 487 2331 679 2417; x_wconf 86' lang='lat' dir='ltr'><strong><em>prohibetur</em></strong></span> <span class='ocrx_word' id='word_1_142' title='bbox 695 2333 740 2397; x_wconf 88' lang='lat' dir='ltr'><strong><em>nti</em></strong></span> <span class='ocrx_word' id='word_1_143' title='bbox 756 2332 966 2413; x_wconf 89' lang='lat' dir='ltr'><strong><em>documentis,</em></strong></span> <span class='ocrx_word' id='word_1_144' title='bbox 979 2330 1102 2417; x_wconf 89' lang='lat' dir='ltr'><strong><em>quibus,</em></strong></span> <span class='ocrx_word' id='word_1_145' title='bbox 1120 2336 1155 2395; x_wconf 89' lang='lat' dir='ltr'><strong><em>nt</em></strong></span> <span class='ocrx_word' id='word_1_146' title='bbox 1169 2334 1256 2415; x_wconf 87' lang='lat' dir='ltr'><strong><em>puta,</em></strong></span> <span class='ocrx_word' id='word_1_147' title='bbox 1273 2329 1356 2393; x_wconf 89' lang='lat' dir='ltr'><strong><em>reie-</em></strong></span> 
     </span>
     <span class='ocr_line' id='line_1_18' title="bbox 177 2428 1465 2539; baseline -0.002 -21"><span class='ocrx_word' id='word_1_148' title='bbox 177 2460 296 2519; x_wconf 88' lang='lat' dir='ltr'><strong><em>runtnr</em></strong></span> <span class='ocrx_word' id='word_1_149' title='bbox 319 2461 487 2539; x_wconf 89' lang='lat' dir='ltr'><strong><em>computus</em></strong></span> <span class='ocrx_word' id='word_1_150' title='bbox 503 2454 553 2519; x_wconf 78' lang='lat' dir='ltr'><strong><em>vel</em></strong></span> <span class='ocrx_word' id='word_1_151' title='bbox 571 2454 644 2535; x_wconf 87' lang='lat' dir='ltr'><strong><em>alia,</em></strong></span> <span class='ocrx_word' id='word_1_152' title='bbox 662 2453 693 2519; x_wconf 93' lang='lat' dir='ltr'><strong><em>id</em></strong></span> <span class='ocrx_word' id='word_1_153' title='bbox 708 2473 821 2536; x_wconf 84' lang='lat' dir='ltr'><strong><em>genus,</em></strong></span> <span class='ocrx_word' id='word_1_154' title='bbox 839 2454 993 2538; x_wconf 86' lang='lat' dir='ltr'><strong><em>specialia</em></strong></span> <span class='ocrx_word' id='word_1_155' title='bbox 1015 2442 1175 2518; x_wconf 85' lang='lat' dir='ltr'><strong><em>factorum</em></strong></span> <span class='ocrx_word' id='word_1_156' title='bbox 1195 2451 1354 2516; x_wconf 84' lang='lat' dir='ltr'><strong><em>adiuncta.</em></strong></span> <span class='ocrx_word' id='word_1_157' title='bbox 1461 2428 1465 2437; x_wconf 51' lang='grc'><strong>’</strong></span> 
     </span>
     <span class='ocr_line' id='line_1_19' title="bbox 266 2579 1355 2654; baseline -0.003 -8"><span class='ocrx_word' id='word_1_158' title='bbox 266 2580 344 2646; x_wconf 83' lang='grc'><strong>307.</strong></span> <span class='ocrx_word' id='word_1_159' title='bbox 362 2579 474 2648; x_wconf 86' lang='lat' dir='ltr'><strong><em>Testes</em></strong></span> <span class='ocrx_word' id='word_1_160' title='bbox 489 2581 610 2647; x_wconf 88' lang='lat' dir='ltr'><strong><em>citandi</em></strong></span> <span class='ocrx_word' id='word_1_161' title='bbox 626 2587 700 2646; x_wconf 88' lang='lat' dir='ltr'><strong><em>sunt</em></strong></span> <span class='ocrx_word' id='word_1_162' title='bbox 715 2585 957 2646; x_wconf 83' lang='lat' dir='ltr'><strong><em>antecursore</em></strong></span> <span class='ocrx_word' id='word_1_163' title='bbox 972 2579 1155 2654; x_wconf 83' lang='lat' dir='ltr'><strong><em>tribunalis,</em></strong></span> <span class='ocrx_word' id='word_1_164' title='bbox 1174 2599 1213 2644; x_wconf 88' lang='lat' dir='ltr'><strong><em>ea</em></strong></span> <span class='ocrx_word' id='word_1_165' title='bbox 1228 2580 1355 2644; x_wconf 84' lang='lat' dir='ltr'><strong><em>ratione</em></strong></span> 
     </span>
     <span class='ocr_line' id='line_1_20' title="bbox 177 2705 1356 2792; baseline -0.001 -21"><span class='ocrx_word' id='word_1_166' title='bbox 177 2708 361 2773; x_wconf 79' lang='lat' dir='ltr'><strong><em>citationem</em></strong></span> <span class='ocrx_word' id='word_1_167' title='bbox 386 2709 569 2772; x_wconf 81' lang='lat' dir='ltr'><strong><em>executioni</em></strong></span> <span class='ocrx_word' id='word_1_168' title='bbox 586 2706 759 2772; x_wconf 82' lang='lat' dir='ltr'><strong><em>mandante</em></strong></span> <span class='ocrx_word' id='word_1_169' title='bbox 781 2726 845 2790; x_wconf 89' lang='lat' dir='ltr'><strong><em>qua</em></strong></span> <span class='ocrx_word' id='word_1_170' title='bbox 867 2726 965 2792; x_wconf 88' lang='lat' dir='ltr'><strong><em>supra</em></strong></span> <span class='ocrx_word' id='word_1_171' title='bbox 981 2706 1141 2790; x_wconf 80' lang='lat' dir='ltr'><strong><em>explicavi</em></strong></span> <span class='ocrx_word' id='word_1_172' title='bbox 1158 2725 1189 2768; x_wconf 91' lang='lat' dir='ltr'><strong><em>n.</em></strong></span> <span class='ocrx_word' id='word_1_173' title='bbox 1208 2705 1284 2786; x_wconf 81' lang='lat'><strong>302,</strong></span> <span class='ocrx_word' id='word_1_174' title='bbox 1301 2711 1356 2770; x_wconf 85' lang='lat' dir='ltr'><strong><em>aut</em></strong></span> 
     </span>
     <span class='ocr_line' id='line_1_21' title="bbox 177 2829 1355 2917; baseline -0.001 -21"><span class='ocrx_word' id='word_1_175' title='bbox 177 2851 237 2917; x_wconf 90' lang='lat' dir='ltr'><strong><em>per</em></strong></span> <span class='ocrx_word' id='word_1_176' title='bbox 259 2832 386 2898; x_wconf 85' lang='lat' dir='ltr'><strong><em>litteras</em></strong></span> <span class='ocrx_word' id='word_1_177' title='bbox 417 2831 671 2898; x_wconf 90' lang='lat' dir='ltr'><strong><em>commendatas</em></strong></span> <span class='ocrx_word' id='word_1_178' title='bbox 692 2830 777 2917; x_wconf 90' lang='lat' dir='ltr'><strong><em>apud</em></strong></span> <span class='ocrx_word' id='word_1_179' title='bbox 801 2829 940 2897; x_wconf 88' lang='lat' dir='ltr'><strong><em>officium</em></strong></span> <span class='ocrx_word' id='word_1_180' title='bbox 967 2831 1222 2906; x_wconf 80' lang='lat' dir='ltr'><strong><em>tabellariorum,</em></strong></span> <span class='ocrx_word' id='word_1_181' title='bbox 1246 2831 1292 2894; x_wconf 86' lang='lat' dir='ltr'><strong><em>uti</em></strong></span> <span class='ocrx_word' id='word_1_182' title='bbox 1315 2829 1355 2895; x_wconf 87' lang='lat' dir='ltr'><strong><em>ad</em></strong></span> 
     </span>
     <span class='ocr_line' id='line_1_22' title="bbox 177 2954 1354 3041; baseline 0 -21"><span class='ocrx_word' id='word_1_183' title='bbox 177 2961 239 3021; x_wconf 90' lang='lat' dir='ltr'><strong><em>art.</em></strong></span> <span class='ocrx_word' id='word_1_184' title='bbox 252 2957 345 3022; x_wconf 87' lang='lat' dir='ltr'><strong>XIV.</strong></span> <span class='ocrx_word' id='word_1_185' title='bbox 363 2957 426 3024; x_wconf 88' lang='lat' dir='ltr'><strong><em>Sed</em></strong></span> <span class='ocrx_word' id='word_1_186' title='bbox 442 2957 529 3021; x_wconf 84' lang='lat' dir='ltr'><strong><em>nulla</em></strong></span> <span class='ocrx_word' id='word_1_187' title='bbox 544 2959 654 3024; x_wconf 87' lang='lat' dir='ltr'><strong><em>citatio</em></strong></span> <span class='ocrx_word' id='word_1_188' title='bbox 671 2958 855 3041; x_wconf 81' lang='lat' dir='ltr'><strong><em>exquiritur</em></strong></span> <span class='ocrx_word' id='word_1_189' title='bbox 871 2958 903 3021; x_wconf 92' lang='lat' dir='ltr'><strong><em>in</em></strong></span> <span class='ocrx_word' id='word_1_190' title='bbox 920 2976 1006 3029; x_wconf 81' lang='lat' dir='ltr'><strong><em>casu,</em></strong></span> <span class='ocrx_word' id='word_1_191' title='bbox 1021 2955 1061 3021; x_wconf 91' lang='lat' dir='ltr'><strong><em>de</em></strong></span> <span class='ocrx_word' id='word_1_192' title='bbox 1076 2975 1138 3039; x_wconf 91' lang='lat' dir='ltr'><strong><em>quo</em></strong></span> <span class='ocrx_word' id='word_1_193' title='bbox 1153 2956 1187 3019; x_wconf 94' lang='lat' dir='ltr'><strong><em>in</em></strong></span> <span class='ocrx_word' id='word_1_194' title='bbox 1202 2960 1265 3021; x_wconf 87' lang='lat' dir='ltr'><strong><em>art.</em></strong></span> <span class='ocrx_word' id='word_1_195' title='bbox 1278 2954 1354 3028; x_wconf 80' lang='lat'>262,</span> 
     </span>
     <span class='ocr_line' id='line_1_23' title="bbox 178 3081 1357 3167; baseline -0.003 -20"><span class='ocrx_word' id='word_1_196' title='bbox 178 3083 231 3148; x_wconf 85' lang='lat' dir='ltr'><strong><em>cii.</em></strong></span> <span class='ocrx_word' id='word_1_197' title='bbox 257 3083 325 3147; x_wconf 91' lang='lat' dir='ltr'><strong><em>cod.</em></strong></span> <span class='ocrx_word' id='word_1_198' title='bbox 353 3085 467 3167; x_wconf 86' lang='lat' dir='ltr'><strong><em>Greg.:</em></strong></span> <span class='ocrx_word' id='word_1_199' title='bbox 487 3083 572 3149; x_wconf 77' lang='lat' dir='ltr'><strong><em>«Ad</em></strong></span> <span class='ocrx_word' id='word_1_200' title='bbox 595 3086 724 3148; x_wconf 88' lang='lat' dir='ltr'><strong><em>testium</em></strong></span> <span class='ocrx_word' id='word_1_201' title='bbox 748 3101 885 3148; x_wconf 81' lang='lat' dir='ltr'><strong><em>examen</em></strong></span> <span class='ocrx_word' id='word_1_202' title='bbox 914 3082 1138 3167; x_wconf 85' lang='lat' dir='ltr'><strong><em>excipiendum</em></strong></span> <span class='ocrx_word' id='word_1_203' title='bbox 1163 3083 1215 3164; x_wconf 94' lang='lat' dir='ltr'><strong><em>qui</em></strong></span> <span class='ocrx_word' id='word_1_204' title='bbox 1240 3081 1357 3146; x_wconf 83' lang='lat' dir='ltr'><strong><em>sistunt</em></strong></span> 
     </span>
     <span class='ocr_line' id='line_1_24' title="bbox 178 3208 1355 3294; baseline -0.002 -22"><span class='ocrx_word' id='word_1_205' title='bbox 178 3228 288 3272; x_wconf 86' lang='lat' dir='ltr'><strong><em>coram</em></strong></span> <span class='ocrx_word' id='word_1_206' title='bbox 304 3208 408 3273; x_wconf 91' lang='lat' dir='ltr'><strong><em>indice</em></strong></span> <span class='ocrx_word' id='word_1_207' title='bbox 420 3208 549 3276; x_wconf 86' lang='lat' dir='ltr'><strong><em>deducti</em></strong></span> <span class='ocrx_word' id='word_1_208' title='bbox 563 3208 604 3274; x_wconf 91' lang='lat' dir='ltr'><strong><em>ab</em></strong></span> <span class='ocrx_word' id='word_1_209' title='bbox 620 3211 689 3294; x_wconf 86' lang='lat' dir='ltr'><strong><em>ipso</em></strong></span> <span class='ocrx_word' id='word_1_210' title='bbox 701 3209 926 3280; x_wconf 88' lang='lat' dir='ltr'><strong><em>denunciante‚</em></strong></span> <span class='ocrx_word' id='word_1_211' title='bbox 940 3208 1139 3292; x_wconf 86' lang='lat' dir='ltr'><strong><em>querelante‚</em></strong></span> <span class='ocrx_word' id='word_1_212' title='bbox 1156 3211 1211 3271; x_wconf 87' lang='lat' dir='ltr'><strong><em>aut</em></strong></span> <span class='ocrx_word' id='word_1_213' title='bbox 1225 3225 1355 3270; x_wconf 85' lang='lat' dir='ltr'><strong><em>accusa·</em></strong></span> 
     </span>
     <span class='ocr_line' id='line_1_25' title="bbox 177 3330 1354 3419; baseline -0.003 -21"><span class='ocrx_word' id='word_1_214' title='bbox 177 3337 260 3403; x_wconf 80' lang='lat' dir='ltr'><strong><em>tore.</em></strong></span> <span class='ocrx_word' id='word_1_215' title='bbox 275 3339 332 3398; x_wconf 90' lang='lat' dir='ltr'><strong><em>aut</em></strong></span> <span class='ocrx_word' id='word_1_216' title='bbox 349 3335 403 3417; x_wconf 93' lang='lat' dir='ltr'><strong><em>qui</em></strong></span> <span class='ocrx_word' id='word_1_217' title='bbox 426 3334 466 3398; x_wconf 89' lang='lat' dir='ltr'><strong><em>ab</em></strong></span> <span class='ocrx_word' id='word_1_218' title='bbox 490 3336 558 3419; x_wconf 84' lang='lat' dir='ltr'><strong><em>ipso</em></strong></span> <span class='ocrx_word' id='word_1_219' title='bbox 583 3334 687 3399; x_wconf 88' lang='lat' dir='ltr'><strong><em>iudice</em></strong></span> <span class='ocrx_word' id='word_1_220' title='bbox 703 3335 899 3399; x_wconf 85' lang='lat' dir='ltr'><strong><em>instructore</em></strong></span> <span class='ocrx_word' id='word_1_221' title='bbox 916 3335 1126 3417; x_wconf 90' lang='lat' dir='ltr'><strong><em>reperiuntur</em></strong></span> <span class='ocrx_word' id='word_1_222' title='bbox 1148 3333 1181 3396; x_wconf 94' lang='lat' dir='ltr'><strong><em>in</em></strong></span> <span class='ocrx_word' id='word_1_223' title='bbox 1204 3332 1294 3406; x_wconf 86' lang='lat' dir='ltr'><strong><em>locis,</em></strong></span> <span class='ocrx_word' id='word_1_224' title='bbox 1315 3330 1354 3396; x_wconf 84' lang='lat' dir='ltr'><strong><em>ad</em></strong></span> 
     </span>
     <span class='ocr_line' id='line_1_26' title="bbox 178 3455 1353 3556; baseline -0.001 -35"><span class='ocrx_word' id='word_1_225' title='bbox 178 3476 261 3540; x_wconf 91' lang='lat' dir='ltr'><strong><em>quae</em></strong></span> <span class='ocrx_word' id='word_1_226' title='bbox 283 3457 382 3556; x_wconf 80' lang='lat' dir='ltr'><strong><em>iudex</em></strong></span> <span class='ocrx_word' id='word_1_227' title='bbox 405 3458 484 3523; x_wconf 87' lang='lat' dir='ltr'><strong><em>lacit</em></strong></span> <span class='ocrx_word' id='word_1_228' title='bbox 505 3477 659 3524; x_wconf 88' lang='lat' dir='ltr'><strong><em>accessus</em></strong></span> <span class='ocrx_word' id='word_1_229' title='bbox 682 3458 859 3524; x_wconf 86' lang='lat' dir='ltr'><strong><em>iudiciales</em></strong></span> <span class='ocrx_word' id='word_1_230' title='bbox 882 3457 944 3540; x_wconf 83' lang='lat' dir='ltr'><strong><em>(cf.</em></strong></span> <span class='ocrx_word' id='word_1_231' title='bbox 962 3458 1035 3522; x_wconf 92' lang='lat' dir='ltr'><strong><em>Vol.</em></strong></span> <span class='ocrx_word' id='word_1_232' title='bbox 1054 3457 1079 3528; x_wconf 81' lang='grc' dir='ltr'><strong><em>Ι,</em></strong></span> <span class='ocrx_word' id='word_1_233' title='bbox 1104 3477 1135 3520; x_wconf 87' lang='lat' dir='ltr'><strong><em>n.</em></strong></span> <span class='ocrx_word' id='word_1_234' title='bbox 1157 3455 1235 3540; x_wconf 78' lang='lat'>502)</span> <span class='ocrx_word' id='word_1_235' title='bbox 1258 3475 1353 3540; x_wconf 92' lang='lat' dir='ltr'><strong><em>quum</em></strong></span> 
     </span>
     <span class='ocr_line' id='line_1_27' title="bbox 132 3579 1354 3668; baseline -0.001 -23"><span class='ocrx_word' id='word_1_236' title='bbox 132 3661 136 3664; x_wconf 8' lang='grc' dir='ltr'><em>ῃ</em></span> <span class='ocrx_word' id='word_1_237' title='bbox 179 3581 267 3646; x_wconf 89' lang='lat' dir='ltr'><strong><em>nulla</em></strong></span> <span class='ocrx_word' id='word_1_238' title='bbox 289 3589 368 3647; x_wconf 89' lang='lat' dir='ltr'><strong><em>tunc</em></strong></span> <span class='ocrx_word' id='word_1_239' title='bbox 385 3583 618 3668; x_wconf 85' lang='lat' dir='ltr'><strong><em>requiraturin</em></strong></span> <span class='ocrx_word' id='word_1_240' title='bbox 635 3583 837 3664; x_wconf 69' lang='lat' dir='ltr'><strong><em>irrevocatis,</em></strong></span> <span class='ocrx_word' id='word_1_241' title='bbox 854 3581 911 3648; x_wconf 89' lang='lat' dir='ltr'><strong><em>snb</em></strong></span> <span class='ocrx_word' id='word_1_242' title='bbox 936 3583 1024 3648; x_wconf 85' lang='lat' dir='ltr'><strong><em>initio</em></strong></span> <span class='ocrx_word' id='word_1_243' title='bbox 1049 3582 1207 3646; x_wconf 85' lang='lat' dir='ltr'><strong><em>examinis</em></strong></span> <span class='ocrx_word' id='word_1_244' title='bbox 1226 3579 1354 3666; x_wconf 77' lang='lat' dir='ltr'><strong><em>siqnifi-</em></strong></span> 
     </span>
     <span class='ocr_line' id='line_1_28' title="bbox 178 3705 1354 3790; baseline -0.006 -17"><span class='ocrx_word' id='word_1_245' title='bbox 178 3711 277 3773; x_wconf 86' lang='lat' dir='ltr'><strong><em>catur</em></strong></span> <span class='ocrx_word' id='word_1_246' title='bbox 292 3706 496 3790; x_wconf 88' lang='lat' dir='ltr'><strong><em>modusque</em></strong></span> <span class='ocrx_word' id='word_1_247' title='bbox 520 3707 610 3772; x_wconf 87' lang='lat' dir='ltr'><strong><em>testis</em></strong></span> <span class='ocrx_word' id='word_1_248' title='bbox 625 3707 764 3772; x_wconf 88' lang='lat' dir='ltr'><strong><em>accessit</em></strong></span> <span class='ocrx_word' id='word_1_249' title='bbox 787 3707 833 3772; x_wconf 92' lang='lat' dir='ltr'><strong><em>ad</em></strong></span> <span class='ocrx_word' id='word_1_250' title='bbox 856 3705 1054 3789; x_wconf 78' lang='lat' dir='ltr'><strong><em>faciendam</em></strong></span> <span class='ocrx_word' id='word_1_251' title='bbox 1068 3705 1306 3772; x_wconf 84' lang='lat' dir='ltr'><strong><em>attestationem</em></strong></span> <span class='ocrx_word' id='word_1_252' title='bbox 1324 3726 1354 3768; x_wconf 84' lang='lat'><strong><em>›.</em></strong></span> 
     </span>
     <span class='ocr_line' id='line_1_29' title="bbox 267 3830 1353 3918; baseline -0.002 -22"><span class='ocrx_word' id='word_1_253' title='bbox 267 3832 441 3897; x_wconf 82' lang='lat' dir='ltr'><strong><em>Instructio</em></strong></span> <span class='ocrx_word' id='word_1_254' title='bbox 464 3834 497 3896; x_wconf 94' lang='lat' dir='ltr'><strong><em>in</em></strong></span> <span class='ocrx_word' id='word_1_255' title='bbox 521 3837 581 3898; x_wconf 88' lang='lat' dir='ltr'><strong><em>art.</em></strong></span> <span class='ocrx_word' id='word_1_256' title='bbox 608 3833 691 3898; x_wconf 87' lang='lat' dir='ltr'><strong><em>XIX</em></strong></span> <span class='ocrx_word' id='word_1_257' title='bbox 714 3832 870 3918; x_wconf 88' lang='lat' dir='ltr'><strong><em>prospicit</em></strong></span> <span class='ocrx_word' id='word_1_258' title='bbox 899 3832 988 3898; x_wconf 88' lang='lat' dir='ltr'><strong><em>casui</em></strong></span> <span class='ocrx_word' id='word_1_259' title='bbox 1012 3832 1140 3897; x_wconf 86' lang='lat' dir='ltr'><strong><em>testium</em></strong></span> <span class='ocrx_word' id='word_1_260' title='bbox 1163 3830 1353 3901; x_wconf 85' lang='lat' dir='ltr'><strong><em>absentium,</em></strong></span> 
     </span>
     <span class='ocr_line' id='line_1_30' title="bbox 178 3955 1353 4024; baseline -0.001 -4"><span class='ocrx_word' id='word_1_261' title='bbox 178 3962 339 4022; x_wconf 86' lang='lat' dir='ltr'><strong><em>statuens:</em></strong></span> <span class='ocrx_word' id='word_1_262' title='bbox 365 3976 383 4019; x_wconf 72' lang='lat' dir='ltr'><strong><em>s</em></strong></span> <span class='ocrx_word' id='word_1_263' title='bbox 406 3958 554 4023; x_wconf 79' lang='lat' dir='ltr'><strong><em>Testium</em></strong></span> <span class='ocrx_word' id='word_1_264' title='bbox 577 3958 766 4024; x_wconf 90' lang='lat' dir='ltr'><strong><em>absentium</em></strong></span> <span class='ocrx_word' id='word_1_265' title='bbox 789 3962 851 4022; x_wconf 90' lang='lat' dir='ltr'><strong><em>aut</em></strong></span> <span class='ocrx_word' id='word_1_266' title='bbox 864 3957 902 4022; x_wconf 93' lang='lat' dir='ltr'><strong><em>in</em></strong></span> <span class='ocrx_word' id='word_1_267' title='bbox 917 3957 1031 4023; x_wconf 89' lang='lat' dir='ltr'><strong><em>aliena</em></strong></span> <span class='ocrx_word' id='word_1_268' title='bbox 1047 3955 1191 4023; x_wconf 88' lang='lat' dir='ltr'><strong><em>dioecesi</em></strong></span> <span class='ocrx_word' id='word_1_269' title='bbox 1212 3973 1353 4022; x_wconf 90' lang='lat' dir='ltr'><strong><em>moran-</em></strong></span> 
     </span>
     <span class='ocr_line' id='line_1_31' title="bbox 179 4081 1354 4166; baseline -0.001 -19"><span class='ocrx_word' id='word_1_270' title='bbox 179 4082 262 4148; x_wconf 87' lang='lat' dir='ltr'><strong><em>tium</em></strong></span> <span class='ocrx_word' id='word_1_271' title='bbox 293 4083 489 4166; x_wconf 78' lang='lat' dir='ltr'><strong><em>conpescitur</em></strong></span> <span class='ocrx_word' id='word_1_272' title='bbox 518 4103 667 4150; x_wconf 82' lang='lat' dir='ltr'><strong><em>eaamen</em></strong></span> <span class='ocrx_word' id='word_1_273' title='bbox 690 4085 726 4148; x_wconf 91' lang='lat' dir='ltr'><strong><em>in</em></strong></span> <span class='ocrx_word' id='word_1_274' title='bbox 748 4082 937 4157; x_wconf 82' lang='lat' dir='ltr'><strong><em>subsidium</em></strong></span> <span class='ocrx_word' id='word_1_275' title='bbox 965 4081 1008 4148; x_wconf 91' lang='lat' dir='ltr'><strong><em>ab</em></strong></span> <span class='ocrx_word' id='word_1_276' title='bbox 1039 4082 1263 4150; x_wconf 88' lang='lat' dir='ltr'><strong><em>ecelesiastica</em></strong></span> <span class='ocrx_word' id='word_1_277' title='bbox 1290 4081 1354 4149; x_wconf 89' lang='lat' dir='ltr'><strong><em>loci</em></strong></span> 
     </span>
     <span class='ocr_line' id='line_1_32' title="bbox 178 4208 1353 4294; baseline -0.002 -19"><span class='ocrx_word' id='word_1_278' title='bbox 178 4211 387 4292; x_wconf 75' lang='lat' dir='ltr'><strong><em>auctoritate,</em></strong></span> <span class='ocrx_word' id='word_1_279' title='bbox 411 4211 521 4277; x_wconf 85' lang='lat' dir='ltr'><strong><em>eidem</em></strong></span> <span class='ocrx_word' id='word_1_280' title='bbox 544 4209 802 4277; x_wconf 82' lang='lat' dir='ltr'><strong><em>trammittendo</em></strong></span> <span class='ocrx_word' id='word_1_281' title='bbox 821 4215 1042 4294; x_wconf 87' lang='lat' dir='ltr'><strong><em>prospectum</em></strong></span> <span class='ocrx_word' id='word_1_282' title='bbox 1064 4208 1167 4291; x_wconf 75' lang='lat' dir='ltr'><strong><em>facti5</em></strong></span> <span class='ocrx_word' id='word_1_283' title='bbox 1190 4213 1220 4273; x_wconf 93' lang='lat' dir='ltr'><strong><em>et</em></strong></span> <span class='ocrx_word' id='word_1_284' title='bbox 1243 4213 1353 4274; x_wconf 88' lang='lat' dir='ltr'><strong><em>aucte·</em></strong></span> 
     </span>
     <span class='ocr_line' id='line_1_33' title="bbox 167 4333 1354 4430; baseline -0.002 -30"><span class='ocrx_word' id='word_1_285' title='bbox 167 4336 263 4430; x_wconf 71' lang='lat' dir='ltr'><strong><em>¹ritas</em></strong></span> <span class='ocrx_word' id='word_1_286' title='bbox 277 4336 442 4421; x_wconf 89' lang='lat' dir='ltr'><strong><em>requisita</em></strong></span> <span class='ocrx_word' id='word_1_287' title='bbox 453 4335 608 4419; x_wconf 88' lang='lat' dir='ltr'><strong><em>petitioni</em></strong></span> <span class='ocrx_word' id='word_1_288' title='bbox 622 4335 805 4419; x_wconf 88' lang='lat' dir='ltr'><strong><em>respondet</em></strong></span> <span class='ocrx_word' id='word_1_289' title='bbox 818 4335 988 4402; x_wconf 83' lang='lat' dir='ltr'><strong><em>servando</em></strong></span> <span class='ocrx_word' id='word_1_290' title='bbox 1007 4333 1200 4418; x_wconf 88' lang='lat' dir='ltr'><strong><em>praesentis</em></strong></span> <span class='ocrx_word' id='word_1_291' title='bbox 1217 4334 1354 4398; x_wconf 79' lang='lat' dir='ltr'><strong><em>lusnnu·</em></strong></span> 
     </span>
     <span class='ocr_line' id='line_1_34' title="bbox 179 4459 1353 4561; baseline -0.002 -33"><span class='ocrx_word' id='word_1_292' title='bbox 179 4481 310 4529; x_wconf 77' lang='lat' dir='ltr'><strong><em>crimus</em></strong></span> <span class='ocrx_word' id='word_1_293' title='bbox 338 4463 473 4546; x_wconf 85' lang='lat' dir='ltr'><strong><em>formas</em></strong></span> <span class='ocrx_word' id='word_1_294' title='bbox 488 4484 520 4526; x_wconf 68' lang='lat' dir='ltr'><strong><em>r.</em></strong></span> <span class='ocrx_word' id='word_1_295' title='bbox 547 4460 712 4538; x_wconf 85' lang='lat' dir='ltr'><strong><em>Quomodo</em></strong></span> <span class='ocrx_word' id='word_1_296' title='bbox 745 4481 828 4528; x_wconf 90' lang='lat' dir='ltr'><strong><em>unus</em></strong></span> <span class='ocrx_word' id='word_1_297' title='bbox 858 4461 956 4527; x_wconf 81' lang='lat' dir='ltr'><strong><em>iudex</em></strong></span> <span class='ocrx_word' id='word_1_298' title='bbox 983 4462 1078 4527; x_wconf 81' lang='lat' dir='ltr'><strong><em>alteri</em></strong></span> <span class='ocrx_word' id='word_1_299' title='bbox 1108 4464 1253 4546; x_wconf 84' lang='lat' dir='ltr'><strong><em>praestet</em></strong></span> <span class='ocrx_word' id='word_1_300' title='bbox 1276 4459 1353 4561; x_wconf 65' lang='lat' dir='ltr'><strong><em>sub-¹</em></strong></span> 
     </span>
    </p>
   </div>
   <div class='ocr_carea' id='block_1_3' title="bbox 0 0 1683 5100">
    <p class='ocr_par' dir='ltr' id='par_1_3' title="bbox 0 0 1683 5100">
     <span class='ocr_line' id='line_1_35' title="bbox 0 0 1683 5100; baseline 0 0"><span class='ocrx_word' id='word_1_301' title='bbox 0 0 1683 5100; x_wconf 95' lang='lat' dir='ltr'><strong><em> </em></strong></span> 
     </span>
    </p>
   </div>
  </div>
 </body>
</html>
