3350 5100
425 308 468 352 ne
493 307 633 355 runicus
656 309 900 360 cnrumsmeus
925 312 960 358 m
984 312 1101 361 sensus
1288 297 1352 361 437

174 427 245 491 sive
260 427 489 511 medicinalia,
506 430 575 494 sive
595 428 803 497 vindicatioa
825 432 984 517 applicari
1008 452 1071 498 non
1088 441 1220 518 possent
1242 436 1303 500 nisi
1321 438 1354 503 in

173 554 306 635 eosqui
322 554 416 620 iuxta
430 559 507 619 acta
523 558 555 619 et
566 554 715 637 probata
728 561 836 620 essent
848 556 1057 625 iudicialiter
1071 558 1113 623 de
1128 560 1353 625 criminacou·

174 678 260 742 victi.
275 676 433 761 Equidem
449 678 486 743 in
498 697 574 762 cap.
586 678 618 751 4,
632 679 682 745 De
695 685 795 762 temp.
812 680 925 746 ordin.
938 673 1018 765 X(1;
1036 680 1087 767 ll)
1101 682 1290 749 Alexander
1302 684 1351 749 111

174 822 244 865 rem
268 804 313 867 ita
334 803 514 888 perpendit.
534 824 551 865 ‹
568 805 625 869 En
648 811 765 871 tenore
789 811 929 872 {uarum
953 806 1145 872 litterarum
1160 809 1353 890 accepimus

170 928 268 1010 qnod
278 925 319 992 R.
336 928 487 993 Clericus
498 928 583 994 adeo
596 929 737 1013 deliquit
752 930 845 1013 quod
855 930 885 995 si
892 936 1070 1013 peccalum
1084 936 1167 997 esset
1178 951 1350 999 euumouu

48 1094 53 1107 -
171 1052 425 1137 depredarelur
444 1052 488 1119 ab
505 1053 637 1127 ordine,
657 1074 757 1138 mm
771 1054 917 1137 suscepit
937 1061 966 1120 el
986 1057 1136 1138 anzplius
1155 1076 1225 1123 non
1236 1064 1350 1139 posset

170 1173 220 1237 ad
241 1175 437 1256 superiores
459 1174 599 1240 ordines
616 1163 824 1257 promoveri.
847 1174 971 1241 Verum
987 1178 1152 1261 quoniam
1170 1184 1350 1260 peccalum

171 1302 281 1386 ipsius
308 1300 385 1383 sore
414 1318 593 1368 occuuruu
624 1302 756 1375 alneti,
788 1304 998 1369 mandamus
1032 1308 1199 1387 quatenus
1223 1306 1348 1387 paeni·

169 1428 314 1493 tenliam
335 1426 367 1492 ei
398 1426 606 1511 condipnam
632 1427 791 1510 imponas
818 1433 851 1495 et
882 1446 1029 1495 sunonis
1053 1434 1096 1499 ut,
1121 1434 1213 1513 parte
1239 1431 1347 1514 poeni-

170 1554 292 1618 tentiae
315 1556 457 1636 peracta,
482 1550 597 1616 ordine
619 1557 766 1636 suscepto
790 1572 856 1617 non
881 1557 1000 1635 utatur,
1016 1571 1078 1637 quo
1098 1558 1267 1620 contentus
1283 1556 1350 1620 exi·

168 1683 268 1749 siens,
293 1676 333 1741 ad
357 1678 543 1761 superiores
572 1676 709 1761 amplius
732 1696 798 1742 non
823 1677 992 1743 ascendat:
1024 1683 1247 1743 verumtamen
1273 1679 1348 1762 quia

170 1806 338 1886 peccatum
352 1806 403 1867 est
418 1802 597 1881 occultum,
613 1803 640 1867 si
651 1802 852 1885 promoueri
867 1820 1048 1875 vononem,
1066 1820 1144 1869 eum
1163 1821 1233 1869 non
1249 1802 1348 1869 debes
1464 1859 1467 1865 .

167 1926 288 2011 aliqua
302 1926 437 1993 radone
450 1925 632 2009 probibere
645 1948 675 1989 a.
690 1925 852 2000 Quocirca
864 1926 1003 1993 clericus
1019 1926 1149 1992 aliunde
1165 1932 1255 1994 certe
1269 1927 1348 1993 indi-

167 2071 252 2137 gnus
263 2050 441 2116 dissuaderi
454 2056 591 2135 poterat,
608 2050 774 2135 prohiberi
788 2071 853 2116 non
865 2056 993 2136 poterat
1008 2050 1249 2136 asuscipiendis
1264 2050 1348 2117 ordi·

169 2174 262 2242 nibus
281 2174 333 2239 vel
349 2192 369 2238 a
384 2175 541 2259 susceptis
564 2174 793 2240 ministrandis.
816 2176 897 2239 item
921 2175 1009 2241 iubet
1032 2195 1106 2260 cap.
1122 2176 1194 2258 ult,
1213 2176 1243 2241 b.
1263 2182 1284 2243 t.
1303 2176 1344 2241 X.

127 2377 131 2384 ¹
169 2334 188 2347 -
208 2300 307 2363 Nemo
330 2298 507 2379 nmaidei,
525 2299 642 2364 exinde
658 2319 760 2384 grave
775 2299 945 2365 obvenisse
961 2300 1213 2377 incommodum3
1234 2320 1343 2384 quam·

167 2420 279 2487 obrem
303 2421 484 2507 posthabito
508 2424 588 2487 iuris
612 2424 737 2508 rigore,
768 2423 1027 2508 prospiciendum
1058 2429 1130 2489 orat
1162 2430 1204 2497 ut.
1234 2442 1343 2489 rerum

167 2550 305 2614 veritato
336 2551 489 2634 inspecta,
514 2547 636 2634 indigni
659 2568 680 2614 a
705 2551 807 2615 sacris
837 2548 1005 2615 ordinibus
1031 2555 1235 2631 arcerentur,
1259 2548 1344 2616 unde

173 2675 268 2740 Trid.
295 2675 394 2741 donc.
424 2674 510 2740 Sess.
534 2674 586 2748 m,
610 2695 636 2741 c.
662 2677 689 2746 1.
713 2675 763 2740 De
786 2675 873 2758 Res..
898 2677 989 2741 iussit
1012 2674 1072 2760 (l):
1100 2673 1223 2742 ‹Oum
1247 2676 1344 2742 hone·

166 2800 249 2865 stius
272 2818 314 2866 ac
337 2800 440 2865 lulius
465 2799 509 2865 sil
531 2799 687 2866 subiectis
710 2800 859 2867 debitam
886 2799 1091 2883 praepositis
1119 2800 1343 2868 obedientiam

165 2921 403 3006 impendendo,
416 2923 454 2986 in
469 2921 630 2998 inferiori
644 2923 832 2990 ministerio
845 2923 1018 2990 deservire
1033 2943 1138 3008 quam
1153 2944 1231 2990 cuin
1242 2943 1343 3006 prae·

165 3269 191 3322 p.
210 3251 271 3318 310,
291 3270 332 3325 sq.
358 3255 413 3309 Des
431 3264 576 3310 sentences
600 3256 775 3325 episcopales
800 3255 871 3309 dites
889 3259 926 3310 de
945 3258 1105 3310 comcience
1125 3253 1272 3325 inserendo,
1292 3271 1342 3325 par

166 3365 254 3418 Mons.
273 3361 398 3434 levique
419 3364 453 3418 de
479 3363 582 3432 Lucan,
609 3364 689 3418 Paris
716 3363 799 3429 1852;
825 3365 918 3418 Brauu
939 3366 981 3419 De
998 3367 1179 3435 suspensione
1198 3384 1234 3420 ecs
1251 3367 1341 3437 infor-

163 3480 239 3524 mata
257 3473 425 3525 conscientia
439 3473 472 3525 ob
485 3473 595 3525 occeclm
614 3481 721 3525 tansum
740 3471 858 3526 crimina
877 3471 1036 3539 inserenda.
1052 3470 1234 3542 Wirceburgi
1255 3471 1340 3536 18683

164 3575 308 3648 Bessibey,
327 3578 384 3632 Des
407 3586 550 3632 senenses
569 3605 582 3618 ·
602 3594 639 3632 en
656 3579 810 3649 informata
831 3579 999 3632 conscientia
1021 3606 1035 3620 ·
1060 3577 1187 3648 (Journal
1211 3577 1247 3631 du
1269 3577 1341 3632 droit

161 3698 263 3736 canon.
284 3681 362 3756 1893,
382 3699 407 3752 p.
429 3681 488 3748 143,
507 3683 576 3753 sq.)3
600 3682 682 3740 card.
701 3681 851 3751 (lamnis,
870 3683 937 3738 Inst.
956 3687 1010 3740 iur.
1027 3686 1103 3754 pub,
1126 3684 1191 3738 edit.
1210 3682 1236 3749 3,
1259 3683 1291 3739 Ρ.
1309 3681 1341 3750 11,

163 3805 190 3842 n.
202 3791 254 3854 573
269 3789 308 3845 De
321 3790 447 3859 Angelis,
460 3791 490 3843 in
509 3789 534 3840 V
543 3791 663 3851 Decrea,
677 3789 721 3845 tit.
738 3788 805 3860 l,'p'.
822 3791 868 3854 50,
889 3806 946 3862 sq.;
967 3790 1055 3855 Santi,
1068 3793 1128 3846 eod.
1142 3793 1192 3856 tit,
1204 3807 1230 3844 n.
1245 3789 1271 3856 8,
1284 3805 1339 3862 sq.;

164 3895 374 3964 Pierentoneili‚
394 3895 496 3951 Praecis
513 3899 573 3968 fori
596 3899 706 3962 eccles,
724 3914 750 3966 p.
768 3895 1013 3964 2343Pa110ttini,
1038 3897 1137 3968 Pupna
1155 3898 1226 3952 iuris
1244 3895 1341 3950 Ponti·

158 4003 218 4070 ficii
235 4004 382 4059 statum
400 4005 596 4074 suspensiones
609 4003 867 4058 eanaiudicialiter
884 4019 934 4058 seu
947 4020 983 4059 en
994 4005 1149 4074 informata
1164 4003 1340 4069 concientia,

161 4118 189 4162 et
207 4109 320 4180 imperii
336 4112 449 4166 easdem
467 4112 608 4180 abrepere
626 4110 776 4173 molientis,
795 4108 921 4165 Viennae
943 4109 1017 4165 1863.
1117 4087 1120 4096 ’

251 4214 292 4289 (l)
313 4217 399 4272 Facta
416 4217 471 4271 init
484 4217 612 4287 exceptio
625 4217 653 4270 in
666 4233 726 4286 cap.
739 4217 785 4270 cit.
805 4216 856 4270 ult.
871 4217 911 4270 De
931 4228 1011 4288 temp.
1026 4220 1115 4272 ordin.
1128 4216 1218 4288 quoad
1234 4217 1338 4272 crimen

158 4323 314 4386 homicidii,
333 4322 401 4378 item
425 4323 515 4393 quoad
534 4323 640 4377 crimen
663 4323 798 4386 haeresis,
818 4322 926 4377 ratione
946 4324 1183 4394 irrepuloritatisc
1202 4327 1231 4376 et
1249 4322 1338 4393 quoad

162 4426 309 4496 religiosos
328 4429 402 4482 visos
420 4445 478 4497 arg.
500 4431 545 4483 cit.
566 4445 626 4498 cap.
647 4430 677 4480 5.
