3350 5100
322 259 388 325 454
835 276 917 324 rans
942 276 992 322 111.

321 404 382 469 Ast
395 401 435 467 ob
459 401 651 487 gravitatem
675 400 808 467 remedii
828 400 984 485 praedece
1008 405 1065 474 est,
1084 404 1118 465 ut
1132 398 1172 465 ad
1188 398 1251 465 hoc
1267 418 1331 463 non
1349 402 1499 465 recurrat

319 528 380 593 nisi
403 527 594 613 gravissima
608 529 747 612 urgente
769 501 973 591 necessitate.
998 526 1200 609 Argumenta
1222 512 1497 589 contradictorum

319 652 361 718 ct.
385 651 469 738 apud
488 650 648 737 Bassibey
671 652 693 715 4.
711 672 738 717 4.
751 670 788 734 p.
809 648 892 717 343.
918 646 1256 723 0414444444
1278 647 1317 714 P.
1342 648 1380 713 F.
1406 667 1438 712 a.
1462 644 1496 713 3.

408 778 483 843 404.
508 778 556 843 De
578 778 713 843 Vicario
739 776 900 843 (44444444
926 778 973 841 ait
995 775 1121 843 Giraldi
1144 776 1165 840 4.
1190 795 1216 841 4.
1241 778 1308 841 not.
1332 772 1374 838 2:
1401 795 1418 834 a
1442 772 1496 837 Aa

318 908 432 968 autem
444 906 612 985 competat
625 902 728 967 etiam
752 899 819 967 Vic.
840 898 1001 967 04444444
1015 900 1186 983 Episcopi,
1204 899 1324 967 morito
1340 896 1497 964 dubitare

314 1031 540 1111 poccatorem
562 1044 608 1092 ecc
631 1025 683 1093 cit.
707 1044 782 1107 cop.
813 1024 908 1091 Trid.
933 1024 1092 1091 uideatur
1122 1024 1285 1091 attributo
1316 1042 1387 1089 esso
1416 1022 1498 1088 solis

317 1149 495 1233 Episcopia
509 1154 541 1215 44
554 1148 726 1215 Praetutia
737 1168 769 1213 e.
783 1148 896 1225 Quoad
909 1149 1062 1214 Vicarios
1077 1152 1184 1214 autem
1202 1146 1381 1215 Generales
1392 1146 1494 1230 ipsum

312 1272 492 1357 probabile
507 1271 637 1338 dubium
653 1271 795 1357 impedit,
819 1274 989 1357 quominus
1013 1273 1098 1337 hanc
1112 1276 1302 1357 potestatem
1326 1270 1380 1337 isti
1400 1288 1495 1335 exer·

319 1402 424 1477 ceant,
441 1395 597 1481 siquidem
613 1397 674 1460 ista
688 1396 827 1481 negotia,
845 1415 928 1480 quae
943 1397 1155 1461 aestimantur
1171 1394 1396 1462 communiter
1414 1411 1498 1479 qra-

317 1523 425 1597 viora,
444 1543 509 1589 non
525 1528 777 1608 praesumuntur
791 1522 1024 1610 comprehendi
1047 1524 1079 1589 in
1096 1522 1246 1587 mandato
1263 1520 1418 1609 generali,
1435 1520 1495 1586 nisi

318 1667 479 1731 cmpresse
500 1649 752 1715 committantur.
777 1648 824 1714 04.
851 1650 896 1713 De
919 1648 1055 1733 Angelis
1078 1650 1099 1715 4.
1124 1648 1176 1715 cit.

407 1774 482 1839 405.
515 1775 683 1841 Hactenus
711 1772 752 1838 de
781 1772 925 1839 subiecto
954 1774 1074 1840 activo.
1107 1772 1290 1841 Subiectum
1317 1770 1494 1855 passivum

316 1892 411 1965 huius
437 1900 603 1983 potestatis
632 1902 665 1964 in
692 1899 806 1983 primis
833 1903 909 1963 suut
934 1878 1022 1971 laici,
1050 1897 1105 1981 qui
1128 1916 1149 1962 a
1172 1918 1198 1962 s.
1222 1895 1426 1961 ordinatione
1448 1913 1497 1959 aa*

316 2042 532 2107 quocumque
546 2042 662 2099 causa,
679 2043 736 2088 seu
751 2024 879 2089 ratione
894 2021 1065 2089 naturalia
1080 2020 1307 2093 inidoneitatis
1323 2025 1379 2085 aut
1401 2014 1493 2084 inha-

316 2146 457 2220 bilitatis,
481 2147 585 2213 ctiam
607 2147 649 2216 ob
671 2149 840 2215 occultum
866 2147 1007 2229 crimea,
1036 2144 1285 2231 quomodolibet
1311 2164 1369 2211 seu
1392 2144 1495 2209 etium

316 2268 624 2337 ooebmudict'aliter
646 2267 898 2354 comprobatum,
923 2267 1089 2354 prohiberi
1111 2272 1245 2353 possunt
1266 2286 1287 2332 a
1309 2286 1366 2333 suo
1390 2266 1494 2331 Prae·

316 2394 382 2461 lato
397 2394 453 2483 (1).
564 2388 568 2395 ’
1388 2436 1390 2439 -

405 2520 481 2586 406.
505 2519 617 2597 Quoad
633 2519 773 2589 clericos
795 2520 981 2587 saeculares
1005 2519 1036 2588 S.
1061 2518 1181 2607 Congu.
1206 2516 1340 2586 concilii
1364 2518 1420 2584 dic
1441 2516 1496 2584 22

316 2641 599 2723 144441682,40
624 2642 729 2708 refert
756 2641 881 2709 Giraldi
905 2643 925 2707 4.
951 2643 1004 2709 cit.
1028 2644 1155 2708 censuit
1181 2643 1313 2708 decreto
1336 2659 1415 2707 scas.
1440 2639 1493 2720 14,

314 2786 342 2832 4.
367 2767 393 2842 4,
411 2767 647 2852 ¹comprehendi
671 2787 798 2853 quoque
819 2768 959 2834 clericos
982 2768 1167 2834 saeculares
1194 2767 1289 2832 etiam
1320 2766 1496 2852 dignitates

313 2894 366 2958 vel
389 2889 556 2973 beneficia,
584 2892 698 2976 quibus
724 2893 872 2960 adnexus
895 2895 936 2958 sit
959 2893 1050 2975 ordo,
1077 2891 1270 2966 obtinentes,
1294 2895 1360 2958 tam
1388 2889 1493 2975 quoad

312 3017 500 3085 faculatem
523 3016 715 3101 prohibendi
730 3037 900 3085 ascensum
916 3017 956 3086 ad
974 3017 1114 3091 ordines,
1132 3036 1226 3101 quam
1244 3017 1339 3082 etiam
1356 3035 1494 3102 suspen-

313 3137 420 3211 dendi,
444 3140 584 3225 ipsisque
610 3141 797 3207 facultatem
826 3141 1009 3227 appellandi
1040 3140 1221 3226 ademptam
1253 3161 1334 3208 esse.
1361 3141 1494 3207 -Hinc

404 3334 443 3404 (l)
464 3336 505 3388 Ad
525 3351 582 3391 rem
601 3335 680 3390 iuvat
696 3336 843 3391 advertere
863 3352 1024 3406 responsum
1043 3337 1072 3390 S.
1092 3333 1121 3392 0.
1135 3333 1165 3392 C.
1179 3338 1208 3391 in
1227 3337 1378 3392 Rbsmensi
1396 3338 1444 3391 dia
1455 3337 1495 3391 21

315 3441 486 3512 44441668
510 3440 629 3497 relatum
648 3456 665 3495 a
682 3441 784 3497 Bened.
809 3443 851 3498 Da
872 3442 937 3513 Syn·
959 3443 1028 3510 XII,
1046 3443 1081 3497 8:
1105 3443 1225 3506 «Quum
1251 3443 1345 3497 nullus
1369 3441 1492 3497 ordinari

314 3544 423 3612 debeat,
438 3563 520 3618 quem
540 3547 692 3617 Episcopus
709 3564 777 3604 suaa
796 3548 938 3604 Ecclesiae
958 3549 1057 3604 utilem
1075 3556 1124 3604 aut
1143 3550 1330 3605 macenariam
1349 3565 1404 3604 non
1423 3549 1495 3604 iudi-

313 3654 429 3720 caverit,
448 3652 548 3724 04444.
570 3669 625 3708 444
646 3655 733 3711 mmet
758 3654 921 3720 declaravit,
939 3656 975 3710 ab
993 3656 1151 3712 huiusmodi
1177 3657 1279 3712 iudicio
1302 3655 1408 3711 nullam
1432 3655 1492 3710 dari

314 3757 540 3830 appellationem,
559 3758 607 3814 sed
632 3776 774 3816 recursum
800 3765 909 3816 tantum
929 3761 964 3816 ad
982 3761 1080 3818 Sadem
1101 3764 1198 3834 Apost.
1217 3780 1289 3836 quae
1308 3763 1388 3818 iuxta
1405 3763 1495 3833 ipsius

315 3861 341 3916 S.
367 3862 471 3932 congr.
495 3867 664 3919 seutentiam
688 3881 738 3934 per
761 3864 928 3935 Gregorium
954 3866 1018 3921 xm
1043 3870 1239 3937 approbatam,
1264 3867 1494 3939 quotiescumque

312 3969 475 4024 Ordiuarius
492 3972 664 4027 recusaverit
682 3973 804 4044 aliquem
823 3974 960 4040 ordinare,
980 3974 1199 4045 Metropolitano
1212 3979 1261 4030 aut
1279 3975 1407 4030 viciniori
1428 3974 1492 4045 Epi·

313 4091 397 4146 scopo
415 4078 575 4144 committit,
587 4084 618 4133 44
637 4080 784 4136 abeodem
804 4080 951 4136 Ordinario
970 4082 1047 4151 prius
1065 4083 1191 4153 requirat
1209 4099 1321 4138 cansam
1341 4082 1494 4138 recusatio·

312 4182 367 4248 nis,
381 4199 436 4254 quo
450 4182 606 4252 legitimam
626 4200 680 4239 non
699 4185 851 4256 allegante,
864 4187 932 4241 licet
944 4185 986 4240 illi
1000 4188 1126 4242 eumdem
1146 4193 1303 4244 recusatum
1322 4189 1490 4246 ordinare».

317 4285 358 4344 cf.
372 4287 482 4345 Decisio
500 4290 527 4344 S.
539 4291 570 4345 0.
582 4290 613 4346 0.
626 4293 655 4346 ia
674 4309 759 4347 cansa
771 4293 971 4365 Neapolitana,
984 4295 1022 4348 15
1035 4297 1105 4366 Apr.
1119 4296 1208 4351 1848.
1227 4295 1336 4366 Linge'n
1350 4301 1379 4352 et
1393 4297 1504 4361 Reuss,

317 4397 424 4453 mum
443 4397 551 4465 sena,
570 4398 597 4454 s
615 4399 645 4452 4.
665 4398 704 4466 c,
723 4417 748 4469 p.
767 4402 792 4454 a.
