3350 5100
624 290 832 340 astaearuu
856 291 904 338 iv.
1286 270 1354 338 593

171 414 235 468 dica
253 415 394 469 accusatio
413 406 612 484 praecesserit3
629 430 702 485 quae
720 429 872 483 numquam
891 413 947 468 erit
964 412 1145 481 admittenda,
1163 412 1217 467 nisi
1242 414 1355 484 profici·

172 524 267 575 scatur
284 538 302 573 a
321 537 440 590 persons
457 520 503 575 vel
523 521 656 589 personis,
669 536 742 591 quae
761 520 901 574 communi
920 519 983 575 iure
1000 518 1110 574 babilas
1121 520 1157 573 ad
1169 520 1355 575 accusandum

171 625 336 682 habeantur.
357 627 467 683 Etenim
487 627 516 680 iu
535 626 701 698 quibusdam
720 626 929 694 impedimentis
948 626 1001 696 ipsi
1019 626 1154 695 coniuges
1178 631 1288 681 tautum
1312 627 1355 681 uti

172 712 350 789 accusatores
368 732 563 799 admittuntur,
578 733 607 787 in
626 732 702 799 aliis,
716 732 765 803 qui
783 737 849 787 sunt
867 732 965 787 iisdem
984 733 1122 803 sanguine
1140 733 1298 804 propinqui,
1309 732 1356 789 rel

174 841 260 896 etiam
278 840 398 911 quilibet
416 840 450 895 de
469 838 581 910 populo,
595 856 628 894 ac
641 838 754 893 tandem
767 856 802 893 ex
815 839 907 920 officio
919 840 1006 895 etiam
1019 839 1166 910 inquisitio
1177 840 1239 893 fieri
1255 844 1357 908 potest,

174 952 204 1003 et
222 947 386 1019 quandoque
404 947 495 1016 debet,
515 947 625 1018 quando
645 946 810 1017 praesertim
829 950 929 1001 contra
946 946 1067 1001 alicuius
1090 947 1263 1001 matrimonii
1287 946 1355 1001 vali·

174 1054 292 1110 (litatem
310 1053 429 1124 simplex
447 1054 623 1109 denuntiatio
641 1055 718 1108 tacta
736 1053 831 1121 fuerit,
850 1057 900 1107 aut
912 1054 986 1108 lama
998 1053 1208 1109 fundamentum
1227 1054 1358 1109 veritatis

175 1163 367 1231 praeseferens
385 1160 418 1216 de
437 1160 557 1216 alicuius
574 1148 768 1231 impedimenti
789 1160 940 1216 existentia
957 1160 1103 1230 divulgata
1121 1161 1167 1215 ait.

248 1275 265 1337 ἓ
284 1270 309 1323 4.
328 1246 385 1323 lats
403 1269 545 1323 accusatio
562 1285 656 1323 coram
675 1268 805 1338 legitimo
817 1267 964 1322 Ordinario
982 1267 1173 1323 ecclesiastico
1191 1268 1253 1322 fieri
1265 1267 1357 1332 debet,

177 1375 335 1447 etquidem
363 1375 392 1429 in
417 1374 536 1443 scripto:
555 1375 577 1427 si
603 1379 735 1429 oretenus
758 1375 835 1427 facta
859 1373 953 1440 luerit,
972 1372 1112 1427 iudicialis
1136 1372 1275 1428 reddenda
1301 1373 1357 1428 erit

177 1481 256 1535 iuxta
274 1480 388 1549 regulas
405 1479 546 1533 communi
565 1478 626 1533 iure
646 1478 772 1544 traditas,
790 1477 901 1532 scilicet
918 1477 1061 1533 efficiendo
1079 1482 1112 1532 ut
1129 1487 1276 1533 accusator
1294 1494 1357 1533 eam

177 1592 287 1657 repetat
306 1604 400 1641 coram
419 1585 562 1653 tribunali,
583 1593 612 1640 et
630 1604 647 1639 a
665 1585 835 1643 cancellario
853 1585 883 1639 in
901 1586 973 1640 actis
992 1584 1144 1655 redigatur.

249 1699 267 1761 ἓ
286 1695 311 1749 5.
330 1692 361 1747 ln
383 1711 425 1761 ea,
445 1697 558 1763 praeter
582 1699 743 1747 accuratam
768 1692 836 1747 lacti
860 1693 1078 1762 expositionem,
1096 1693 1252 1749 enarranda
1275 1698 1358 1749 eruut

179 1801 280 1884 omnis
290 1799 422 1853 adiuncta
447 1798 613 1865 necessaria,
632 1804 662 1853 et
686 1798 781 1853 omnia
805 1798 910 1853 indicia
933 1799 1145 1866 concurrentia3
1165 1799 1305 1854 indicandi
1329 1804 1359 1856 et

179 1906 339 1962 nominandi
358 1911 445 1961 testes
463 1906 497 1961 de
516 1922 546 1959 re
564 1906 706 1973 instructi,
726 1910 757 1960 ut
781 1905 835 1959 hoc
859 1906 940 1961 modo
964 1906 1148 1961 fundamenta
1172 1908 1358 1961 accusationis

180 2014 393 2080 cognoscantur,
411 2015 440 2065 et
460 2011 504 2065 ria
524 2011 658 2067 tribunali
677 2015 821 2067 sternatur
839 2011 954 2066 recitati
973 2011 1153 2081 detegendae.

252 2117 314 2181 §b
334 2117 520 2172 accusatione
538 2117 579 2171 sic
597 2120 718 2186 recepta,
737 2134 839 2171 munus
858 2117 1043 2171 moderatoris
1061 2122 1188 2171 actorum
1207 2118 1360 2188 Episcopus

180 2222 226 2277 vel
245 2222 304 2291 ipse
322 2222 376 2275 sibi
395 2226 526 2289 amumst,
545 2224 589 2279 vel
609 2241 690 2278 suum
710 2223 854 2278 Vicarium
874 2224 1045 2294 generalem,
1063 2229 1113 2279 aut
1131 2225 1217 2278 alium
1242 2225 1360 2294 probum

180 2333 211 2386 et
235 2334 380 2399 expertum
409 2328 498 2383 virum
526 2346 541 2385 e
569 2330 647 2387 clero
670 2331 705 2384 ad
729 2330 799 2385 illud
823 2330 974 2401 delegabit.
1001 2330 1137 2386 Similiter
1161 2332 1248 2385 alium
1269 2332 1361 2386 virum

181 2436 350 2507 designabit,
370 2436 418 2507 qui
441 2436 602 2492 cancellarii
628 2436 719 2491 officio
743 2439 863 2505 fungens
886 2437 1021 2508 quidquid
1043 2438 1077 2489 ad
1102 2453 1215 2490 causam
1239 2439 1362 2507 pertinet

164 2547 210 2602 ‘in
235 2551 300 2602 acta
327 2546 446 2612 referat,
471 2562 505 2599 ac
530 2544 695 2600 nominatim
722 2545 961 2614 interrogationes
987 2546 1180 2601 examinandis
1206 2547 1361 2616 faciendas,

182 2669 333 2726 eorumque
351 2651 547 2721 responsiones
565 2651 671 2720 scripto
691 2651 845 2719 consignet.

254 2763 272 2824 ἓ
291 2759 317 2814 7.
338 2759 473 2812 Praterea
490 2758 552 2826 ipse
570 2755 734 2809 Ordinarius
751 2756 866 2810 omnino
885 2761 997 2812 tenetur
1008 2757 1144 2827 deputare
1162 2759 1250 2814 aliam
1269 2761 1362 2816 virum

182 2865 403 2920 ecclesiasticum
422 2863 493 2917 iuris
511 2863 631 2916 scientia
648 2865 678 2916 et
696 2862 772 2916 ritae
792 2864 934 2932 probitate
952 2864 1117 2933 praeditum,
1130 2867 1177 2936 qui
1190 2867 1364 2922 matrimonii

182 2969 310 3024 defensor
321 2967 434 3023 existat
447 2966 518 3020 Eum
528 2982 596 3021 vero
605 2966 775 3036 suspendere
788 2966 832 3021 vel
846 2984 998 3035 removere,
1009 2969 1033 3022 si
1043 2969 1119 3022 iusta
1136 2986 1221 3024 causa
1233 2971 1362 3036 adfuerit,

184 3077 213 3128 et
231 3072 318 3126 alium
337 3071 508 3126 substituere
526 3070 561 3124 iis
579 3069 765 3141 qualitatibus
783 3075 914 3126 ornatum
933 3071 1080 3126 Ordinario
1098 3089 1209 3142 semper
1232 3075 1275 3127 fas
1300 3073 1363 3128 erit.

255 3179 269 3247 t
286 3179 311 3232 8.
331 3177 495 3234 Praedictae
514 3177 710 3248 deputationes
729 3182 759 3233 et
777 3178 969 3248 delegatioues
987 3180 1017 3233 in
1038 3179 1151 3248 scriptis
1168 3182 1204 3234 ab
1217 3179 1364 3235 Ordinario

185 3290 264 3355 fiant,
281 3291 311 3342 et
329 3303 425 3341 earum
445 3285 609 3341 authentica
620 3286 789 3340 documenta
801 3286 846 3341 rel
859 3285 960 3340 saltem
973 3287 1080 3341 mentio
1092 3287 1122 3340 in
1138 3288 1210 3342 actis
1228 3292 1362 3358 prostent.

255 3393 312 3462 tt).
333 3393 518 3448 Moderatoris
536 3367 662 3447 actorum
688 3393 744 3448 erit
768 3392 893 3446 tribunal
918 3408 1088 3460 convocare,
1105 3398 1201 3463 partes
1224 3400 1254 3450 et
1277 3398 1364 3450 testes

185 3503 273 3556 citare
292 3504 324 3555 ut
341 3500 371 3555 in
389 3499 522 3554 iudicium
541 3503 739 3570 compareant;
759 3500 895 3554 terminos
913 3499 1056 3554 dilationis
1074 3500 1236 3568 concedere,
1254 3503 1364 3571 quoties

186 3604 394 3679 rationabiliter
411 3606 446 3659 ab
464 3605 500 3658 iis
511 3605 559 3677 qui
573 3605 616 3658 ins
629 3603 735 3658 babent
747 3608 894 3674 petantur;
908 3603 989 3659 edere
1001 3603 1116 3659 decreta
1127 3609 1157 3661 et
1174 3604 1366 3660 ordinationes

188 3725 238 3778 pro
255 3709 380 3778 regulari
399 3713 428 3764 st
446 3713 524 3764 recta
547 3714 674 3764 actorum
702 3708 912 3778 compilatione.
931 3709 1008 3770 Quae
1035 3710 1129 3764 omnia
1152 3711 1259 3780 scripto
1282 3714 1366 3766 erunt

187 3814 334 3880 exaranda,
355 3819 384 3868 et
402 3814 431 3868 in
450 3815 522 3869 actis
540 3815 609 3885 ipsis
627 3815 806 3870 recensenda.

260 3921 273 3986 l
294 3920 334 3974 lo.
354 3919 487 3975 Defensor
500 3921 671 3976 matrimonii
685 3925 836 3992 antequam
850 3937 951 3975 munus
962 3921 1016 3977 sibi
1030 3922 1208 3976 commissam
1221 3922 1367 3994 suscipiat,

163 4073 167 4084 .
188 4042 282 4080 coram
294 4030 420 4080 actorum
434 4028 609 4083 moderatore
622 4029 811 4084 iuramentum
825 4029 981 4096 praestabit
993 4028 1077 4083 tactis
1086 4028 1366 4100 Sanctisllvangeliis

188 4133 221 4187 de
241 4147 356 4186 munere
374 4148 424 4186 suo
450 4131 601 4202 diligenter
627 4137 656 4188 et
673 4132 835 4202 incorrupte
854 4132 1038 4202 adimplendo,
1057 4133 1196 4204 spondens
1217 4152 1249 4190 se
1272 4136 1368 4191 omnia

187 4255 257 4295 voce
275 4242 304 4293 et
322 4239 427 4308 scripte
441 4229 628 4294 ¹deducturum
647 4256 720 4310 quae
738 4239 772 4293 ad
791 4238 968 4295 validitatem
987 4240 1160 4296 matrimonii
1177 4242 1367 4298 sustinendam

188 4346 314 4400 conterre
333 4343 508 4401 iudicaverit
528 4345 581 4399 Hic
594 4345 767 4400 matrimonii
781 4345 911 4400 defensor
923 4363 940 4402 a
952 4347 1127 4404 moderatore
1140 4352 1267 4404 actorum
1279 4350 1368 4404 citan-

262 4502 323 4557 Sac.
342 4501 427 4572 Lego,
448 4501 507 4556 Lib.
528 4501 632 4570 11,v01.
653 4503 699 4558 lV.
1261 4505 1298 4560 38
