3350 5100
513 311 557 357 aa
581 310 721 358 runicus
744 310 998 357 oarulnaursus.
1281 291 1346 356 193

160 431 342 497 instructus
372 442 409 497 ut
436 432 532 498 iudici
560 442 732 517 utrumque
755 432 953 518 persuadere
983 432 1245 517 valentemque
1277 435 1340 498 alio

162 556 391 640 probationum
415 558 555 624 subsidio
578 580 598 623 a
621 560 725 624 iudice
748 580 794 625 ecc
815 558 925 643 officio
950 558 1151 643 inquirendo.
1184 560 1346 634 Quocirca

163 684 197 745 in
221 685 317 767 praxi
342 704 412 748 rem
436 687 481 750 ita
503 705 539 749 se
562 684 685 749 habere
700 690 837 752 testatus
861 693 910 750 est
935 681 1102 751 Reiffenst.
1121 687 1141 751 l.
1159 706 1185 751 c.
1206 706 1223 747 t
1242 685 1345 753 Notat

164 812 282 873 tomen
302 808 499 875 monacus
521 810 652 877 Ameno
667 808 811 893 (naua
832 810 928 877 crim
954 811 1000 875 tit.
1020 812 1088 893 9,·§
1111 809 1144 893 3,
1168 832 1204 876 n.
1227 810 1283 897 15)
1300 830 1345 877 ea

163 933 340 997 commum
366 932 590 1002 tribunalium
611 935 719 1017 praui
745 956 788 1001 ac
809 941 947 1019 recepta
969 934 1219 1008 consuetudine,
1244 935 1344 1001 bodie

163 1058 328 1141 quemuis,
357 1060 432 1124 licel
461 1060 550 1125 alias
578 1060 775 1133 inhabitem,
805 1060 941 1127 admitti
970 1062 1017 1127 ad
1045 1061 1342 1127 denunciationem

161 1183 362 1247 iudicialem
395 1186 498 1249 etiam
529 1184 705 1267 publicam
734 1204 796 1250 seu
829 1186 1062 1265 criminalem,
1090 1204 1127 1251 eo
1158 1186 1251 1269 quod
1278 1204 1344 1267 per

164 1308 464 1375 denunciationem
486 1311 597 1376 solum
620 1315 795 1374 sternatur
817 1310 873 1374 uia
897 1310 943 1375 ad
969 1310 1214 1394 inquirendum
1239 1332 1269 1373 u.
1296 1310 1344 1375 Ad

164 1436 258 1517 haec,
274 1435 463 1500 advertatur
475 1434 756 1501 denunciationem
768 1434 852 1521 apud
866 1436 1051 1501 canonistas
1062 1436 1210 1520 antiquos
1219 1437 1346 1518 practi-

163 1578 233 1626 ces.
256 1560 304 1623 uti
328 1559 518 1642 Pellegrini,
538 1558 774 1623 consideratam
790 1559 890 1623 fuisse
906 1558 1012 1645 prouti
1028 1558 1110 1623 haec
1125 1560 1242 1624 sternit
1260 1561 1345 1625 viam

164 1682 388 1766 inquisitioni.
405 1701 489 1765 quae
505 1689 651 1747 remanet
674 1686 803 1748 secreta
818 1684 877 1768 ipsi
895 1684 1055 1767 inquisito.
1069 1702 1234 1767 quousque
1253 1684 1346 1749 curia

163 1807 205 1871 de
221 1808 360 1871 crimine
375 1812 409 1871 61
422 1808 598 1871 criminosa
620 1807 718 1871 talem
742 1807 886 1872 notitiam
911 1828 975 1872 non
998 1808 1193 1891 acquisierit,
1207 1813 1243 1873 ut
1265 1807 1345 1874 dare

162 1930 274 1994 valeat
296 1928 440 1993 libellam
463 1930 641 1996 citationis.
670 1930 807 1996 Notitiae
831 1932 942 1996 curiae
966 1937 1097 2016 praeter
1117 1930 1270 1996 eiusmodi
1289 1930 1344 1995 de-

162 2055 375 2118 nunciatores
388 2056 569 2119 inserviunt
578 2089 595 2103 ·
611 2060 706 2120 testes
715 2073 782 2136 pro
795 2055 912 2121 curiae
923 2055 1166 2137 informatione
1178 2056 1345 2121 audiendi

163 2176 244 2241 -de
267 2176 383 2259 quibus
405 2176 535 2242 disserit
554 2178 745 2261 Pellegrini,
767 2178 876 2243 Proto.
894 2178 1002 2251 crim„
1020 2178 1104 2244 Sect.
1123 2179 1154 2243 4.
1173 2180 1214 2243 Et
1237 2180 1269 2243 in
1291 2180 1345 2244 cil.

165 2303 248 2367 Inst
273 2300 344 2365 Eli.
367 2305 400 2365 61
424 2302 494 2365 RR.
518 2307 584 2366 art.
609 2302 645 2365 11
668 2302 839 2367 statuitur:
855 2322 871 2361 e
885 2300 1070 2368 Processu
1093 2301 1277 2369 instruitur
1300 2322 1346 2369 nx

163 2444 311 2498 carrara,
332 2432 392 2492 aut
415 2426 452 2492 in
474 2428 648 2511 sequelam
667 2429 831 2509 supplicis
847 2427 949 2494 libelli
964 2434 997 2493 et
1011 2430 1169 2512 querelae
1184 2435 1245 2494 aut
1258 2428 1346 2494 noti·

162 2552 234 2617 tiae
257 2552 327 2617 alio
349 2553 452 2619 modo
479 2573 501 2617 a
524 2554 624 2618 curia
647 2553 790 2624 babilae,
814 2559 847 2618 et
872 2553 918 2618 acl
944 2555 1047 2638 finem
1073 2555 1278 2636 perducitur
1308 2573 1347 2621 eo

139 2676 317 2746 66111116,
330 2683 368 2743 ul
391 2678 485 2743 omni
506 2678 618 2743 studio
642 2683 744 2761 atque
764 2677 953 2760 prudentia
976 2679 1101 2744 veritas
1124 2679 1345 2764 detegatur».

260 2801 333 2865 136.
361 2801 505 2866 Naturali
529 2803 600 2865 iure
623 2803 714 2868 nulla
738 2809 832 2895 urget
856 2802 1007 2886 obligatio
1031 2801 1233 2876 neumandi,
1258 2801 1347 2866 vide·

162 2926 246 2992 11661
267 2925 454 2991 instituendi
477 2926 729 2993 coemeterium
755 2925 942 3007 iudicium;
958 2931 990 2990 61
1015 2926 1144 3010 planum
1169 2931 1227 2990 est.
1248 2961 1265 2974 -
1287 2927 1347 2990 Ast

161 3051 310 3117 naturali
335 3051 405 3116 iure
420 3057 495 3116 sunt
518 3051 649 3137 obligati
674 3051 715 3116 ad
737 3051 982 3118 denuncitmda
1004 3052 1140 3115 crimina
1162 3051 1268 3117 iudici
1290 3071 1347 3116 seu

162 3177 375 3244 iudicialiter
398 3179 429 3249 11,
450 3179 504 3260 qui
527 3181 599 3243 sine
621 3179 714 3262 gravi
739 3177 951 3249 incommodo,
971 3197 1032 3262 per
1054 3175 1347 3258 denunciationem,

163 3303 280 3368 valent
294 3321 314 3365 a
329 3303 557 3367 communitate
568 3301 620 3366 vel
637 3321 657 3364 a
672 3303 820 3385 proximo
836 3321 894 3366 suo
909 3306 1061 3365 avertere
1072 3319 1174 3385 grave
1185 3298 1346 3365 damnum.

164 3428 217 3494 ct.
237 3429 351 3492 Bouix.
368 3429 390 3493 l
407 3447 446 3496 6.,
459 3447 495 3508 p.
516 3427 568 3507 51,
585 3447 654 3510 seq.
673 3461 690 3475 ·
708 3426 770 3493 Sed
786 3425 827 3490 de
846 3427 910 3491 hac
926 3427 1041 3490 morali
1058 3426 1264 3512 obligatione,
1282 3445 1346 3490 non

89 3531 99 3538 ¹
164 3573 262 3618 secus
283 3572 323 3616 ac
345 3552 386 3617 de
409 3551 605 3638 obligatione
629 3551 886 3616 denunciationis
909 3551 1116 3636 evangelicae
1136 3556 1169 3617 61
1183 3551 1347 3636 appositae

165 3675 352 3742 monitionis
374 3674 589 3739 charitativae
612 3674 756 3738 viderint
779 3674 951 3758 Theologi;
976 3673 1016 3738 ad
1039 3694 1097 3738 uos
1121 3677 1245 3757 spectat
1268 3671 1346 3736 obli-

165 3801 254 3884 gatio
277 3799 354 3863 iure
376 3797 522 3880 pontino
550 3796 682 3861 inducta
704 3797 808 3880 quoad
831 3798 1113 3864 denunciationem
1134 3797 1346 3876 canonicam,

165 3944 225 3989 seu
249 3925 321 4008 lege
345 3924 513 3989 canonica
528 3923 751 3997 constitutam
770 3921 825 4006 (ci.
843 3943 942 4007 supra
956 3944 990 3987 n.
1011 3919 1097 4005 111).
1115 3921 1236 3986 Verum
1254 3921 1346 3986 istam

166 4051 307 4113 innuere
329 4046 498 4111 dumtaxat
520 4043 659 4111 sufficiat
682 4067 742 4131 pro
765 4053 877 4112 nostro
900 4047 1056 4114 instituto.

258 4173 365 4237 Porro
388 4173 472 4236 inest
502 4171 676 4256 obbligatio
707 4171 922 4236 denunciandi
951 4172 1179 4258 impedimenta
1210 4171 1278 4235 sive
1308 4169 1348 4235 ad

165 4323 190 4366 s.
209 4299 351 4365 ordines.
376 4317 447 4382 arg.
465 4317 540 4379 cap.
557 4299 659 4367 unic..
678 4299 718 4371 X,
735 4299 786 4363 De
808 4303 910 4364 scrut.
937 4297 975 4383 (I,
996 4297 1148 4384 121616
1170 4297 1212 4363 ad
1235 4299 1347 4363 matri-

164 4425 319 4495 monium,
336 4441 408 4506 arg.
425 4440 500 4502 cap.
518 4419 552 4489 3.
574 4420 624 4485 De
639 4421 752 4486 claud.
765 4421 861 4502 desp.
878 4421 912 4484 X
925 4421 997 4505 (IV,
1015 4421 1058 4502 3);
1082 4423 1159 4486 item
1175 4421 1348 4504 graviores

242 4545 304 4600 Suc.
324 4545 411 4614 Lego.
1247 4543 1278 4596 13
