3350 5100
403 377 447 422 aa
471 376 610 423 runicus
634 374 876 424 aaruruamaus
900 375 936 421 m
960 376 1077 423 arama
1264 360 1326 424 371

154 501 227 573 tica,
243 502 299 565 sed
322 504 456 585 quoties,
474 523 533 588 pro
556 504 641 589 stylo
665 504 785 575 curiae,
808 502 890 567 haec
913 507 1054 587 potestas
1076 504 1255 587 apparitori
1277 504 1328 568 vel

149 644 320 707 personae
343 628 558 712 qualificatae
582 647 644 691 non
672 628 880 699 concedatur,
907 628 974 711 ipse
1001 626 1098 691 iudex
1129 635 1245 695 exarat
1267 627 1330 693 hoc

153 749 331 835 exemplar,
360 754 476 837 quippe‘
498 753 657 838 originale
680 752 851 817 mandatur
873 751 913 816 ad
935 758 1010 815 acta
1032 771 1105 816 cum
1135 752 1330 836 apparitoris

154 877 357 941 attestatione
381 877 421 942 de
443 899 501 943 suo
524 880 654 964 expleto
677 899 822 951 munere,
847 884 880 942 et
903 878 1070 961 exemplar
1092 897 1152 961 per
1167 879 1329 963 apparito-

155 1022 223 1065 rem
247 1002 387 1068 traditur
409 1005 449 1076 ei,
473 1006 527 1087 qui
551 1007 584 1069 in
607 1008 657 1095 ins
679 1011 826 1079 uocatur.

242 1127 318 1193 303.
345 1130 510 1195 Hactenus
533 1129 573 1194 de
596 1131 753 1214 personis,
770 1150 853 1213 quae
876 1149 1007 1214 operam
1031 1128 1108 1193 daut
1132 1129 1330 1211 inquisitioni

152 1252 305 1317 iudiciali
313 1272 327 1335 ;
350 1255 441 1318 cuius
465 1255 677 1336 inquisitionis
701 1256 809 1319 exitus
833 1260 882 1317 est
905 1254 957 1317 vel
980 1254 1167 1338 nepotiane,
1185 1274 1242 1319 seu
1265 1274 1330 1319 non

153 1374 336 1441 conducens
351 1374 392 1439 ad
416 1376 614 1460 probabilem
630 1379 775 1444 criminis
791 1380 1006 1463 cognitionem
1023 1376 1154 1459 eiusque
1169 1378 1329 1452 auctoris;

154 1500 205 1565 vel
228 1505 278 1564 est
296 1501 471 1584 positivus,
495 1523 552 1568 seu
584 1505 660 1569 satis
686 1501 872 1588 significans
899 1504 1029 1586 quinam
1057 1502 1156 1569 fuerit
1185 1502 1330 1567 criminis

152 1632 277 1699 auctor,
302 1626 382 1701 adeo
405 1635 440 1693 ut
462 1628 518 1693 hic
547 1628 773 1693 convocandus
795 1630 837 1693 sit
864 1628 904 1692 ad
935 1647 1082 1693 examen.
1116 1627 1271 1711 Equidem
1297 1628 1328 1692 in

153 1752 265 1836 primia
287 1751 351 1816 hoc
372 1752 572 1825 advertatur,
588 1773 653 1817 nou
670 1754 719 1818 fas
734 1773 805 1819 esse
820 1754 960 1837 aliquem
978 1753 1140 1837 postulare
1160 1752 1199 1817 de
1222 1754 1329 1835 aliquo

153 1878 289 1941 crimine
311 1895 369 1941 seu
393 1877 542 1942 formiter
569 1877 757 1942 submittere
780 1877 920 1943 iudiciali
945 1878 1096 1949 examini,
1122 1878 1181 1941 nisi
1206 1882 1330 1942 constet

153 2000 352 2085 decarpere
374 2001 487 2068 delicti
509 2022 566 2067 seu
588 2003 673 2068 adsit
692 2002 782 2068 basis
802 2002 888 2086 facti
911 2002 1094 2073 criminosi,
1120 2005 1164 2067 uti
1188 2002 1330 2086 loquitur

151 2128 309 2192 articulus
324 2128 389 2193 XV
406 2128 603 2194 decernens:
623 2130 753 2195 «Baris
767 2130 852 2211 facti
868 2128 1042 2195 cirninosi
1053 2128 1209 2195 constitui
1222 2134 1330 2211 potest

149 2252 314 2336 perfecti
333 2255 572 2321 narrationem
596 2275 613 2320 e
631 2275 797 2338 processu
820 2256 999 2322 deductam
1020 2254 1221 2320 authenticis
1244 2275 1330 2321 eorn-

149 2379 333 2463 probatam
363 2378 674 2460 informationibus,
702 2387 763 2447 aut
788 2380 1054 2465 confessionibus
1085 2380 1328 2446 eatraiudieia·

152 2506 240 2574 libus
262 2508 314 2573 oet
339 2508 472 2574 testium
499 2506 772 2590 depositionibus.
802 2506 921 2578 Quoad
948 2526 1027 2573 vero
1055 2506 1188 2571 titutum
1217 2510 1329 2572 trans

151 2633 336 2717 praedonis
349 2634 533 2717 praecepti,
551 2637 682 2700 emutat
705 2633 863 2717 (criminis
886 2632 982 2719 basis)
1003 2651 1070 2715 per
1090 2651 1218 2731 novam
1238 2631 1330 2697 eorti-

153 2757 311 2825 bitioneni
344 2760 472 2826 decreti
506 2766 539 2826 et
570 2766 665 2826 actus
699 2759 893 2826 indictionis
927 2758 1159 2841 perfectorum
1197 2758 1330 2824 normis

152 2885 342 2965 enunnatis
364 2891 430 2950 art:
462 2887 529 2951 VII
550 2893 583 2951 et
609 2886 694 2950 VIII
716 2906 746 2950 ».
773 2885 836 2951 Hic
863 2883 1019 2948 articulus
1048 2881 1221 2968 respondet
1250 2883 1328 2949 arti·

153 3008 226 3072 culo
251 3007 328 3088 167,
353 3010 407 3073 cit.
432 3009 501 3074 cod.
523 3013 622 3095 Greg.
647 3010 699 3074 ubi
719 3046 735 3057 -
753 3009 795 3076 de
818 3028 961 3092 corpore
984 3009 1133 3076 delicti»
1159 3010 1328 3074 statuitur:

155 3131 351 3198 ‹Probatio
367 3132 410 3197 de
429 3133 609 3198 existentia
632 3133 811 3199 cuiusdam
832 3132 926 3214 facti,
943 3134 1035 3216 quod
1054 3152 1120 3216 per
1140 3134 1228 3218 tapes
1247 3150 1328 3215 poe·

152 3259 248 3322 nates
266 3259 428 3340 plectitur
448 3259 487 3322 in
508 3279 569 3324 suo
594 3265 731 3324 auctore
758 3264 790 3324 et
811 3259 849 3325 in
872 3259 1100 3343 complictum,
1125 3259 1332 3326 constituunt

153 3400 277 3464 corpus
300 3381 413 3448 delicti
428 3403 459 3447 ›.
478 3367 650 3449 instructio
670 3383 783 3448 maluit
798 3403 918 3448 vocare
934 3383 1041 3449 basim
1056 3383 1140 3466 facti
1156 3382 1331 3449 criminosi

153 3507 255 3591 ipsum
286 3527 411 3590 eorpus
432 3508 554 3586 delicti,
583 3510 656 3593 quia
682 3509 842 3573 laesiones
866 3509 898 3572 in
923 3509 1123 3592 disciplinam
1153 3508 1269 3574 eccles.
1296 3513 1330 3572 ut

153 3630 333 3713 plurimum,
359 3633 558 3698 constituunt
576 3631 729 3696 delictum
751 3632 836 3713 facti
860 3633 1075 3713 transeuntis,
1100 3651 1228 3716 semper
1251 3651 1330 3695 vero

151 3757 319 3822 continent
334 3757 461 3840 aliquod
478 3757 612 3830 lacinus,
626 3757 710 3840 quod
726 3777 790 3821 non
806 3757 989 3842 praesefert
1004 3776 1042 3821 ea
1059 3757 1218 3822 elementa
1234 3762 1329 3826 tuate

153 3881 246 3946 rialia
272 3884 422 3966 proprius
449 3888 563 3947 vocata
589 3901 714 3964 eorpus
741 3882 866 3953 delicti,
897 3880 995 3946 veluti
1023 3880 1164 3946 cadaver
1191 3881 1330 3946 hominis

152 4008 267 4080 occisi,
292 4009 343 4072 vel
367 4029 421 4073 res
444 4008 532 4072 furto
554 4007 692 4081 ablatas,
721 4014 777 4073 aut
803 4010 1033 4078 instrumenta,
1063 4005 1176 4091 quibus
1205 4007 1330 4071 crimen

150 4133 330 4217 perfectum
347 4140 404 4198 est.
421 4132 530 4199 Nihilo
554 4135 659 4199 secius
676 4132 787 4198 eadem
805 4139 953 4197 remanet
968 4133 1143 4197 necessitas
1167 4130 1330 4196 obtinendi

150 4261 312 4345 appositas
342 4259 547 4346 probationes
573 4259 614 4324 de
640 4258 726 4324 facto
750 4260 923 4324 criminoso
954 4262 1124 4341 antequam
1152 4257 1267 4340 aliquis
1289 4256 1330 4321 de

151 4384 288 4448 crimine
310 4384 498 4468 postuletur,
524 4383 638 4469 saltem
665 4385 710 4448 uti
734 4382 946 4446 vehementer
968 4387 1145 4467 suspectus.

242 4509 361 4572 Fontes
373 4509 489 4572 harum
498 4506 721 4593 probationum
731 4513 880 4572 recenset
893 4507 975 4572 idem
985 4512 1047 4572 art.
1056 4505 1120 4570 XV
1130 4505 1330 4591 distinguens
