3350 5100
634 287 843 336 annncnrnu
866 288 914 335 ιν.
1296 268 1364 335 603

186 428 237 481 pro
249 412 428 465 matrimonio
446 412 624 480 parabantur,
637 410 696 465 sive
709 411 818 480 quando
832 410 866 463 ad
878 426 1043 464 consensum
1056 410 1236 480 promendum
1248 409 1368 464 adducta

184 516 253 583 fuit,
277 517 337 572 sive
362 516 473 588 qnando
498 520 561 587 post
585 517 680 570 datum
706 532 871 571 consensum
895 518 998 571 festum
1022 515 1149 587 nuptiale
1173 515 1370 571 celebrabatur

185 628 281 677 utrum
299 638 399 691 nempe
418 620 462 675 bis
479 622 609 676 omnibus
626 621 734 687 hilaris,
754 626 889 693 prompte,
908 626 938 677 et
956 622 1033 676 laeta
1055 621 1205 689 adstiterit,
1224 640 1259 676 an
1278 639 1367 678 secus.

186 730 393 785 Consideranda
417 745 528 800 quoque
552 729 613 784 eius
637 730 739 799 agendi
763 730 835 783 ratio
861 746 930 799 erga
954 729 1072 784 alteram
1098 736 1219 800 partem,
1245 736 1274 785 et
1297 747 1366 801 erga

187 836 309 892 eiusdem
327 836 479 901 familiam3
504 840 597 891 utrum
617 852 715 905 nempe
741 836 878 892 benevola
895 842 926 891 et
943 836 1103 904 affectuosa,
1129 846 1223 891 utrum
1246 838 1368 891 libenter

79 944 82 949 '
186 940 293 995 ataine
319 940 494 1009 oppositione
513 940 547 995 ad
566 940 658 1015 officia
681 941 902 995 matrimonialia
924 957 986 996 sese
1010 940 1179 1004 exhibuerit,
1203 958 1240 995 an
1264 941 1367 997 eisdem

185 1046 336 1111 obstiterit,
354 1062 389 1101 ea
408 1046 575 1115 praesertim
594 1046 628 1100 de
646 1062 739 1111 cansa,
763 1046 829 1117 quia
851 1046 1059 1101 matrimonium
1084 1045 1193 1100 nullum
1218 1047 1368 1117 putaverit,

185 1155 271 1221 atque
294 1157 326 1206 ut
350 1152 451 1206 melius
477 1152 550 1206 tueri
575 1157 667 1221 posset
691 1152 832 1221 propriam
857 1152 1027 1207 libertatem.
1051 1152 1094 1205 nd
1118 1151 1172 1206 hoc
1196 1157 1366 1222 postremum

184 1259 290 1313 factum
310 1259 481 1329 probandum
500 1258 669 1313 considerari
688 1259 779 1324 debet,
801 1266 895 1312 utrum
913 1258 967 1313 bac
991 1258 1025 1313 de
1041 1276 1125 1313 causa
1142 1260 1217 1313 inter
1235 1259 1368 1328 coniuges

186 1365 260 1435 ipsos
278 1372 357 1421 ortae
376 1366 433 1420 sint
451 1366 517 1420 litee
535 1370 564 1420 et
582 1367 786 1431 contentiones,
809 1372 902 1420 utrum
920 1366 974 1420 boc
990 1368 1097 1420 factum
1116 1366 1365 1430 manifestaverint,

119 1546 123 1553 Ι
185 1474 340 1544 atquibus,
360 1490 450 1545 aquo
474 1479 600 1543 tempore
626 1480 688 1545 post
713 1476 921 1529 matrimonium
947 1475 1020 1529 istae
1043 1474 1236 1546 querimoniae
1259 1475 1370 1544 incepe-

186 1578 251 1649 rint,
271 1584 300 1634 et
318 1597 353 1634 ex
376 1596 431 1650 qua
457 1596 540 1635 cauea
564 1580 609 1635 vel
635 1582 753 1647 ratione,
780 1585 873 1635 utrum
892 1580 927 1633 ad
946 1580 1018 1635 tales
1042 1580 1108 1634 lites
1132 1584 1161 1635 et
1181 1580 1367 1635 dissensiones

185 1686 325 1742 tollendas
342 1686 470 1741 adbibita
488 1688 594 1743 fuerint
615 1688 742 1752 consilia,
769 1686 952 1753 hortationes,
971 1691 1001 1742 et
1018 1688 1049 1741 in
1067 1704 1132 1741 casu
1156 1686 1332 1754 affirmativo,
1351 1704 1368 1740 a

186 1796 287 1865 quibus
306 1800 335 1849 et
353 1811 409 1865 quo
428 1796 516 1851 exitu.

274 1906 292 1967 ἓ
311 1900 354 1955 39.
375 1902 416 1955 Ad
444 1903 586 1971 praedicta
609 1903 803 1974 cognoscenda
827 1906 857 1957 in
881 1903 1015 1958 iudicium
1039 1902 1157 1957 vocandi
1181 1906 1264 1956 erunt
1286 1904 1368 1957 ambo

186 2009 327 2077 coniuges,
352 2024 504 2080 eorumque
527 2013 666 2079 parentes,
692 2010 735 2064 illi
761 2010 925 2080 praesertim
949 2011 998 2081 qui
1016 2009 1051 2065 de
1071 2011 1218 2064 coactione
1241 2008 1368 2064 adbibita

185 2120 361 2178 accusantur,
380 2121 409 2169 et
427 2121 583 2186 opportune
604 2118 796 2186 interrogandi
815 2118 849 2171 de
867 2119 943 2171 facto
961 2118 1030 2187 ipso,
1049 2117 1083 2171 de
1101 2116 1191 2183 modo,
1210 2116 1366 2181 domimo,

186 2226 216 2277 et
234 2222 267 2277 de
285 2224 349 2290 fine,
368 2225 404 2277 ob
423 2239 506 2293 quem
525 2222 558 2277 ad
577 2223 633 2279 vim
653 2222 838 2278 adhibendam
856 2222 931 2277 ducti
950 2224 1064 2278 fuerint.
1080 2223 1149 2278 ltem
1168 2223 1285 2277 vocandi
1304 2239 1368 2293 pro-

186 2330 282 2400 pinqui
307 2335 337 2384 et
357 2329 512 2385 familiares
534 2330 698 2387 violentiam
721 2331 888 2396 accusantia,
912 2335 942 2385 et
965 2330 1157 2400 interrogandi
1180 2330 1216 2385 de
1239 2331 1368 2386 omnibns

185 2450 257 2506 quae
275 2435 320 2490 vel
339 2436 374 2490 ad
393 2442 532 2505 parentes,
556 2436 602 2491 vel
621 2436 656 2489 ad
674 2436 748 2491 illios
766 2438 943 2501 reseruntur;
970 2441 1063 2489 utrum
1088 2434 1239 2506 quidquam
1257 2451 1364 2498 eorum,

185 2560 256 2614 quae
275 2542 304 2598 in
322 2544 394 2598 actis
413 2542 562 2609 habentur,
587 2544 709 2600 viderint
733 2551 783 2598 aut
807 2544 977 2607 audiverint,
995 2541 1097 2615 quidve
1115 2542 1210 2597 norint
1232 2532 1366 2598 accidisse

184 2649 219 2703 ad
238 2665 297 2704 rem
316 2651 467 2719 pertinens,
480 2649 540 2704 sive
558 2654 710 2720 antequam
729 2648 939 2704 matrimonium
957 2648 1157 2713 celebraretur,
1169 2647 1228 2702 sive
1240 2658 1366 2718 ternpore

185 2754 415 2820 cohabitationis,
441 2756 500 2812 eive
524 2759 675 2825 numquam
700 2755 912 2810 matrimonium
936 2756 1136 2821 celebraretur,
1158 2755 1217 2810 sive
1242 2761 1368 2824 tempore

185 2861 411 2927 cohabitationis,
429 2863 488 2918 aive
507 2867 569 2932 poet
587 2863 738 2932 coniugum
756 2863 972 2932 separationem,
985 2863 1008 2916 si
1027 2861 1098 2918 baec
1117 2863 1208 2916 locum
1227 2862 1365 2917 babuerit

185 2967 217 3023 ln
236 2968 312 3024 bieco
330 2969 522 3024 examinandis
539 2969 623 3026 iudex
640 2969 792 3040 diligenter
811 2970 950 3039 invigilet,
968 2973 1063 3024 utrum
1083 2969 1179 3040 aliqua
1203 2969 1366 3024 collusionis

185 3073 368 3144 suspicandae
386 3091 470 3128 causa
488 3073 586 3141 nubsit,
604 3079 634 3129 et
651 3080 740 3140 curet,
759 3080 791 3129 ut
808 3075 900 3146 quoad
922 3074 1051 3144 singulae
1075 3091 1208 3144 personas
1232 3073 1368 3144 parocho·

186 3197 248 3236 rum
267 3181 458 3236 testimoninm
477 3181 604 3238 obtineat
621 3181 655 3237 de
673 3182 795 3251 ipsarum
821 3182 963 3251 probitate
981 3186 1067 3253 atque
1085 3181 1280 3241 credibilitata
1299 3180 1368 3235 Post

185 3289 255 3344 istos
272 3288 388 3342 vocandi
415 3287 552 3359 parocbue
569 3288 613 3344 vel
637 3289 711 3344 alius
735 3289 873 3354 sacerdos,
897 3289 946 3361 qui
970 3288 1151 3344 matrimonio
1174 3288 1299 3352 adstitit;
1323 3287 1367 3343 illi

184 3397 234 3468 qui
252 3395 374 3466 eiusdem
392 3395 576 3450 celebrationi
594 3398 625 3451 et
641 3397 714 3451 festo
732 3396 852 3465 nuptiali
874 3397 1073 3454 interfuerunt
1093 3400 1125 3450 ut
1142 3397 1265 3450 referant
1288 3411 1369 3464 prae-

101 3495 107 3508 '
185 3502 282 3557 sertim
300 3502 334 3557 de
352 3501 441 3568 modo,
459 3517 515 3573 quo
533 3517 653 3571 persona
671 3506 769 3556 contra
790 3501 999 3556 matrimonium
1017 3500 1174 3556 reclamans
1191 3502 1220 3554 in
1239 3500 1298 3554 illis
1316 3501 1370 3553 cir·

184 3609 362 3663 cumstautiis
386 3625 416 3664 ae
440 3608 576 3678 gesserit3
601 3609 676 3666 aliae
701 3625 836 3680 personae
864 3609 1008 3675 inductae,
1035 3607 1103 3663 illae
1127 3609 1273 3678 speciatim
1297 3623 1369 3678 quae

184 3715 327 3772 adhibitae
346 3719 460 3772 luerunt
477 3717 523 3773 vel
536 3721 568 3772 ut
583 3718 708 3772 consiliis
726 3722 756 3772 st
774 3716 981 3772 hortationibus
998 3717 1199 3772 reclamantem
1218 3714 1252 3769 ad
1271 3714 1366 3768 matri·

113 3829 117 3835 '
184 3824 308 3878 monium
326 3824 501 3891 inducerent,
514 3826 560 3882 vel
573 3829 605 3880 nt
617 3827 776 3882 excitarent
788 3825 822 3880 ad
841 3826 933 3880 officia
949 3824 1171 3880 matrimonialia
1188 3822 1366 3893 praestanda,

183 3929 219 3983 ab
238 3929 328 4000 iisque
346 3931 544 4001 quaerendum,
560 3930 626 4002 quid
644 3932 764 4002 egerint,
777 3932 879 4002 quibus
897 3931 1071 4001 argumentis
1088 3946 1165 3996 usae,
1182 3928 1284 3999 quidve
1301 3943 1366 3983 oon·

183 4039 297 4092 mentae
313 4037 430 4092 inerint.

271 4147 290 4209 ἓ
309 4144 353 4198 40.
380 4143 529 4200 Caeterum
553 4145 582 4199 in
607 4144 660 4199 bac
685 4161 717 4202 re
739 4145 823 4201 iudex
847 4146 920 4200 sciat
945 4145 1156 4200 matrimonium
1180 4162 1242 4200 ease
1265 4161 1315 4214 per
1336 4159 1367 4198 ae

182 4252 288 4306 factum
307 4251 444 4322 quoddam
463 4251 588 4306 solemne
601 4255 630 4306 et
643 4251 795 4322 publicum,
807 4252 881 4324 quod
895 4268 1005 4322 semper
1017 4252 1141 4308 validum
1154 4252 1261 4307 censeri
1273 4250 1364 4315 debet,

183 4359 236 4416 nisi
250 4357 395 4415 evidentes
406 4359 530 4416 rationes
542 4359 667 4414 eiusdem
679 4359 843 4416 nullitatem
856 4359 1117 4416 demonstraverint
1136 4359 1201 4414 ldeo
1212 4358 1364 4414 curandum
