3350 5100
346 308 412 375 538
859 328 943 375 runs
967 326 1017 373 111.

346 468 368 513 a
392 447 498 515 *Vobis
519 447 582 515 sub
612 448 733 515 uirtute
764 466 789 513 s.
815 446 1024 513 obedientiae
1056 448 1105 513 ad
1133 452 1302 513 seeremm
1332 446 1524 511 bainsmodi
1562 504 1566 507 ,

345 578 526 639 teneantur
542 594 572 637 r.

437 696 516 761 Inde
546 698 701 781 sequitur,
727 698 905 783 Episcopus
932 700 964 761 in
989 695 1179 762 deliniendis
1210 698 1317 761 csusis
1347 697 1388 762 de
1417 696 1526 760 heresi

345 824 396 889 vel
420 824 461 889 de
485 822 673 889 criminibus
702 824 742 889 de
765 824 874 889 heresi
897 824 1064 909 suspectis,
1089 822 1191 888 veluti
1213 824 1254 887 de
1279 821 1524 895 sollicitatione,

345 970 388 1015 ex
411 952 580 1016 virtutes.
605 949 813 1016 obedientiae
835 948 893 1013 sed
916 949 1037 1033 absque
1059 968 1200 1015 censura
1215 951 1301 1033 ipsos
1323 946 1464 1031 obligari
1486 945 1525 1009 ud

345 1077 507 1137 secretum
539 1071 752 1147 servandum
784 1072 865 1137 aiios
895 1091 978 1136 vero
1013 1092 1163 1155 quorum.
1184 1090 1292 1155 opera
1321 1076 1356 1137 et
1386 1070 1525 1137 comitio
1636 1065 1637 1140 ξ

345 1204 478 1264 utantur
508 1200 541 1264 in
568 1197 736 1282 explendis
767 1196 971 1282 processibus
1001 1204 1035 1262 et
1063 1198 1170 1262 causis
1200 1195 1338 1281 obligari
1369 1216 1466 1281 posse
1486 1194 1526 1257 ab

346 1325 513 1409 Episcopis
536 1324 576 1388 nd
599 1329 760 1387 secretum
784 1323 994 1389 servandam
1018 1324 1212 1388 comminata
1234 1340 1376 1387 censura
1400 1342 1526 1387 excom·

344 1448 569 1515 munientionis
591 1449 643 1511 vel
669 1449 765 1513 etism
785 1448 851 1512 alie
866 1466 1006 1512 censura
1021 1467 1139 1531 nempe
1155 1446 1198 1511 ab
1214 1446 1350 1512 bomine
1366 1448 1428 1511 lot.
1445 1454 1525 1512 sent.

345 1593 426 1657 quse
451 1574 602 1637 nimirum
626 1591 689 1637 non
713 1573 893 1636 incurritur
924 1574 984 1637 nisi
1016 1572 1144 1636 leretur
1167 1575 1201 1635 et
1223 1570 1282 1635 sub
1306 1572 1347 1635 iis
1370 1570 1525 1636 conditio

346 1697 438 1763 nibus
461 1699 641 1763 incurritur
664 1696 777 1781 quibus
802 1696 917 1761 fertur.

437 1822 599 1887 Sanctam
634 1820 790 1908 Officium
827 1819 1062 1906 inquisitionis
1096 1839 1156 1904 pro
1190 1821 1346 1885 universa
1379 1820 1526 1885 Ecclesia

344 1949 519 2008 exercetur
542 1962 562 2007 a
586 1944 743 2027 Suprema
759 1942 1075 2035 congregationes.
1102 1944 1141 2007 R.
1167 1944 1204 2009 U.
1230 1943 1472 2026 inquisitionis;
1496 1950 1527 2006 et

343 2074 509 2133 secretam
534 2064 568 2131 S.
595 2066 701 2151 Officii
724 2066 961 2131 observandum
993 2086 1094 2151 penes
1121 2066 1208 2133 hanc
1232 2067 1525 2152 Congregationem

343 2195 377 2257 et
399 2190 439 2255 sb
463 2192 535 2255 aliis
564 2190 678 2275 quibus
708 2194 955 2277 partecipantur
981 2192 1111 2276 negotia
1132 2190 1174 2255 ad
1198 2190 1293 2255 Hunc
1315 2193 1524 2275 pertinentia

343 2324 392 2383 est
414 2317 605 2403 riporosias
629 2323 661 2381 et
683 2316 856 2401 specialem
879 2317 1025 2380 continet
1048 2317 1257 2383 sanctionem,
1276 2312 1526 2400 Explicabimus

344 2441 437 2507 modo
461 2440 536 2527 quid
558 2442 704 2525 speciale
727 2442 822 2506 sitin
847 2441 909 2504 hcc
932 2449 1069 2505 secreto.

434 2569 610 2633 Innumero
625 2568 711 2632 edita
734 2572 809 2632 sunt
831 2566 965 2631 decreta
988 2566 1027 2630 ab
1051 2569 1121 2651 ipss
1136 2566 1212 2650 Sup.
1230 2566 1348 2652 Gongr.
1366 2566 1399 2632 S.
1417 2563 1525 2631 Officii

343 2693 375 2755 in
399 2693 533 2757 tutelam
557 2692 676 2756 secreti
692 2690 845 2756 servandi
868 2692 924 2755 sed
949 2693 1010 2756 ista
1033 2692 1141 2755 omnia
1160 2691 1261 2774 veluti
1276 2695 1438 2754 summata
1451 2697 1525 2754 sum
1596 2746 1601 2754 .

343 2817 377 2880 in
390 2817 534 2880 Decretis
548 2815 641 2880 editis
657 2835 676 2878 a
691 2812 792 2881 Clem.
807 2817 855 2880 XI
869 2815 925 2879 die
941 2817 957 2878 l
971 2813 1125 2880 Decemb.
1138 2815 1231 2880 1709
1246 2819 1279 2879 et
1292 2835 1314 2879 a
1325 2814 1426 2880 Olem.
1441 2813 1523 2879 Xlll

343 2940 398 3005 die
422 2941 439 2999 1
465 2938 543 3005 Feb.
568 2939 661 3005 1759
683 2959 768 3023 quae
792 2939 888 3004 hodie
911 2939 1097 3024 plenissime
1119 2942 1240 3023 vigent.

479 3064 510 3145 1)
527 3062 698 3128 Obiectnm
710 3061 805 3126 huius
821 3063 951 3133 secreti,
968 3062 1119 3128 Clemens
1134 3063 1182 3127 XI
1199 3061 1347 3128 decernit
1362 3062 1522 3133 contineri

345 3207 362 3249 e
381 3187 417 3252 tn
433 3185 589 3252 omnibns
605 3191 635 3250 et
651 3185 918 3270 quibuscamque
934 3186 1046 3252 causis
1060 3192 1091 3251 et
1106 3185 1250 3271 nepotiis
1261 3186 1407 3270 aliisque
1422 3185 1524 3251 rebus

343 3311 482 3396 quaein
498 3313 616 3378 eodem
631 3309 664 3375 S.
689 3311 869 3377 Tribunati
891 3311 1049 3377 dicentur
1071 3317 1102 3376 et
1125 3311 1363 3377 tractabantur
1378 3318 1410 3377 et
1421 3329 1524 3395 pera-

341 3441 467 3523 pentar
489 3437 590 3502 etiam
612 3454 718 3520 saper
741 3436 838 3502 tibris
860 3441 920 3502 aut
943 3435 1108 3502 doctrinis
1124 3435 1368 3500 examinandis
1391 3441 1424 3500 et
1443 3455 1524 3518 per

342 3559 435 3627 sonis
457 3561 504 3626 ad
526 3580 646 3626 eoram
661 3561 867 3626 recisionem
880 3579 941 3625 sea
955 3560 1158 3626 relationem
1177 3559 1356 3643 deputatis,
1373 3560 1525 3642 eneeptis

344 3691 475 3752 tantam
499 3687 611 3751 eansis
634 3705 727 3751 mere
750 3650 903 3752 civilibni
924 3705 987 3752 nec
1009 3686 1135 3751 directe
1149 3705 1213 3751 nee
1234 3685 1399 3752 indirecte
1421 3685 1526 3770 fidem

344 3816 402 3876 ont
413 3810 614 3896 retipionem
626 3810 851 3897 tenpentibas,
867 3809 1062 3876 inviolabile
1072 3816 1239 3876 secretam
1253 3815 1388 3875 seruent
1399 3809 1526 3893 (omnes

344 3935 1526 4022 adquesspectat)adeoatnecetis-ectenecindirecteneoaenatnnepne

342 4061 477 4145 seriptis
488 4081 598 4146 neqne
611 4061 711 4127 verm
723 4081 834 4146 nepae
845 4061 934 4126 alias
950 4060 1200 4145 quomodolibet
1210 4059 1273 4127 sab
1284 4062 1406 4145 quaeis
1417 4081 1526 4145 qnan-

344 4185 465 4250 tnmais
488 4187 637 4252 colorato
657 4190 843 4268 praetenta
864 4186 935 4250 siue
953 4185 1097 4252 maioris
1119 4184 1199 4252 boni
1213 4185 1283 4250 siae
1297 4185 1525 4269 proomsimoe

343 4314 373 4374 et
395 4309 657 4398 arpenttssimae
679 4327 803 4376 causae
826 4309 897 4374 siae
917 4309 1019 4374 etiam
1044 4310 1188 4376 alienius
1210 4310 1384 4392 familiolis
1399 4317 1462 4375 ant
1475 4312 1524 4377 di·

342 4433 567 4508 commotionis
590 4439 652 4499 etc.
678 4453 708 4497 r.
742 4435 784 4498 Et
810 4433 892 4498 haec
919 4424 1083 4498 'contineri
1115 4437 1147 4500 in
1175 4434 1371 4520 obligatione
1401 4439 1521 4501 secreti
1636 4514 1638 4537 >
