3350 5100
433 294 477 341 nn
501 254 640 341 runicus
664 294 907 345 cltlntlneLlBus
931 273 1108 341 insaucia
1291 278 1357 343 507

177 417 300 485 nullam
321 420 516 485 mentionem
540 419 664 487 faciunt
679 419 790 506 plures
806 421 1039 485 Instruciiones
1054 420 1159 485 editae
1175 440 1195 484 a
1209 420 1240 485 S.
1259 420 1357 503 Sede3

177 541 254 609 dum
278 564 297 607 e
321 563 480 609 converso
504 564 562 630 pro
587 545 692 610 causis
715 543 974 629 disciplinaribus
997 545 1192 610 clericorum
1212 546 1357 612 eamdem

175 668 300 733 utiliter
322 668 527 754 frequentari
550 688 649 753 supra
671 670 914 755 explicavimus.
935 706 955 717 -
980 668 1092 740 Iudex,
1109 670 1226 754 quippe
1245 672 1300 753 qui
1324 674 1357 737 in

174 792 227 857 bis
251 794 357 858 causis
376 812 442 877 pro
458 812 521 860 sico
536 793 644 877 officio
667 795 881 878 acquiescere
897 814 961 860 non
976 793 1094 859 debeat
1108 794 1356 879 allegationibus

175 922 210 981 et
232 916 471 983 defensionibus
494 919 633 1002 partium
656 918 957 991 contradicentium,
981 919 1042 983 uisi
1066 920 1173 983 omnia
1197 918 1255 983 sibi
1279 921 1357 984 satis

175 1041 209 1104 in
234 1042 307 1105 luce
332 1042 489 1107 collocata
512 1062 582 1107 esse
605 1042 787 1125 videantur,
815 1043 855 1109 ad
879 1045 1052 1112 clariorem
1076 1043 1299 1128 probationum
1324 1048 1356 1109 et

174 1162 264 1227 iuris
287 1168 320 1227 ot
340 1162 425 1245 facti
448 1170 712 1248 argumentorum
736 1165 995 1250 explicationem,
1012 1167 1189 1248 exquirere
1212 1169 1354 1248 potesta

174 1288 248 1351 viro
268 1290 382 1372 perito,
399 1289 563 1354 ueletiam
580 1309 600 1361 a
615 1290 738 1355 dnobus
757 1292 870 1374 peritis
892 1292 1016 1357 votum
1026 1310 1094 1374 pro
1109 1291 1259 1356 ueritate.
1277 1290 1356 1355 -Ne

175 1411 380 1478 defensiones
404 1421 437 1479 et
467 1414 763 1481 animadversiones
787 1421 820 1479 et
843 1417 985 1499 ipsarum
1016 1416 1155 1500 partium
1179 1420 1213 1479 et
1234 1414 1356 1479 vinculi

175 1546 270 1604 matr.
296 1540 476 1607 defensoris
499 1542 594 1607 nimis
617 1542 882 1626 multiplicentur,
907 1548 957 1605 est
979 1546 1108 1606 cautum
1134 1540 1211 1604 iure
1234 1559 1354 1605 comm.

175 1666 335 1748 quomodo
358 1665 589 1730 moderandum
607 1668 648 1731 sit
662 1666 716 1731 ias
730 1664 1004 1747 replicationum.
1030 1664 1077 1729 Gt.
1096 1664 1170 1727 Vol.
1189 1664 1214 1736 1,
1231 1684 1262 1726 n.
1282 1662 1355 1726 171.

266 1789 340 1854 480.
360 1790 498 1855 Decreta
511 1790 725 1856 conclusione
741 1790 771 1853 in
790 1808 897 1855 causa
912 1793 945 1852 et
960 1789 1171 1870 consequenti
1186 1806 1357 1869 processus

170 1912 411 1997 publicatione,
430 1916 588 1998 contingit
611 1936 675 1979 non
699 1915 798 1979 semel
815 1920 851 1980 ut
866 1934 953 1998 pars,
970 1932 1113 1998 quecea
1128 1913 1213 1979 actis
1228 1916 1259 1977 et
1270 1931 1355 1994 pro·

175 2038 262 2104 batis
277 2038 457 2123 publicatis,
475 2042 642 2126 cognoscit
660 2038 720 2105 sibi
743 2059 808 2103 non
834 2038 940 2105 fausto
953 2041 1063 2102 omine
1078 2058 1147 2101 rem
1163 2036 1354 2122 procedere,

174 2168 307 2248 expetat
329 2182 430 2229 novos
453 2164 613 2229 deducere
636 2169 735 2228 testes
755 2140 788 2228 et
808 2182 908 2228 novas
933 2162 1156 2246 probationes;
1172 2168 1222 2225 ast
1240 2162 1354 2244 aperi·

174 2290 258 2357 noni
277 2308 458 2371 processus
473 2290 578 2357 obstat
593 2288 759 2354 decretum
784 2288 1010 2355 conclusionis
1024 2289 1062 2351 in
1076 2305 1183 2353 causa
1198 2294 1231 2351 et
1241 2285 1352 2369 publi-

173 2414 318 2480 cationis
336 2432 525 2496 processus.
551 2414 594 2477 Et
615 2414 712 2479 iudex
731 2414 826 2479 debet
849 2414 991 2478 intimius
1013 2410 1226 2497 perpendere,
1243 2412 1352 2494 quanti

172 2540 214 2604 sit
237 2537 387 2603 facienda
410 2538 492 2602 haec
515 2538 630 2624 regula
653 2559 823 2624 processus
847 2544 880 2602 et
895 2537 943 2626 ‘ab
965 2537 1078 2603 eadem
1101 2557 1166 2601 non
1194 2536 1352 2602 recedere

173 2666 235 2730 uisi
263 2684 305 2728 ex
333 2664 566 2748 probatissimis
595 2664 782 2730 rationibus.
818 2666 897 2728 Nam
929 2683 1046 2729 causae
1077 2669 1172 2728 matr.
1203 2664 1240 2728 in
1269 2668 1353 2728 atte-

172 2787 375 2856 stationibus
399 2790 596 2873 potissimum
611 2789 844 2853 nanciscuntur
866 2789 1068 2854 necessarias
1086 2787 1300 2871 probationes,
1317 2793 1352 2852 at

172 2913 278 2979 labilis
302 2915 362 2978 ista
386 2912 533 2997 probatio
550 2918 583 2978 et
598 2912 715 2977 dicitur
739 2917 773 2976 et
788 2921 836 2978 est
859 2912 947 2996 (Vol.
966 2914 990 2983 l,
1008 2932 1040 2976 n.
1058 2911 1136 2998 466)
1160 2914 1235 2995 quia
1254 2917 1352 2978 testes

173 3037 271 3102 facile
286 3043 547 3121 corrumpuntur.
563 3037 668 3102 Nihilo
685 3038 790 3102 secius
806 3039 903 3102 nulla
917 3038 1042 3122 reputa
1055 3038 1129 3102 sine
1145 3037 1351 3119 encepnme.

173 3163 215 3226 Et
239 3163 423 3246 exceptioni
446 3162 537 3228 locus
560 3167 608 3226 est
632 3163 892 3244 quotiescumque
916 3181 958 3225 ex
982 3161 1070 3227 bana
1093 3162 1161 3245 fide
1184 3167 1218 3224 et
1233 3179 1350 3226 amore

171 3287 324 3353 veritam
347 3286 442 3352 iudici
466 3306 654 3372 persuasum
679 3288 729 3366 sit,
754 3291 879 3371 partem
904 3288 973 3350 sive
997 3287 1151 3350 actricem
1176 3287 1244 3350 sive
1276 3305 1350 3350 con·

172 3417 303 3477 venum
327 3412 534 3497 expostulare
561 3411 699 3475 aliarum
723 3409 947 3493 probationum
976 3409 1199 3475 deductionem
1223 3415 1256 3475 et
1278 3410 1352 3474 iude

167 3554 351 3620 processis
374 3535 597 3618 aperitionem
622 3535 690 3599 sive
710 3540 797 3608 ante,
814 3535 883 3598 sive
900 3540 973 3618 post
994 3534 1187 3598 seutentiam
1206 3533 1351 3618 definiti-

170 3682 260 3728 vam.
273 3697 290 3708 -
301 3661 426 3725 Verum
435 3660 621 3743 publicatio
634 3679 816 3743 processus
829 3679 892 3723 non
906 3659 1011 3724 obstat
1022 3661 1190 3742 quominus
1199 3658 1351 3723 defensor

171 3791 266 3850 matr.
280 3793 312 3850 et
328 3786 425 3851 iudex
439 3805 481 3850 ex
498 3786 606 3869 officio
618 3787 698 3849 alias
712 3787 882 3869 perquirat
894 3785 1109 3868 probationes,
1122 3787 1196 3868 quia
1212 3803 1232 3847 a
1247 3783 1351 3848 iudice

171 3910 262 3976 abest
276 3913 414 3995 suspicio
429 3911 654 3994 corruptionis.
673 3910 825 3976 Attamen
851 3915 885 3974 et
907 3912 967 3974 isto
983 3911 1055 3974 iure
1070 3929 1142 3972 cum
1164 3911 1348 3972 necessaria

165 4035 355 4117 prudentia
378 4042 410 4099 et
433 4055 491 4119 pro
517 4036 707 4101 necessitate
730 4039 855 4101 tantum
879 4036 925 4098 uti
949 4032 1044 4098 debet
1067 4031 1164 4099 iudex
1187 4039 1220 4096 et
1242 4030 1349 4095 delen-

172 4183 227 4228 sor
242 4166 349 4242 matr,
367 4181 408 4226 ne
433 4181 486 4226 res
503 4162 606 4246 magis
622 4160 805 4245 implicetur
822 4165 855 4224 et
870 4157 926 4225 liat
941 4157 1132 4241 exceptioni
1147 4156 1351 4239 suspicionis

170 4288 271 4354 locus.

260 4410 334 4474 481.
353 4411 444 4474 luter
460 4427 645 4494 processum
657 4407 885 4472 instruendum
902 4405 1072 4490 aliquando
1095 4406 1223 4470 occasio
1239 4403 1352 4469 incidit
