3350 5100
350 284 417 349 386
856 302 941 351 rans
970 301 1019 347 111.

350 428 404 491 hic
428 428 579 511 persistat
600 428 633 488 in
657 425 806 510 negando
829 426 976 499 crimine,
992 446 1056 491 non
1080 424 1277 491 obstantibus
1302 425 1523 509 interrogatio-

351 554 443 618 nibus
458 559 491 616 et
506 553 730 636 probationum
746 572 785 615 ac
800 551 992 616 indiciorum
1010 549 1318 616 manifestationibus
1333 550 1391 613 sibi
1410 549 1523 615 adver-

350 699 468 751 sorum,
485 674 542 763 (cn
561 677 723 760 partiatis
738 678 933 742 contestatio
948 676 1043 758 facto
1065 676 1104 740 in
1126 677 1272 741 decursu
1292 672 1475 761 mominis)
1491 672 1525 737 lit

350 804 441 866 locus
456 803 601 867 criminis
615 801 713 886 (indii
728 802 962 867 contestationi
977 822 1008 865 n.
1027 802 1099 867 Art.
1117 802 1199 865 370:
1220 823 1238 862 ‹
1255 801 1404 866 Continet
1419 805 1525 865 conte-

350 928 444 989 statio
466 924 710 990 substantialem
734 921 810 987 iacti
830 924 1019 989 relationem
1037 943 1098 989 nec
1122 943 1185 987 non
1206 923 1407 1009 generalium
1431 930 1525 1007 atoue

349 1051 535 1135 specialium
551 1050 773 1133 probationum
790 1068 832 1112 ex
850 1066 1003 1133 processu
1020 1049 1211 1119 habitarum.
1226 1048 1340 1131 quibus
1355 1048 1524 1126 evincitur,

350 1177 533 1259 inquisitum
557 1175 702 1239 criminis
724 1178 781 1237 aut
802 1175 975 1238 criminum
1000 1193 1091 1238 reum
1116 1193 1196 1245 esse,
1213 1173 1252 1237 ad
1273 1194 1355 1256 quae
1379 1172 1526 1237 determi-

352 1299 456 1365 nanda
479 1300 669 1365 contestatio
692 1317 794 1382 usque
819 1300 962 1365 retertur
979 1319 1009 1362 a.
1035 1298 1197 1363 Videlicet
1224 1296 1448 1363 determinatio
1471 1297 1524 1362 de-

349 1425 417 1489 licti
439 1445 497 1488 seu
511 1423 593 1487 tituli
614 1424 829 1487 accusationis
847 1424 1032 1487 necessaria
1047 1427 1105 1495 est,
1123 1423 1197 1504 quia
1212 1426 1277 1487 una
1291 1422 1385 1486 simul
1402 1420 1525 1485 denun-

349 1550 456 1615 ciatur
486 1567 661 1632 poenarum
693 1547 907 1620 comminatio,
933 1548 976 1612 uti
1001 1554 1097 1611 cavet
1119 1553 1181 1610 art.
1207 1546 1282 1615 378.
1309 1582 1326 1595 -
1352 1549 1424 1611 Art.
1449 1546 1525 1611 371:

351 1672 599 1737 ‹Probationes
622 1674 796 1757 genericae
819 1678 875 1737 aut
897 1673 1063 1757 speciales,
1080 1662 1160 1755 quas
1176 1674 1208 1736 in
1228 1671 1367 1737 decursu
1390 1674 1525 1737 interro-

349 1798 513 1883 gationum
537 1796 633 1861 iudex
651 1796 782 1880 speciali
807 1798 969 1861 mentione
994 1802 1190 1863 contestatus
1207 1802 1264 1865 est.
1283 1799 1313 1860 in
1331 1801 1404 1861 actu
1422 1794 1526 1860 finalis
1560 1784 1562 1787 ⁵

350 1923 591 1987 contestationis
614 1920 781 1986 dumtaxat
796 1922 840 1984 ita
855 1920 1039 1985 innuendae
1053 1927 1128 1986 sunt
1143 1925 1178 1985 ut
1193 1920 1324 1985 eaedem
1342 1922 1526 1985 recolantur

350 2053 511 2119 accusato,
535 2049 611 2130 quin
634 2052 744 2111 tamen
767 2048 898 2131 integra
920 2046 998 2111 tacti
1021 2047 1136 2111 relatio
1160 2051 1327 2131 repetatur
1340 2032 1370 2110 a.

439 2171 515 2235 318.
534 2172 616 2251 Quia
632 2172 802 2256 inquisitus
814 2171 986 2254 aliquando
998 2171 1264 2257 autintcprcaut
1279 2176 1438 2253 cooperte
1450 2171 1525 2234 late-

350 2304 403 2361 tur
426 2317 516 2362 suam
537 2297 675 2379 culpam,
691 2301 769 2361 tune
792 2296 987 2363 contestatio
1003 2294 1039 2359 fit
1055 2316 1113 2380 per
1136 2295 1387 2361 declarationem
1408 2316 1525 2379 poena-

351 2442 432 2490 rum.
450 2441 529 2504 quas
544 2422 722 2486 committet
746 2442 821 2486 reus
844 2421 883 2486 ob
902 2422 1054 2486 delictum
1079 2424 1107 2487 ei
1133 2427 1354 2487 contestatum
1373 2422 1468 2487 etiam
1493 2423 1524 2484 in

351 2553 442 2632 parte
465 2546 505 2611 ab
529 2568 567 2610 eo
590 2553 725 2632 nepeta.
743 2546 793 2612 Ad
818 2567 896 2618 rem,
915 2546 1130 2612 observentur
1149 2546 1211 2611 hae
1231 2567 1364 2611 normae
1385 2546 1454 2612 cod.
1472 2548 1525 2612 cit.

350 2675 448 2757 Greg.
463 2675 585 2757 positae
601 2673 633 2736 in
646 2691 712 2755 seq.
726 2673 817 2737 titulo
833 2671 872 2741 V,
887 2674 1057 2757 inscripto:
1072 2692 1090 2734 r
1105 2673 1153 2736 Dc
1165 2672 1334 2756 inquisitis
1346 2691 1526 2738 ouurnonn

351 2795 513 2878 confessis
536 2800 596 2861 ant
618 2796 655 2860 in
679 2813 789 2861 enarr
809 2817 840 2858 a.
866 2798 936 2859 Art.
962 2795 1044 2859 373:
1072 2814 1090 2858 ‹
1115 2795 1147 2860 Si
1171 2797 1341 2878 inquisitus
1364 2817 1399 2860 se
1424 2795 1528 2859 reddit

351 2922 543 2992 confessum,
568 2921 751 3003 exquiritur
772 2919 812 2983 ab
837 2939 876 2984 eo
900 2925 932 2984 et
958 2921 1087 3003 scriptis
1113 2925 1272 2985 exaratur
1300 2923 1427 3004 integra
1450 2921 1526 2984 lacti

352 3046 484 3119 relatio;
508 3052 541 3110 et
564 3049 708 3118 curatur,
726 3051 878 3127 quantum
903 3043 974 3110 lieri
998 3050 1172 3129 potestat,
1194 3065 1258 3110 uno
1281 3047 1441 3118 examine,
1458 3047 1528 3109 eius

351 3171 510 3237 confessio
534 3177 566 3237 et
590 3173 765 3256 recipiatur
788 3177 821 3236 et
844 3192 910 3237 una
931 3172 1024 3238 simul
1052 3173 1180 3257 scriptis
1205 3171 1421 3237 mandetur».
1449 3173 1527 3237 Nam

351 3301 493 3382 praestat
509 3318 528 3360 a
546 3317 602 3360 reo
617 3298 804 3380 exprimere
819 3297 979 3381 integram
998 3297 1245 3372 confessionem,
1260 3317 1330 3363 nno
1350 3303 1529 3380 contentn‚·

350 3423 425 3503 quia
439 3423 622 3504 interrupto
638 3421 798 3492 examine,
816 3441 908 3485 reum
924 3420 1060 3487 forsitan
1078 3423 1220 3505 poenitet
1235 3422 1340 3486 factae
1356 3422 1528 3486 confessio-

353 3547 401 3610 nis
432 3550 464 3610 et
487 3547 519 3608 in
544 3565 627 3609 novo
658 3545 810 3611 examine
840 3565 910 3610 eam
937 3550 1118 3611 retractare
1149 3550 1295 3610 conatur.
1320 3546 1471 3611 Attamen
1500 3547 1526 3610 si

351 3670 506 3735 nonnulla
518 3671 670 3735 adiuncta
683 3669 768 3751 facti
783 3669 929 3752 confessi
944 3670 1164 3735 declaratione
1180 3670 1353 3756 indigeant.
1371 3672 1530 3755 repetitur

351 3814 498 3860 examen.
513 3797 584 3859 Art.
597 3794 677 3859 376:
697 3796 903 3879 ‹Inquisitus
919 3777 1046 3879 quoque
1060 3796 1227 3860 confessus
1243 3797 1354 3860 vocari
1370 3801 1476 3880 potest
1487 3795 1528 3860 ad

352 3941 470 3986 novum
494 3940 631 3984 examen
647 3926 683 3987 ut
698 3939 736 3983 ea
759 3920 902 4004 explicet
924 3924 981 3985 aut
1004 3919 1127 3986 referat
1142 3939 1224 4004 quae
1240 3921 1323 3985 scitu
1343 3923 1530 3986 necessaria

351 4051 483 4110 censeat
506 4045 603 4112 iudex
626 4048 812 4111 instructor.
839 4047 919 4110 Item
942 4045 1120 4112 audiendus
1143 4047 1247 4112 estin
1272 4047 1422 4111 examine
1449 4065 1529 4130 quo-

351 4169 550 4253 tiescumqne
574 4169 637 4232 hoc
667 4163 820 4253 efflagitet
848 4169 1063 4252 inquisitus».
1089 4169 1159 4233 Art.
1187 4169 1265 4232 377:
1292 4169 1360 4234 «si
1383 4167 1532 4233 declaret

352 4313 387 4357 se
410 4293 493 4357 velle
517 4312 608 4358 snam
636 4312 793 4359 revocare
823 4294 1077 4376 confessionem,
1107 4300 1205 4360 antea
1234 4295 1458 4379 interrogatur
1488 4292 1531 4357 de

351 4419 467 4500 causis,
491 4437 573 4502 quae
604 4418 694 4483 illum
723 4418 764 4482 ad
795 4419 1030 4484 confessionem
1055 4420 1234 4485 faciendam
1267 4419 1466 4485 induxerunt
1494 4425 1531 4484 et
