3350 5100
830 583 972 650 CAPUT
997 587 1022 650 l.

342 763 387 809 DE
411 741 655 818 mools'ootuos
679 763 799 811 cessei
823 765 890 812 AU'l'
916 765 1153 814 enrinootrolt
1176 767 1274 816 Actio
1302 766 1520 814 clitumnus.

332 935 552 994 Sunnarlun.
570 967 604 982 -·
627 940 684 993 184.
705 939 870 995 Declaratur
895 945 986 996 status
1008 943 1188 1013 quaestionis.
1206 971 1244 986 -
1264 944 1323 998 185.
1344 943 1382 998 De
1409 949 1524 997 transa-

426 1046 520 1101 ctione
538 1063 588 1103 seu
606 1047 640 1102 de
658 1048 828 1104 remissione.
843 1077 877 1091 -
893 1051 950 1104 186.
971 1051 1009 1106 De
1028 1051 1284 1120 compositionibus.
1306 1051 1345 1107 De
1363 1053 1523 1107 abolitione

425 1171 474 1208 seu
496 1154 530 1210 de
554 1154 770 1226 dispensatione,
789 1157 965 1212 absolutione
990 1162 1018 1212 et
1043 1157 1161 1212 indulto.
1184 1185 1219 1200 -
1240 1159 1298 1214 187.
1319 1157 1358 1214 De
1384 1159 1526 1227 praescri·

427 1260 531 1329 ptione.
549 1260 706 1330 Conceptus
724 1267 753 1315 et
770 1261 981 1316 fundamentum
1005 1264 1233 1334 praescriptionis
1251 1267 1281 1318 in
1299 1282 1331 1320 re
1347 1265 1468 1336 poenali
1484 1293 1524 1306 -

431 1362 488 1417 188.
509 1368 553 1418 An
570 1364 640 1420 baec
664 1364 830 1419 admittetur
855 1366 916 1420 iure
940 1366 1038 1422 eccles.
1059 1367 1222 1438 Explicatur
1244 1370 1287 1424 ius
1306 1369 1465 1438 positivum.
1485 1397 1524 1409 -

431 1466 488 1521 189.
510 1469 548 1524 De
567 1471 786 1540 praescriptione
806 1487 919 1540 poenae.
939 1471 1047 1526 -192,
1068 1473 1107 1526 De
1126 1473 1170 1527 die
1188 1491 1206 1526 a
1223 1490 1279 1544 quo
1297 1474 1421 1527 decurrit
1441 1489 1524 1540 pree·

428 1575 554 1644 scriptio.
573 1576 714 1637 Quomodo
732 1576 801 1632 haec
821 1579 1012 1647 interrupstur
1031 1586 1060 1632 et
1079 1579 1274 1647 suspendatur.
1295 1579 1333 1633 De
1352 1579 1414 1632 iure
1436 1577 1524 1649 esyli.

428 1708 463 1726 -·
486 1681 545 1737 191.
570 1682 608 1738 Ile
632 1688 774 1738 sententia
798 1685 978 1739 absolutoria.
1002 1715 1032 1728 -
1061 1685 1119 1740 192
1146 1685 1243 1740 Cesset
1265 1685 1339 1738 ectio
1364 1685 1525 1739 criminalis

429 1799 520 1842 morte
543 1791 676 1843 accusati.
701 1794 746 1843 An
774 1792 929 1860 perimetur
956 1792 1092 1846 instantis
1119 1797 1209 1846 morte
1236 1793 1409 1846 accusatoris
1432 1795 1464 1846 et
1488 1779 1525 1844 d'e
1633 1763 1634 1830 f

431 1895 623 1966 peremptione
642 1898 849 1952 instantiarum.
1300 1873 1301 1878 Ἰ

433 2057 505 2122 184.
530 2059 684 2123 Actiones
700 2059 813 2125 ciuiles
835 2060 981 2144 pluribus
1002 2061 1103 2126 modis
1119 2065 1257 2133 cessent,
1275 2080 1338 2125 non
1360 2080 1459 2126 secus
1483 2077 1525 2125 ac

338 2179 570 2266 oblipotioneu
587 2181 687 2247 veluti
702 2183 969 2268 praescriptione,
983 2184 1214 2255 transactione,
1232 2184 1401 2256 solutione,
1419 2182 1523 2248 dona·
1633 2167 1634 2178 ¹

340 2307 438 2380 tione,
471 2307 603 2371 interitu
635 2308 692 2372 rei.
727 2309 881 2373 Actiones
907 2329 987 2374 reru
1019 2309 1215 2374 criminales
1245 2306 1341 2372 aliter
1373 2309 1524 2392 extingui

342 2449 475 2496 necesse
499 2439 557 2503 est,
579 2432 654 2515 quia
677 2433 739 2497 liae
763 2433 927 2517 pertinent
942 2435 975 2496 in
992 2433 1105 2518 primis
1126 2433 1166 2497 ad
1187 2429 1312 2499 bouum
1333 2431 1523 2514 publicum,

342 2554 425 2638 quod
449 2576 513 2620 non
537 2556 705 2621 subiicitur
728 2560 927 2641 privaturum
951 2556 1230 2623 conventionibus.

432 2680 512 2745 Nam
526 2679 701 2747 advertere
716 2688 870 2765 praestat,
887 2685 1047 2748 actionem
1064 2687 1097 2747 et
1112 2682 1240 2747 civilem
1257 2687 1290 2745 et
1305 2678 1524 2759 criminalem,

341 2823 407 2870 uua
422 2806 526 2878 simul,
545 2826 685 2893 causum
700 2806 823 2873 habere
845 2806 1014 2872 abeodem
1032 2806 1119 2871 facto
1130 2806 1247 2885 nomio,
1264 2811 1405 2870 attamen
1423 2823 1523 2867 unam

340 2938 375 2997 et
396 2931 532 2996 alteram
562 2931 686 2997 habere
711 2934 811 3017 finem
842 2934 970 2996 omnino
998 2932 1171 2996 diversum.
1196 2930 1359 3014 Siquidem
1382 2948 1427 2993 ex
1459 2930 1525 2995 isto
1633 2982 1634 3019 4

341 3057 429 3121 facto
451 3058 557 3123 noeto
581 3058 728 3122 exoritur
751 3060 800 3123 ius
821 3057 861 3121 ed
887 3057 1127 3121 indemnitatem
1145 3076 1201 3121 seu
1217 3054 1256 3119 ad
1275 3052 1522 3119 resarciendum
1633 3030 1634 3053 ¹

340 3176 494 3244 damnum
509 3181 745 3246 immediatum
769 3185 802 3244 et
823 3180 1020 3245 mediorum.
1040 3179 1134 3243 Actio
1150 3176 1257 3244 0111111
1271 3176 1376 3241 tendit
1399 3174 1440 3239 ad
1466 3195 1520 3241 re-

340 3303 523 3388 parandum
549 3304 802 3386 innormitatem
832 3303 1023 3369 criminalis
1039 3278 1091 3367 ¹ad
1122 3300 1338 3386 reparandum
1366 3300 1522 3365 damnum

339 3428 530 3494 mediatum
546 3448 605 3493 seu
627 3429 797 3513 publicum.
813 3430 906 3493 Actio
922 3428 1028 3493 ciuilis
1044 3428 1189 3493 continet
1203 3427 1253 3491 ius
1277 3428 1440 3511 privatum
1456 3427 1521 3491 civi

344 3555 530 3639 pertinens;
547 3553 736 3620 criminatis
758 3555 807 3629 ius
831 3558 980 3637 spectans
996 3552 1036 3617 ad
1053 3552 1294 3636 rempublicam.
1309 3550 1419 3624 Quare
1434 3553 1522 3615 ectio

344 3680 535 3745 criminato
554 3678 747 3763 popularis,
763 3679 824 3744 etsi
848 3698 1002 3744 concessa
1027 3680 1089 3742 ciri
1113 3678 1240 3763 privato
1264 3675 1367 3759 quoad
1392 3678 1526 3741 exerci-

345 3807 434 3897 tium,
456 3813 563 3869 tamen
586 3810 699 3889 suapte
722 3809 849 3882 natura,
874 3806 1014 3888 protegit
1037 3803 1155 3868 bouum
1178 3802 1352 3887 publicum.
1378 3802 1526 3885 Denique
1633 3790 1634 3843 l

344 3930 428 3993 aetio
445 3929 624 3993 criminalis
646 3948 666 3991 a
688 3929 777 3993 civili
800 3933 849 3993 est
872 3926 1092 4013 independens
1116 3928 1148 3991 in
1164 3946 1222 3992 sua
1238 3927 1423 4006 existentia,
1441 3927 1524 3991 etin

345 4075 404 4119 suo
427 4056 601 4131 exercitio;
626 4074 728 4138 quare
752 4058 814 4118 und
839 4056 1015 4137 perempto,
1037 4072 1101 4118 non
1124 4051 1243 4117 exinde
1265 4052 1525 4137 alia‘perempta
1633 4082 1634 4099 i

347 4178 493 4244 habetur.
517 4215 529 4226 -
558 4180 736 4244 Praeterea
759 4181 843 4244 actio
863 4179 1049 4247 criminalis.
1067 4180 1184 4263 quippe
1207 4179 1430 4263 persecutoria
1454 4198 1526 4261 pue·

345 4323 418 4377 nae.
436 4310 539 4389 potest
555 4306 754 4370 considerari
771 4306 824 4369 vel
840 4324 909 4389 que
931 4310 979 4369 est
1003 4306 1051 4369 ius
1075 4302 1249 4367 accusandi
1266 4303 1370 4367 civem
1393 4302 1524 4366 iudicis·

345 4430 423 4494 liter
445 4429 485 4493 ad
509 4428 668 4514 publicam
691 4430 878 4501 vindictam,
900 4428 951 4493 rel
976 4448 1045 4513 qua
1069 4428 1189 4493 estius
1213 4424 1376 4491 obtinendi
1402 4446 1527 4510 poenae
1633 4428 1634 4485 l
