3350 5100
390 353 478 407 66116
502 352 536 399 in
561 352 694 425 661616
718 350 897 399 venusina
920 346 1160 399 conrrnnnrun
1295 327 1361 392 673

234 475 326 529 Miles.
346 502 380 515 -
405 477 543 527 Accusare
573 471 745 541 prohibetur,
799 472 869 526 uitio
896 472 1032 525 canonica
1060 477 1176 539 paterna
1200 482 1230 524 et
1255 476 1366 527 secreta

183 564 245 615 pag.
269 544 327 600 187.
798 544 947 669 &adnot
957 542 1095 615 66616666
1107 542 1235 596 16616666
1243 544 1289 608 sit,
1301 560 1364 613 pag.

799 616 805 631 ¹
853 654 860 667 .
878 614 1024 675 -Quando
1044 630 1110 668 vero
1121 622 1151 667 et
1168 614 1306 685 quomodo
1324 616 1364 669 16-

234 689 383 741 111666-
404 685 500 741 1166611
521 684 655 739 Sacridcri
677 684 744 739 Mis-
797 686 953 741 616666611
974 685 1091 741 monitio
1109 686 1244 739 canonica
1262 685 1291 739 in
1310 686 1366 739 166-

181 776 228 813 666
249 759 415 828 prospicitur
440 773 489 826 per
512 763 564 809 art.
585 773 625 811 xn
648 755 743 811 Gonst.
798 774 845 811 ma
863 757 964 826 legali,
983 774 1045 827 pag.
1064 756 1126 809 355.
1143 785 1157 797 -
1181 756 1364 824 Explicantur

181 830 395 901 «Apostolicee
423 828 546 892 Sedis»,
577 826 616 882 13.
646 828 744 881 Praxis
798 829 914 898 regulae
941 830 1043 899 quibus
1070 829 1227 881 innotescat
1253 828 1365 898 quando

181 900 348 971 stipendium
381 901 483 954 Missae
511 900 742 953 commutantium
798 901 845 953 uni
856 900 1098 971 etquandoalteri
1109 899 1214 952 dandus
1226 901 1265 953 sit
1277 899 1364 966 locus,

181 990 243 1027 cum
263 974 430 1028 mercibusa
444 970 635 1025 sacerdotibus
653 988 744 1025 coam·
799 988 862 1041 pag.
875 971 980 1041 356sq.
995 975 1037 1024 An
1051 970 1364 1039 monitionespraemit·

181 1048 236 1114 ptis
265 1046 447 1111 improbatur,
468 1057 532 1111 pag.
556 1041 596 1095 15.
614 1070 627 1081 -
648 1041 744 1111 Negli-
798 1042 968 1099 teudaeaint
983 1041 1152 1112 impositioni
1165 1042 1363 1097 exercitiorum

180 1116 277 1184 gentis
295 1124 324 1169 61
342 1114 426 1185 culpa
438 1115 466 1166 in
480 1112 602 1167 curanda
621 1113 744 1167 celebra·
797 1113 1000 1182 spiritualium,
1021 1130 1082 1183 pag.
1101 1112 1162 1167 360.
1181 1141 1194 1153 ·
1218 1112 1257 1167 De
1275 1114 1364 1168 moni-

181 1188 257 1240 tione
277 1188 422 1240 mieserum
445 1185 629 1252 compescitur
641 1202 658 1237 a
672 1185 698 1239 S.
712 1184 741 1238 G.
798 1187 875 1240 tione
893 1190 1012 1255 paterna
1030 1184 1235 1254 praemittenda
1252 1190 1364 1239 senteu-

181 1259 219 1323 6,
243 1259 273 1311 16
291 1274 331 1327 sq.
350 1256 431 1318 -Qui
452 1258 563 1309 16166616
588 1256 648 1311 sine
674 1257 744 1324 legi·
768 1314 771 1325 ,
797 1258 856 1312 tiae
874 1274 908 1311 ex
928 1257 1078 1310 informata
1095 1256 1281 1321 conscientia,
1299 1273 1362 1325 pag.

180 1330 249 1383 tima
277 1346 361 1381 eausa
390 1332 442 1381 non
473 1327 621 1396 perficiunt
647 1328 743 1396 poenis
798 1330 858 1383 457.

181 1402 363 1465 mulctantur,
381 1414 453 1469 quae
473 1410 565 1451 tamen
591 1404 657 1451 sunt
675 1400 692 1451 1.
712 1417 742 1462 6.,

179 1469 682 1597 61166.ἀ119ὲθ-1οἳ6ἐῑ611666618661111ί6ἓ
698 1487 744 1593 66.-
851 1472 1053 1524 monomachia.
1073 1497 1107 1510 -
1126 1469 1166 1521 01.
1187 1470 1332 1524 Duellam·

196 1560 240 1599 em
273 1560 298 1597 10
466 1560 489 1595 sl
624 1560 662 1593 'll
708 1560 715 1593 l

180 1615 393 1684 regularitatem
413 1581 539 1674 incurrit,
549 1612 572 1663 ai
586 1580 742 1677 secue,lron
853 1614 968 1668 Mulier.
985 1640 1022 1654 -·
1037 1615 1177 1666 Accusare
1191 1611 1362 1680 prohibetur,

180 1688 258 1749 item,
279 1701 341 1755 pag.
365 1686 421 1737 1⁸20.
800 1701 861 1752 pag.
885 1684 942 1738 161.

234 1830 324 1880 tilieto
343 1830 470 1884 simonia.
491 1842 552 1896 pag.
573 1829 617 1879 62.
1061 1865 1094 1931 N

232 1970 338 2023 Mixtus
362 1983 519 2037 processus,
543 1996 580 2009 -
602 1966 645 2021 Cf.
671 1968 742 2021 Pro-

179 2055 282 2094 cessus.
851 2040 1033 2109 Neptiqentia
1051 2068 1084 2081 -
1103 2045 1133 2093 et
1158 2038 1241 2107 culpa
1263 2039 1291 2091 iu
1314 2053 1362 2092 cu·

798 2111 884 2164 randa
904 2112 1095 2167 celebratione
1118 2111 1266 2164 Missurum
1288 2125 1363 2163 com-

232 2180 311 2234 111661
327 2182 500 2249 procedendi
517 2182 687 2237 criminales.
705 2209 743 2222 -
798 2183 955 2249 pascitura
974 2182 1000 2235 S.
1020 2183 1049 2238 G.
1069 2182 1097 2237 C.
1118 2199 1180 2252 pag.
1203 2182 1234 2235 16
1252 2198 1291 2251 sq.

179 2250 369 2305 communiter
385 2253 505 2322 6616666
523 2258 712 2307 memorantur
725 2270 742 2305 a

178 2321 741 2393 0666616116666.169;-1166111616
850 2324 1019 2392 Negotiatio.
1046 2353 1080 2366 -
1106 2325 1156 2378 Eat
1179 2324 1291 2393 propria
1316 2323 1360 2377 vel

177 2394 373 2458 accusationis,
391 2394 419 2463 2)
437 2394 635 2466 inquisitionis,
654 2394 682 2460 3)
696 2396 743 2449 de-
796 2394 960 2464 impropria:
979 2397 1068 2463 prima
1086 2395 1250 2465 praesertim
1270 2394 1361 2463 probi·

176 2465 742 2536 666616116616,6666166661.1166616116·
796 2466 878 2519 betur
896 2466 1015 2532 clericis,
1029 2483 1091 2536 pag.
1112 2468 1170 2522 120.
1189 2494 1225 2509 -
1243 2465 1313 2524 Quid
1326 2466 1361 2522 de

177 2535 204 2602 3)
217 2553 264 2605 per
277 2538 350 2590 vium
362 2538 536 2606 exceptionis
548 2545 577 2592 et
589 2540 617 2605 5)
630 2539 742 2603 notorii,
796 2538 1033 2609 negotiationibus
1047 2557 1120 2610 quae
1138 2538 1219 2592 bodie
1236 2542 1362 2608 aguntur

176 2623 240 2676 pag.
262 2607 312 2661 169
329 2625 368 2678 66.
388 2636 402 2649 -
426 2609 463 2662 Gt
489 2611 635 2680 Ecceptio,
654 2611 742 2664 Noto-
798 2625 846 2676 per
870 2611 1032 2676 societates,
1050 2627 1112 2680 pag.
1135 2610 1192 2665 121.
1210 2639 1223 2652 ·
1248 2611 1360 2665 Poenae

175 2682 259 2732 rium
285 2678 323 2732 lle
347 2679 435 2733 modis
457 2682 557 2751 qnibns
582 2689 673 2735 cessat
691 2689 740 2734 6111
795 2681 822 2732 16
843 2681 961 2735 clericos
979 2682 1177 2752 negotiatores,
1197 2697 1259 2750 pag.
1282 2682 1339 2735 122.
1394 2742 1397 2747 Δ

176 2750 351 2818 extinguitur
379 2753 453 2804 ectio
480 2753 648 2812 criminalis,
677 2768 738 2820 pag.

177 2821 228 2873 248
248 2837 287 2890 sq.
308 2849 322 2860 ·
341 2819 382 2874 Cl.
402 2824 489 2875 Actio.
849 2825 994 2879 illuminati
1012 2853 1046 2865 -
1064 2825 1109 2879 vel
1128 2823 1299 2893 praesentati
1311 2824 1359 2893 qui

795 2896 921 2963 regimen
943 2896 1085 2951 Ecclesiae
1107 2896 1262 2965 suscipiant
1281 2900 1361 2950 ante-

228 2962 391 3016 Monucltus.
413 2963 577 3023 -Quando
598 2965 683 3033 possit
697 2981 741 3018 66-
794 2982 877 3035 66616
896 2968 1101 3022 institutionem
1121 2985 1138 3021 a
1156 2967 1183 3020 S.
1198 2966 1268 3022 Sede
1287 2967 1360 3020 obti-

176 3035 549 3102 ensarenecne,pag,187.
795 3039 908 3092 6661161
931 3040 1016 3092 variis
1039 3039 1135 3108 poeuis
1160 3038 1358 3107 percelluntur,

813 3129 830 3163 a
852 3149 858 3160 .
881 3110 939 3164 136.

228 3175 441 3230 monasterinm.
466 3203 500 3216 -
518 3176 658 3246 cogentes
681 3195 738 3231 mu·
796 3126 851 3180 Η

176 3245 274 3300 lieren
288 3245 396 3316 ingredi
411 3249 618 3314 monasterium,
633 3264 740 3302 eorum·
850 3254 975 3308 Numae
999 3253 1197 3324 processuulec
1224 3280 1258 3292 -
1285 3268 1357 3322 quae

175 3333 229 3386 que
248 3317 431 3386 complices
452 3321 739 3374 excommunicatione
795 3325 975 3379 moderantur
997 3325 1215 3379 controversiam
1242 3322 1357 3376 iudicia·

176 3387 278 3442 nemini
299 3393 442 3443 reservata
460 3391 659 3445 aConc.Trid.
680 3409 739 3460 per·
793 3395 850 3450 1616
875 3396 1065 3461 criminalem,
1090 3412 1151 3464 pag.
1171 3395 1225 3448 263
1246 3412 1286 3464 66.
1313 3393 1354 3448 01.

175 3459 331 3522 uelluntur,
370 3477 413 3529 ag.
439 3460 481 3515 89.
501 3462 625 3523 -Quid
650 3464 740 3534 requi·
794 3470 872 3524 Acta.
950 3506 954 3512 .

175 3535 252 3610 ratur
271 3530 305 3582 66
327 3477 406 3584 illam
423 3535 738 3589 excommunicationem

175 3600 377 3666 incurrendam,
391 3609 419 3657 et
431 3604 532 3672 quibus
544 3607 636 3659 causis
654 3607 740 3660 liceat
847 3611 993 3664 Notarius.
1010 3637 1044 3650 -
1064 3610 1094 3663 ln
1113 3609 1204 3662 causis
1221 3607 1357 3661 sollicita-

174 3688 275 3740 cogere
294 3673 449 3739 mulierem,
468 3677 533 3730 ibid.
552 3694 591 3747 66.
795 3682 879 3735 tionis
897 3680 1069 3736 adhibendus
1087 3686 1131 3734 eet
1148 3679 1289 3744 notarius,
1307 3679 1354 3748 661

590 3799 592 3806 ,
793 3753 836 3824 611,
849 3754 892 3805 vir
910 3752 1126 3816 ecclesiasticus,
1146 3767 1208 3820 pag.
1227 3751 1290 3804 550.

227 3815 372 3871 Monialis.
392 3816 565 3877 -Quinam
588 3826 739 3874 exerceant

175 3891 341 3952 potestatem
361 3887 520 3943 iudicialem
539 3891 568 3943 in
592 3889 738 3954 Moniales,
847 3894 1008 3948 Notcrs'etos
1026 3898 1096 3966 facti
1107 3903 1133 3947 et
1145 3895 1227 3956 iuris,
1239 3919 1276 3934 -
1288 3891 1354 3962 quid

174 3971 236 4023 pag.
255 3957 319 4012 519.
338 3986 353 3999 -
373 3957 412 4012 De
430 3959 568 4015 electione
587 3962 631 4017 vel
644 3962 738 4015 dimis-
793 3965 830 4018 sit
854 3970 884 4019 et
907 3966 1045 4036 quomodo
1069 3964 1268 4034 distinguatur,
1289 3979 1352 4032 pag.

172 4027 250 4081 sione
270 4028 444 4094 Menialium,
462 4047 523 4099 pag.
543 4033 604 4086 525.
797 4033 853 4088 173.

226 4169 738 4252 111661116661166166.-1166661661
845 4179 995 4232 Notorium
1023 4208 1035 4219 -
1055 4179 1125 4240 Quid
1143 4178 1181 4231 sit
1205 4176 1355 4248 procedere

172 4243 215 4291 661
235 4241 385 4294 1616661661
410 4245 541 4311 poenale,
560 4261 621 4315 pag.
642 4247 703 4300 245.
722 4275 736 4288 ·
791 4249 820 4301 16
839 4249 1032 4303 criminalibus
1050 4266 1100 4318 per
1112 4251 1187 4304 riam
1201 4248 1311 4316 notorii,
1324 4253 1354 4303 et

171 4309 312 4369 Quomodo
337 4311 526 4383 distinguatur
550 4333 568 4368 a
592 4317 736 4383 citatione,
811 4320 902 4373 nando
920 4319 1011 4374 locum
1037 4320 1152 4385 babeat,
1175 4337 1236 4391 pag.
1264 4318 1322 4374 173.
1341 4348 1354 4362 ·

172 4397 244 4463 pag.⁸
258 4381 318 4462 351.
338 4410 352 4424 ·
374 4383 443 4466 Quid
468 4392 498 4441 et
519 4387 674 4457 quotuplex
700 4389 737 4442 sit
791 4335 893 4446 lterum
913 4397 942 4446 et
959 4393 1069 4463 quando
1088 4392 1134 4447 hic
1153 4409 1297 4463 processus
1313 4390 1353 4444 di·

170 4459 289 4508 61661116
312 4470 460 4521 canonica,
480 4475 542 4527 pag.
561 4458 623 4514 353.
644 4489 657 4502 ·
677 4461 736 4514 Mo·
790 4462 894 4517 candus
917 4463 955 4516 sit
980 4465 1139 4531 iudicialis,
1164 4481 1225 4534 pag.
1254 4463 1313 4518 175.
1339 4492 1353 4504 ·

245 4581 298 4634 Soc
316 4581 402 4652 Lege,
424 4581 485 4636 Lib.
505 4581 537 4650 ll,
557 4585 610 4640 rol.
632 4585 676 4639 lV.
1246 4593 1281 4645 43
