3350 5100
1277 298 1344 367 663

164 448 248 497 88881
277 456 375 496 causas
405 413 627 495 matrimoniales
655 440 727 511 apud
781 439 1020 495 ibid-habente
1032 441 1198 495 beneficium
1208 426 1345 508 curatum,

371 319 520 374 881818
544 317 678 372 onaano
700 296 875 367 18188188
899 318 1138 367 88818118188

165 514 192 567 S.
203 514 301 569 Sodem
312 519 378 568 8881
387 510 486 582 Congr.
501 511 630 577 Concilii,
642 510 668 565 S.
681 511 729 564 01-
768 528 846 582 pag.
879 511 945 577 1133
970 542 984 553 -
1010 511 1117 566 Prolati
1148 519 1177 567 et
1207 512 1346 583 Episcopi,

163 586 232 653 ficii,
250 586 285 639 de
304 584 385 654 Prop.
403 584 433 637 F.
449 600 510 653 pag.
525 581 730 637 4611-118188·
783 600 847 653 pag.
870 583 928 636 114.

164 658 224 711 tiae
240 657 274 711 ds
292 655 498 725 dispensatione
516 673 534 711 a
551 654 730 708 matrimonio

164 733 229 781 rato
253 733 283 783 81
307 742 362 781 888
385 731 578 781 consummato
605 727 731 779 18118118-
841 726 1045 779 Condemnutus
1061 727 1262 795 -appellans
1283 739 1348 781 cou-

164 799 271 855 cendae
300 801 366 852 sunt
395 804 425 853 81
454 798 627 853 definiendae
657 797 729 867 opud
783 797 877 850 stituit
895 796 1076 863 defensorem,
1095 812 1158 867 pag.
1179 799 1239 853 416.
1288 818 1291 825 ’

165 870 195 925 S.
216 870 324 933 Sodcm,
342 870 468 939 quamvis
487 884 631 939 processus
654 868 730 923 dole·
1004 888 1007 895 ·

164 945 250 1011 geter
267 940 455 995 conficiendos
469 941 505 994 ab
518 940 674 994 Ordinariis
689 940 730 993 lo-
840 938 991 1011 Confessio.
1020 968 1054 980 -
1083 939 1132 992 1181
1156 956 1347 1013 quaecumque

164 1030 276 1079 corum,
302 1014 369 1067 ibid.
387 1040 400 1054 ·
419 1012 458 1066 De
484 1013 672 1080 competentia
700 1012 729 1065 in
783 1011 955 1064 asseveratio
970 1011 1111 1064 contraria
1129 1012 1181 1079 ipsi
1200 1012 1346 1077 asserenti,

164 1087 257 1139 causis
264 1085 384 1139 matrim.
392 1084 501 1137 ratione
511 1084 654 1148 territorii,
665 1097 728 1152 pag.
783 1098 848 1150 pag.
866 1082 927 1134 287.
942 1110 953 1121 -
971 1082 1012 1135 Ex
1031 1082 1091 1150 ipsa
1110 1082 1223 1137 notione
1242 1086 1348 1138 confes·

164 1157 228 1210 4711.
241 1184 255 1197 -
267 1154 411 1217 Quomodo
428 1154 585 1223 applicetur
604 1153 703 1223 regula
715 1182 728 1194 ·
783 1153 871 1206 sionis
888 1154 1029 1207 iudicialis
1047 1153 1175 1223 sequitur
1195 1156 1346 1209 confessio·

163 1238 245 1282 octor
263 1231 390 1297 sequitur
407 1230 503 1296 forum
514 1230 566 1291 rei,
580 1227 646 1279 ibid.
659 1253 671 1265 ·
684 1226 729 1277 ,48
781 1240 848 1297 nem
861 1224 1063 1293 provocandam
1082 1240 1143 1279 esso
1162 1242 1211 1294 por
1229 1227 1349 1281 interro·

164 1299 328 1353 attendatur
360 1300 437 1351 locus
469 1307 634 1359 commotus,
665 1299 728 1367 pag.
784 1296 895 1364 gatoria
915 1312 963 1350 son
986 1312 1111 1363 examen,
1130 1298 1195 1351 ibid.
1213 1326 1226 1339 ·
1243 1298 1347 1359 Quanti

163 1371 227 1424 471.
239 1400 252 1413 -
264 1369 304 1423 Do
317 1370 481 1436 exceptione
493 1367 729 1437 incompetentiae
782 1366 911 1420 iacienda
921 1367 957 1420 sit
967 1369 1104 1421 consessio
1114 1368 1251 1435 ultronee,
1260 1371 1348 1423 tacita

163 1446 216 1497 aut
240 1440 420 1507 suspicionis,
439 1456 500 1509 pag.
519 1440 579 1492 472.
595 1468 609 1480 -
626 1438 728 1494 Utrum
783 1445 834 1492 sen'
853 1440 1348 1508 8188888818888283-1188118-

162 1512 249 1567 iodex
267 1516 428 1580 competens
442 1527 572 1564 recusare
585 1510 673 1580 possit
684 1527 731 1563 ao-
784 1509 873 1564 denda
891 1510 1073 1575 confessione,
1092 1526 1155 1578 pag.
1167 1511 1227 1565 289.
1248 1542 1258 1553 ·
1277 1512 1349 1566 Con-

163 1587 338 1639 cusationem
348 1580 510 1651 reciperein
521 1582 729 1636 matrimonium
783 1582 868 1634 fessio
893 1581 1073 1635 incidentalia
1101 1598 1155 1634 non
1183 1584 1349 1651 aestimatur

162 1657 232 1711 ibid.
260 1684 273 1695 -
300 1654 340 1709 118
370 1655 559 1722 competentia
586 1654 730 1707 cminineli
767 1651 933 1716 iudicialis,
950 1654 1016 1707 ibid.
1036 1652 1183 1724 sq.·Quid
1202 1654 1348 1709 dicendum
1416 1690 1417 1693 =

163 1726 238 1798 apud
256 1724 303 1779 SS.
322 1726 408 1794 Cong.
428 1726 577 1791 Romanas,
590 1741 653 1794 pag.
666 1724 728 1778 533.
784 1724 818 1778 de
846 1724 1018 1778 confessione
1046 1725 1260 1792 extraiudiciali,
1285 1740 1348 1797 pag.

160 1829 176 1843 -
188 1799 229 1853 De
242 1798 430 1866 competentia
443 1796 469 1849 S.
482 1796 581 1863 Officii,
595 1808 657 1866 pag.
676 1796 726 1850 541
784 1795 846 1850 290.
858 1824 872 1836 ·
884 1795 1028 1850 Confessio
1040 1795 1179 1849 iudicialis
1192 1798 1275 1851 debet
1287 1813 1348 1851 8888

163 1888 205 1942 sq.
224 1870 265 1924 cf.
287 1870 474 1941 Conpregutg'o
493 1873 546 1921 etc.
784 1866 875 1920 libers
894 1882 950 1921 non
967 1868 1156 1931 conaminis.
1178 1896 1190 1909 -
1212 1868 1349 1923 Libertati

780 1938 966 1992 confessionis
978 1939 1073 1991 obstat
1084 1948 1202 2004 tortura,
1213 1956 1275 2008 pag.
1286 1940 1347 1994 292.

224 2013 368 2081 Compleoe.
394 2038 428 2051 -
451 2011 636 2064 absolventes
657 2024 731 2063 com-
784 2009 848 2063 ·De
861 2010 1035 2065 confessione
1047 2011 1139 2063 iurata
1156 2012 1305 2081 coniugum
1318 2011 1349 2065 in

162 2084 268 2154 plicem
279 2084 308 2135 in
318 2087 433 2151 peccato
445 2082 517 2151 turpi
530 2097 648 2135 censura
661 2079 732 2134 mul·

163 2159 287 2221 otantur,
308 2170 368 2223 pag.
387 2154 413 2207 6.
431 2182 444 2193 -
461 2152 611 2221 complicis
629 2167 731 2206 nomen

162 2242 221 2279 non
241 2230 285 2280 est
303 2224 497 2295 inquirendum
517 2228 546 2278 et
564 2228 663 2277 contra
683 2223 731 2276 do-

162 2303 262 2352 centes
286 2296 574 2350 excommunicatione
601 2294 730 2365 plectun-

163 2375 222 2433 tur,
243 2384 305 2436 pag.
324 2370 379 2443 1,-
390 2368 495 2421 Contra
510 2383 576 2421 vero
594 2367 731 2421 facientes

164 2440 194 2494 S.
214 2438 310 2493 Officio
329 2438 514 2493 denunciaodi
534 2443 608 2505 sunt,
626 2454 689 2507 pag.
705 2438 731 2490 8.

223 2582 398 2652 Compositio.
418 2582 541 2643 -Quid
561 2582 605 2644 sit,
621 2579 731 2651 quaudo

145 2719 151 2730 ·
164 2659 196 2710 et
212 2655 350 2725 quomodo
362 2654 453 2708 locum
467 2653 580 2718 habeat,
592 2668 657 2731 pag.
669 2651 730 2715 251.

224 2795 370 2850 Conclusio
393 2799 423 2847 in
448 2812 540 2850 causa.
561 2822 599 2835 -
623 2793 653 2846 ln
679 2794 732 2848 cri·

165 2867 320 2922 mibalibus
340 2866 430 2921 locum
449 2867 545 2930 habet,
557 2865 668 2936 quando
686 2865 733 2920 do-

164 2939 293 2994 cernitur
311 2955 366 2992 non
384 2937 504 3007 amplius
516 2937 629 2993 concedi
640 2935 732 2990 facul-

165 3015 254 3065 tatem
275 3027 361 3066 novas
378 3009 529 3064 adducendi
545 3009 730 3079 probationes,

166 3099 229 3152 pag.
250 3081 312 3136 399.
325 3110 340 3123 ·
353 3081 405 3134 1111
424 3084 504 3134 a'ctos
521 3081 624 3136 dicitur
637 3080 732 3149 aequi-

165 3155 263 3208 valere
288 3154 317 3206 in
342 3153 534 3207 criminalibus
558 3151 732 3205 conclusioni

166 3227 195 3279 in
215 3241 309 3290 causa,
327 3241 389 3294 pag.
403 3225 464 3279 400.
481 3253 495 3265 -
511 3223 626 3285 Quando
639 3223 731 3276 locum

167 3295 273 3351 habeat
299 3297 327 3348 in
354 3297 446 3349 causis
470 3293 732 3360 matrimonialibus,

168 3385 231 3438 pag.
252 3367 305 3421 566
324 3383 364 3438 sq.

224 3509 390 3562 Concordia.
411 3537 444 3549 —
463 3508 580 3569 Quando
597 3508 658 3561 11811
685 3523 732 3576 po

166 3585 233 3642 test,
260 3582 290 3634 in
317 3581 408 3633 causis
435 3578 688 3633 matrimonialibus
715 3594 732 3631 a

166 3651 260 3705 iudica
278 3657 328 3704 ant
340 3669 357 3704 a
370 3653 456 3721 probo
471 3652 541 3716 viro,
553 3651 588 3704 de
600 3649 732 3703 mandato

168 3723 277 3787 iudicis,
290 3723 386 3778 sedulo
404 3723 539 3777 tentanda
557 3726 600 3776 ost
618 3736 732 3776 eoncor-

167 3794 215 3848 dia
233 3794 308 3848 inter
326 3795 468 3864 coniuges,
486 3810 550 3863 pag.
569 3793 619 3846 461
643 3809 682 3862 sq.

225 3936 452 3991 Concubinora'ua.
472 3963 507 3977 -·
525 3935 651 3989 Clericus
667 3949 731 3986 con·

168 4008 329 4062 cubinarius
348 4009 395 4078 qui
415 4008 532 4072 dicatur,
550 4022 613 4076 pag.
641 4005 698 4058 110.
717 4029 730 4040 -

169 4078 300 4134 Diversus
312 4079 380 4134 ordo
389 4095 540 4148 poenarum
560 4078 587 4130 in
601 4075 732 4130 concubi·

168 4151 262 4205 uarios
280 4152 416 4205 statuitur
435 4167 485 4221 pro
503 4151 614 4204 diverso
642 4147 730 4218 gradu

168 4220 343 4289 clericorum,
358 4239 474 4294 quoru-m
494 4225 614 4292 quatuor
628 4219 731 4283 classes

785 2082 878 2134 causis
888 2080 1153 2146 matrimonialibus,
1165 2098 1229 2151 pag.
1242 2083 1304 2136 492.

843 2223 1054 2293 Confidentsolic
1070 2226 1196 2289 omnnio,
1216 2241 1280 2294 pag.
1298 2224 1341 2279 32.

842 2366 1040 2436 Confrontotio.
1069 2396 1106 2407 -
1133 2366 1296 2436 Aliquando·
1319 2367 1348 2419 in

786 2436 979 2490 criminalibus
997 2438 1089 2490 locum
1114 2436 1199 2491 habet
1224 2440 1365 2491 centron--

785 2509 858 2563 tatio
877 2508 917 2563 rei
937 2525 999 2563 cum
1027 2510 1156 2573 testibus,
1177 2524 1239 2579 pag.
1258 2508 1318 2563 299.
1337 2538 1351 2551 -

785 2580 877 2641 Quare
890 2582 1078 2636 consonatio
1090 2582 1181 2635 locum
1200 2587 1295 2637 teneat
1308 2597 1351 2635 re-

786 2651 941 2721 petitionis,
969 2669 1031 2722 pag.
1060 2653 1121 2707 311.
1139 2681 1152 2694 -
1170 2651 1285 2712 Quando
1312 2653 1350 2705 811

785 2724 952 2790 necessaria,
975 2723 1036 2778 313.
1055 2754 1067 2765 -
1086 2724 1201 2785 Quando
1227 2730 1256 2779 et
1283 2739 1351 2796 quo-

773 2795 867 2848 'modo
895 2795 924 2849 in
952 2810 1083 2863 processu
1111 2797 1170 2861 1181,
1194 2797 1260 2850 ibid.
1279 2823 1292 2837 ·
1310 2795 1350 2850 Do

786 2867 906 2920 testibus
925 2867 973 2938 qui
992 2867 1108 2920 18888111
1134 2869 1200 2920 8881
1224 2867 1259 2920 sd
1285 2883 1351 2921 con·

785 2938 995 3004 1188181188818,
1014 2955 1078 3008 pag.
1098 2937 1159 2992 397.

800 3075 807 3085 ”
843 3079 1028 3162 Coogrsgotio
1049 3081 1218 3136 18111818-
1237 3081 1276 3134 De
1287 3073 1349 3138 81118

786 3151 964 3206 institutione
982 3156 1011 3206 81
1028 3152 1155 3220 historia,
1169 3168 1231 3223 pag.
1243 3153 1298 3207 545
1309 3168 1349 3224 sq.

785 3221 856 3276 -118
881 3222 941 3276 8188
964 3223 1073 3278 ratione
1097 3225 1267 3294 procedenti,
1286 3239 1348 3292 pag.

787 3293 848 3346 547.
868 3321 879 3334 -
898 3293 937 3347 118
956 3295 1018 3348 8188
1035 3295 1211 3350 decretorum
1229 3295 1350 3349 auctori·

786 3369 855 3432 tate,
876 3381 940 3435 pag.
961 3365 1023 3418 548.

843 3506 1029 3576 Conpregatio
1042 3509 1069 3562 6.
1083 3509 1105 3562 0
1136 3510 1180 3563 cii.
1189 3537 1225 3550 -
1235 3506 1350 3570 Quando

786 3577 917 3631 188111818
942 3580 1028 3634 fuerit
1052 3579 1078 3633 S.
1124 3596 1202 3648 ongr.
1222 3579 1248 3632 S.
1268 3579 1301 3632 R.
1320 3583 1350 3632 81

786 3647 821 3703 U.
851 3648 1041 3720 inquisitionis
1068 3668 1116 3706 seu
1147 3652 1174 3706 S.
1209 3649 1298 3720 Officii
1320 3654 1350 3702 81

786 3721 953 3790 quibusnam
981 3735 1015 3776 ex
1046 3724 1174 3792 personis
1201 3720 1350 3786 coalescat,

786 3806 848 3861 pag.
868 3791 921 3844 534
950 3803 998 3863 sq.¹
1011 3821 1024 3832 ·
1041 3793 1183 3853 Quomodo
1207 3793 1351 3846 incumbat

785 3863 814 3915 in
844 3863 1019 3930 negotiorum
1046 3866 1260 3932 expeditionem,
1286 3880 1349 3933 pag.

785 3931 846 3987 536.
856 3962 870 3973 -
880 3933 1025 3990 secretum
1036 3935 1063 3989 S.
1074 3935 1162 3990 Officii
1177 3937 1204 3990 in
1218 3951 1273 4007 quo
1286 3951 1350 3988 con·

785 4004 868 4057 sistat
880 4009 941 4059 tum
953 4023 987 4061 ex
1001 4008 1062 4061 iura
1075 4008 1223 4073 communi,
1237 4013 1296 4060 tum
1315 4023 1351 4060 ex

785 4076 847 4129 iure
865 4077 1028 4148 particulari
1043 4076 1130 4149 Cong.
1143 4079 1295 4148 Supremas
1306 4078 1349 4132 18-

785 4147 879 4217 qnisit.
901 4165 962 4219 pag.
981 4149 1034 4202 537
1052 4167 1092 4221 sq.
1110 4179 1124 4191 ·
1142 4151 1181 4204 118
1199 4151 1259 4204 8188
1277 4164 1351 4204 com·

785 4219 920 4290 petentia,
938 4237 999 4290 pag.
1018 4221 1068 4276 541
1090 4238 1130 4292 sq.
1145 4253 1155 4262 -
1171 4220 1210 4276 De
1223 4225 1349 4275 actorum

168 4293 318 4364 distinguit
345 4292 374 4348 C.
403 4293 487 4355 Trici..
513 4291 645 4346 videlicet
675 4306 730 4343 nou
785 4293 815 4342 et
832 4290 1007 4346 decretorum
1026 4293 1207 4357 auctoritate,
1220 4308 1284 4361 pag.
1297 4293 1351 4346 542

167 4363 304 4420 babentes
330 4366 505 4430 beneficium,
524 4379 587 4432 pag.
606 4361 651 4416 111
662 4377 669 4425 3
682 4359 730 4414 ha·
785 4377 825 4432 sq.
844 4391 857 4402 -
875 4361 1031 4417 1118818118
1050 4363 1214 4434 procedendi
1232 4365 1351 4418 iudicio·

167 4436 268 4490 bontas
301 4437 468 4491 beneficium
505 4437 609 4506 absque
646 4449 730 4499 cura,
785 4433 820 4486 lis
840 4439 882 4488 est
894 4453 967 4504 pure
980 4437 1150 4507 inquisition,
1164 4451 1228 4506 pag.
1242 4432 1296 4490 543
1307 4450 1348 4506 sq.
