3350 5100
339 302 405 367 414
850 330 933 375 rans
957 328 1007 375 111.

339 466 410 510 rum
426 445 617 512 diribitorio.
634 448 725 515 Tunc
740 449 808 515 dies
824 450 1051 519 notificationis
1067 460 1115 517 est
1131 452 1208 529 dies,
1221 473 1284 537 qno
1300 454 1409 521 littera
1423 474 1510 521 com·

337 572 500 637 mandata
515 573 599 657 apud
614 573 697 638 haec
712 573 817 639 officia
833 578 1008 643 remittitur
1023 580 1079 642 aut
1094 596 1162 648 reo,
1175 586 1230 643 aut
1246 578 1315 643 eius
1330 577 1512 660 defamari.

337 694 578 763 commentator
599 699 633 762 in
657 700 864 798 ephemeride
889 703 973 767 Acta
998 700 1031 767 S.
1058 702 1164 775 Sedis,
1189 702 1263 769 Vol.
1281 702 1357 775 XV,
1381 725 1411 788 p.
1436 703 1511 777 396,

338 826 498 909 opinator,
514 825 621 891 adhuc
640 846 743 911 posse.
761 830 824 891 imo
843 826 953 894 deberi
970 835 1143 915 praecepto
1159 830 1377 915 obtemperari
1392 830 1513 895 decreti

338 970 371 1014 α.
390 948 492 1031 1835,
509 952 583 1034 quia
605 950 717 1015 curiae
740 971 805 1015 non
828 951 950 1018 habent
972 974 1133 1027 cursores,
1150 956 1202 1039 qui
1223 955 1394 1020 dioecesim
1418 975 1513 1041 pera-

338 1081 485 1159 grantur,
498 1074 554 1139 sed
569 1095 736 1141 cursorem
750 1079 814 1141 non
826 1076 939 1143 deesse
952 1082 1004 1160 qui
1016 1077 1189 1152 defensori,
1203 1078 1285 1164 apud
1302 1081 1424 1145 curiam
1442 1100 1515 1144 con-

338 1201 448 1265 stituto
464 1202 654 1266 sententiam
671 1201 853 1267 denunciet.
871 1206 930 1268 Ast
952 1203 1034 1269 haec
1058 1206 1245 1290 opinionon
1266 1206 1343 1271 satis
1366 1207 1399 1269 in
1423 1211 1514 1271 certo

315 1310 321 1319 ⁸
339 1326 410 1391 iure
426 1326 560 1392 fundata
576 1327 711 1392 videtur.
730 1329 841 1402 Quare
856 1329 889 1393 in
905 1329 1015 1395 eadem
1034 1330 1107 1414 eph.
1125 1336 1159 1395 et
1174 1330 1285 1397 eodem
1307 1330 1374 1397 Vol.
1386 1351 1422 1415 p.
1440 1332 1515 1398 550

338 1451 493 1518 traditur:
512 1488 529 1500 -
548 1455 651 1518 tutius
673 1473 743 1519 esse
765 1456 966 1521 sententiam
985 1474 1052 1539 per
1068 1476 1243 1523 cursorem
1258 1436 1439 1538 defensori,
1454 1477 1515 1524 reo

335 1596 402 1660 per
417 1577 545 1644 litteras
560 1578 769 1644 denunciare
791 1580 838 1646 ad
861 1599 1021 1647 normam
1039 1618 1056 1630 -
1074 1588 1135 1648 art.
1152 1584 1246 1657 XIV,
1272 1589 1304 1648 et
1326 1583 1514 1649 decendium

340 1722 477 1768 currere
491 1724 512 1767 a
527 1701 578 1767 die
594 1721 657 1786 qna
674 1740 690 1749 -
705 1709 879 1785 postremo
894 1706 1076 1791 notificatio
1092 1704 1130 1771 in
1145 1706 1334 1788 &suasoris
1351 1708 1400 1773 uel
1415 1726 1515 1773 accu-

339 1830 405 1895 sati
431 1849 556 1895 manus
580 1829 783 1912 peruenerit.
802 1865 819 1878 -
837 1830 899 1895 Sed
930 1832 1004 1915 quia
1034 1837 1095 1896 art.
1122 1832 1203 1897 XIV
1227 1832 1414 1899 facultatem
1437 1832 1517 1898 facit

340 1954 524 2022 Ordinariis
540 1955 754 2021 denunciandi
777 1956 954 2022 sententias
977 1978 1036 2041 per
1052 1958 1189 2039 litterae,
1215 1978 1277 2023 non
1302 1958 1394 2023 video
1415 1977 1516 2042 quare

340 2080 424 2145 haec
446 2079 584 2146 facultas
608 2080 834 2166 restringenda
857 2082 898 2145 sit
920 2101 1004 2166 quae
1027 2081 1107 2147 adeo
1131 2078 1217 2147 utilis
1240 2088 1299 2164 est,
1324 2084 1463 2169 maxime
1482 2085 1515 2147 in

341 2204 465 2291 magnis
482 2204 622 2286 urbibus,
640 2205 693 2270 ubi
708 2205 829 2273 residet
851 2208 952 2271 curia.
971 2242 988 2255 -
1006 2207 1081 2272 Alia
1104 2208 1248 2290 quaestio
1264 2213 1322 2279 est,
1339 2227 1379 2271 an
1397 2207 1517 2272 decen·

341 2330 427 2396 dium
454 2329 607 2396 decurrat
629 2350 652 2395 a
674 2332 918 2415 notificatione,
943 2331 1069 2415 quando
1093 2332 1161 2417 ipse
1188 2332 1340 2398 defensor
1363 2337 1419 2399 aut
1442 2354 1517 2398 reus

340 2461 373 2521 et
395 2455 506 2520 forsan
531 2461 668 2539 uterque
692 2454 913 2520 interfuerunt
935 2457 1130 2541 evulgationi
1153 2458 1333 2523 sententiae
1348 2457 1400 2522 die
1415 2457 1517 2523 disce-

217 2602 222 2614 ·
316 2566 320 2574 ⁸
342 2587 449 2666 ptatae
470 2601 588 2647 causae
605 2617 623 2630 -
642 2581 760 2648 Petrus
777 2583 861 2646 Rota
877 2582 1100 2648 Enchirddion
1118 2619 1134 2631 -
1153 2606 1183 2648 n.
1203 2585 1277 2656 805,
1295 2585 1420 2655 asserit.
1437 2589 1517 2650 tunc

341 2707 529 2773 decendium
554 2706 732 2772 decurrere
755 2727 775 2770 a
797 2706 850 2771 die
872 2707 957 2771 latae
979 2709 1167 2781 sententiae,
1200 2708 1273 2790 qnia
1301 2707 1375 2772 dum
1399 2703 1515 2780 editur,

341 2831 564 2897 denunciatur.
583 2865 600 2879 ·
619 2834 679 2896 Ast
701 2831 783 2895 haec
806 2832 967 2894 sententia
990 2850 1054 2895 non
1071 2831 1199 2896 ridetur
1214 2851 1397 2916 congruere
1413 2830 1516 2894 textui

343 2957 576 3037 instructionis,
601 2976 682 3039 quae
707 2957 738 3019 in
762 2961 822 3020 art.
848 2955 982 3020 XXXV
1005 2955 1133 3020 ordinat
1155 2957 1334 3020 sententiae
1364 2955 1516 3040 prolatio·

343 3102 415 3146 nem
437 3102 546 3148 coram
568 3083 635 3166 ipso
652 3101 709 3145 reo
723 3087 780 3146 aut
793 3083 863 3147 eius
879 3079 1058 3151 defensore.
1076 3084 1156 3146 etin
1174 3089 1235 3146 art.
1253 3083 1400 3148 XXXVl
1419 3080 1515 3155 iubet,

341 3207 524 3272 sententiae
547 3205 751 3271 indictionem
775 3207 815 3270 ad
837 3209 989 3290 affectunt
1009 3207 1256 3290 appellationis.
1283 3207 1452 3272 Rationem
1468 3207 1517 3272 di-

342 3333 449 3398 stincti
465 3339 556 3397 actus
572 3333 814 3417 explicavimus.
828 3333 990 3416 Siquidem
1007 3333 1169 3399 indicitur
1182 3352 1238 3398 reo
1255 3335 1414 3399 sententia
1428 3332 1515 3400 abso

342 3459 410 3523 luta
434 3459 466 3523 in
490 3459 575 3522 omni
591 3477 650 3523 sua
666 3463 757 3542 parte
780 3458 876 3523 etiam
897 3459 1078 3524 namnum
1102 3464 1134 3523 et
1157 3459 1384 3533 nudandum
1405 3458 1518 3525 editur

343 3603 363 3647 a
393 3583 499 3648 iudice
530 3603 589 3668 pro
620 3583 771 3648 tribunali
804 3583 939 3658 sedenti,
968 3589 1091 3649 tantum
1123 3585 1155 3648 in
1185 3589 1278 3669 perte
1309 3585 1515 3667 dispositiva.

344 3707 391 3772 Of.
416 3706 726 3788 Oarrara51006,
749 3712 817 3773 not.
843 3708 869 3788 l,
898 3709 950 3791 qui
982 3708 1122 3771 maxime
1153 3707 1262 3772 laudat
1292 3707 1377 3773 hanc
1408 3727 1518 3792 proce-

330 3833 440 3899 ·dendi
465 3834 631 3898 rationem.
657 3871 671 3878 -
698 3833 730 3900 Si
754 3853 833 3899 vero
858 3835 891 3898 in
919 3835 1011 3898 curia
1033 3838 1184 3898 servetur
1208 3835 1289 3898 ritus
1314 3835 1358 3898 ita
1380 3853 1517 3899 oecono-

344 3961 445 4023 micus
467 3965 502 4023 ut
521 3962 649 4025 tantum
680 3955 736 4024 fiat
758 3960 791 4022 in
813 3958 888 4022 aula
918 3957 1099 4022 audientiae
1123 3957 1218 4022 editio
1242 3958 1422 4023 sententiae
1444 3957 1516 4023 bre-

343 4085 428 4149 viter
450 4085 642 4148 enunciatae
666 4085 699 4147 in
723 4089 814 4167 parte
837 4102 963 4168 quoque
985 4065 1165 4149 narratida
1188 4088 1220 4148 et
1246 4083 1373 4150 motiva
1397 4088 1429 4148 et
1451 4103 1517 4146 rna-

345 4215 461 4274 neatur
491 4227 584 4282 rens,
608 4216 664 4274 aut
694 4211 761 4274 eius
792 4208 945 4274 defensor
972 4207 1092 4274 nullam
1121 4209 1218 4272 aliam
1242 4207 1313 4272 lieri
1339 4209 1519 4312 sententiae

344 4334 551 4400 indictionem
579 4341 611 4399 et
637 4334 678 4399 ab
704 4335 764 4401 istu
791 4339 951 4400 momento
975 4332 1151 4400 decurrere
1175 4333 1385 4408 decendium,
1417 4337 1516 4405 certe.

345 4459 407 4526 hoc
430 4459 463 4522 in
487 4479 575 4542 casu,
598 4465 689 4526 recte
711 4460 810 4528 sentit
832 4459 926 4526 Rota.
