3350 5100
544 331 590 378 on
613 329 767 378 usurcrrs
790 329 834 377 au
858 329 978 378 ronms
1286 309 1348 376 127

264 456 308 519 At
318 455 381 519 hue
392 455 644 520 constitutiones
658 471 723 518 non
739 457 851 518 tenent
866 449 1141 537 congregationes
1155 451 1350 537 approbatas

170 598 248 643 cnm
272 581 353 644 votis
375 576 591 664 simplicibus;
613 577 654 642 ad
677 577 737 642 bas
759 583 886 662 spectat
914 577 1077 662 generalis
1106 577 1163 641 lex
1190 575 1350 642 servanda

171 705 205 768 in
228 703 424 770 alienandis
445 701 547 769 rebas
568 701 750 769 Ecclesiae.

263 829 316 893 92.
331 829 398 893 Pro
410 827 633 894 conservanda
646 827 866 893 ecclesiastica
879 827 1047 912 disciplina
1059 826 1227 892 admodum
1239 828 1351 892 iuvant

170 972 298 1037 menae
309 955 399 1038 quasi
413 953 686 1020 conventionales
697 951 752 1037 (cf.
766 949 841 1017 Vol.
856 953 916 1023 ΙΙΙ,
931 972 962 1016 u.
976 953 1031 1038 68)
1046 971 1128 1036 quae
1140 953 1277 1018 clericos
1290 953 1351 1038 pri-

170 1087 250 1143 vant
259 1077 375 1151 officio,
384 1077 551 1151 beneficio,
559 1077 794 1157 autfractibus,
807 1079 833 1141 si
846 1076 965 1161 aliquid
978 1096 1041 1141 nou
1054 1081 1229 1162 praestant.
1239 1075 1350 1142 Veluti

169 1203 314 1268 clericus
328 1204 382 1287 qui
398 1200 588 1266 beneficium
611 1202 799 1287 parochiale
822 1207 990 1267 assecutus
1005 1207 1062 1274 est,
1080 1204 1106 1266 si
1130 1202 1216 1266 iutra
1230 1220 1349 1266 aunum

168 1329 212 1393 ad
237 1327 387 1393 ordinem
410 1327 657 1412 presbyteratus
673 1347 738 1390 non
754 1327 918 1398 ascendat,
935 1346 1004 1412 arg.
1022 1345 1097 1410 cap.
1114 1325 1165 1397 111.
1191 1325 1241 1392 Dc
1260 1327 1348 1392 elect.

171 1453 208 1518 in
223 1454 248 1517 6
264 1452 321 1535 (ll,
340 1451 373 1537 6)
389 1453 508 1516 amittit
522 1452 625 1537 ipsum
640 1449 841 1516 beneficium.
857 1452 940 1516 ltem
956 1449 1074 1516 decidit
1088 1451 1284 1534 episcopatu,
1297 1452 1349 1534 qui

170 1579 259 1642 iutra
282 1597 343 1642 sex
365 1595 492 1640 menses
514 1574 555 1640 ab
579 1595 617 1640 eo
640 1576 766 1659 adepto,
783 1595 848 1638 uon
865 1575 982 1660 recipit
1003 1575 1291 1656 consecrationem,
1309 1595 1352 1640 ex

169 1703 269 1768 conc.
288 1701 376 1766 Trid.
393 1721 471 1768 sess.
487 1699 547 1772 23,
565 1722 591 1766 c.
609 1701 644 1774 2,
662 1701 712 1765 De
727 1699 790 1782 ref.
806 1736 824 1749 ·
843 1699 912 1765 Has
927 1719 1047 1785 poenas
1062 1701 1234 1785 appellari,
1252 1702 1352 1786 quasi

167 1827 455 1909 mnaerdionales,
474 1828 549 1910 quia
565 1827 610 1891 uti
627 1825 761 1910 probavi
785 1825 874 1910 (Vol.
891 1825 952 1897 ΙΙΙ,
976 1824 998 1888 Ι.
1016 1823 1093 1912 cit),
1119 1846 1182 1891 non
1202 1825 1352 1891 videntur

168 1951 328 2016 dicendae
346 1951 492 2033 proprie
506 1951 787 2022 conventionales,
807 1951 923 2036 quippe
940 1968 1004 2014 non
1019 1948 1212 2014 subaudiunt
1224 1955 1352 2035 pactum

168 2098 211 2141 ne
235 2076 378 2142 tacitam
402 2075 539 2158 quidem.
565 2075 722 2160 Proprius
745 2093 823 2138 saue
846 2073 1007 2138 accedunt
1021 2094 1145 2160 poenae
1162 2075 1349 2143 conuentio-

168 2204 243 2266 nali
258 2201 336 2264 illae
352 2200 516 2264 fructuum
538 2201 745 2284 privationes,
767 2199 891 2264 scilicet
913 2197 1073 2284 ademptio
1093 2198 1350 2265 distributionum

168 2326 441 2410 quotidianarum,
466 2344 545 2408 quas
567 2328 720 2388 amittunt
742 2325 795 2408 qui
819 2323 920 2388 choro
940 2344 1004 2389 nou
1028 2327 1198 2389 intersunt.
1218 2359 1235 2374 -
1253 2324 1349 2391 (lonc.

170 2452 261 2516 Trid.
285 2470 364 2516 sess.
381 2451 440 2524 24,
465 2449 705 2532 a12Darcs.
730 2485 748 2496 -
773 2449 990 2515 Nihilominus
1012 2451 1049 2514 in
1071 2469 1195 2536 genae
1218 2450 1352 2516 huiusce

167 2579 381 2662 privationes,
399 2579 469 2641 iore
485 2577 554 2643 siva
569 2576 743 2642 communi
757 2577 826 2640 siva
837 2576 1046 2658 particulari
1062 2576 1223 2649 decretae,
1240 2595 1352 2641 accen·

168 2704 237 2765 aeri
260 2705 405 2786 possunt,
422 2700 528 2785 quoad
542 2701 680 2786 praxim,
698 2699 887 2784 simpliciter
902 2700 1032 2782 poenis,
1049 2701 1124 2783 quia
1140 2700 1352 2765 incurruntur

169 2830 247 2911 quin
266 2826 334 2889 ulla
350 2826 573 2911 expostuletur
587 2826 731 2909 apposita
743 2825 884 2909 cognitio
900 2830 956 2890 aut
971 2822 1169 2895 deliberatio.
1184 2829 1217 2889 et
1231 2826 1306 2907 quia
1319 2826 1351 2889 in

166 2952 376 3025 executione,
400 2956 436 3015 ut
457 2949 643 3035 plurimum,
660 2948 846 3014 desiderant
866 2948 1068 3015 sententiam
1087 2950 1352 3016 declaratos-iam

166 3075 246 3140 Vol.
260 3075 322 3147 ΙΙΙ,
338 3094 371 3137 n.
384 3074 438 3140 70.
452 3072 504 3139 Ad
519 3074 606 3139 hanc
620 3093 797 3158 poenarum
814 3076 954 3159 speciem
968 3074 1140 3140 referimus
1155 3064 1351 3159 privationes

167 3206 225 3263 out
240 3199 479 3282 suspensiones,
495 3217 575 3280 quas
597 3199 771 3264 incurrunt
787 3196 980 3271 beneficiati,
997 3198 1098 3263 veluti
1115 3200 1271 3280 canonici,
1289 3201 1350 3264 nisi

169 3326 321 3389 emittant
336 3343 482 3409 congruo
496 3338 643 3408 tempore
659 3328 691 3387 et
707 3320 799 3387 ruodo
814 3320 888 3388 fidei
901 3324 1144 3408 professionem,
1158 3328 1215 3389 aut
1230 3325 1351 3389 electus

170 3505 264 3567 potest
282 3517 300 3552 a
318 3499 447 3569 quolibet
459 3498 636 3566 confessario,
655 3499 679 3551 si
698 3499 754 3551 iam
767 3500 842 3552 facta
856 3504 898 3552 est
911 3499 1066 3563 restituli03
1085 3499 1130 3554 vol
1145 3500 1192 3553 ubi
1206 3500 1351 3567 poenitens

168 3606 269 3676 nequit
287 3605 446 3671 restituere,
461 3606 485 3659 si
504 3606 577 3660 serio
596 3606 736 3674 promittit
754 3622 791 3672 se,
812 3622 874 3659 cum
894 3607 1006 3675 poterit,
1022 3604 1216 3659 restituturum
1234 3622 1301 3659 esse.
1321 3605 1350 3659 Si

168 3728 278 3765 summa
296 3711 423 3765 valorem
441 3729 524 3782 supra
542 3712 647 3765 dictum
666 3711 825 3765 libellorum
839 3712 875 3764 70
893 3727 948 3765 uon
967 3712 1142 3781 attingebat
1158 3718 1350 3779 tamengrsve

169 3825 317 3888 peccatum
342 3820 505 3884 coustituit,
523 3818 577 3873 hoc
600 3818 707 3872 absolvi
727 3822 829 3888 potest,
846 3818 994 3873 dummodo
1018 3819 1118 3873 saltem
1140 3834 1210 3888 pars
1234 3816 1351 3872 arbitrio

169 3927 284 3980 maioris
296 3926 512 3981 Paenitentisrii
526 3927 658 3982 restituta
669 3926 762 3980 fuerit.
776 3926 847 3978 Nam
861 3926 1099 3981 poenitentiarius
1112 3942 1147 3979 ex
1160 3924 1241 3978 Bulla
1252 3924 1351 3979 Pastor

170 4034 267 4087 Bonas
289 4034 358 4099 §ot
381 4032 468 4087 babet
491 4032 654 4087 fucultatem
676 4032 852 4099 absolvendi,
877 4031 1049 4085 condonandi
1074 4038 1103 4087 et
1128 4030 1317 4101 componendi.
1338 4060 1351 4073 -

171 4134 275 4194 Verum
288 4138 343 4193 boc
355 4144 399 4194 est
415 4140 566 4211 singulare,
580 4143 612 4194 ut
630 4139 792 4194 confessarii
811 4138 957 4194 absolvere
976 4156 1031 4193 oon
1050 4140 1155 4209 possint
1170 4140 1350 4209 recipientem

170 4242 239 4299 baec
251 4247 334 4313 dous,
347 4248 402 4300 nisi
420 4248 541 4302 realiter
553 4247 719 4311 restituerit,
731 4263 831 4315 nempe
851 4263 913 4299 curm
927 4249 1033 4313 potest;
1052 4247 1154 4317 quippe
1170 4262 1225 4300 non
1241 4246 1365 4314 suflicit,¹

171 4354 263 4420 prouti
276 4354 306 4407 in
318 4354 422 4408 esteris
433 4353 553 4423 simplex
566 4354 721 4422 promissio.
735 4353 765 4406 ln
778 4351 831 4407 boc
843 4352 963 4407 habetur
975 4353 1111 4423 quaedam
1125 4354 1246 4408 relatiua
1264 4368 1352 4409 reser-

173 4458 255 4514 vatio,
277 4475 311 4513 ox
331 4458 425 4513 const
447 4458 536 4513 Clam.
555 4457 627 4524 Vlll,
646 4462 665 4523 5
683 4457 711 4511 9.
