3350 5100
640 297 848 347 minearum
871 298 919 346 Ν.
1306 276 1369 345 601

276 420 353 491 235.
372 423 518 482 Quatenus
542 436 623 475 casus
647 421 759 491 exigat,
778 420 975 493 inquirendum
998 420 1085 475 etiam
1110 419 1179 487 erit,
1198 416 1254 489 qua
1277 423 1372 475 aetate

189 528 329 597 praetensi
349 527 442 597 sponsi
461 526 515 581 sibi
535 526 655 583 invicem
667 527 878 583 matrimonium
895 527 1083 597 promiserint
1097 526 1209 581 Etenim
1231 524 1373 595 sponsalia

109 656 110 660 ¹
189 636 224 689 ab
243 634 408 701 infantibus,
426 634 472 690 vel
491 652 509 689 a
527 634 627 689 maiori
646 652 710 691 cum
727 635 836 689 infante
855 639 1011 703 conuecta,
1029 636 1090 705 ipso
1110 634 1172 689 inre
1196 633 1276 689 nulla
1298 636 1373 700 suut,

191 746 221 797 et
239 741 469 811 impedimentum
489 741 621 811 publicae
639 740 795 796 honestatis
814 741 932 811 gignere
955 756 1013 795 non
1029 740 1135 795 valam.
1153 739 1246 801 Quare
1267 739 1297 793 iu
1320 738 1374 794 hoc

125 902 132 915 ,
190 859 256 901 casu
275 846 470 919 inquirendum
488 847 544 901 erit
562 846 596 901 de
615 850 708 902 aetate
726 846 857 917 legitima
875 862 980 914 eorum,
1000 864 1017 899 a
1034 846 1136 917 quibus
1155 844 1297 915 sponsalia
1313 847 1374 900 fue

189 959 256 1009 runt
273 959 428 1021 contracte,
446 953 520 1026 quod
538 953 622 1009 facile
640 956 690 1009 net
708 954 805 1024 petitis
823 954 999 1009 documentis
1016 970 1052 1009 ax
1069 952 1149 1009 libris
1167 952 1373 1021 baptizatorum

191 1064 275 1131 atque
304 1078 338 1115 ex
362 1058 525 1115 testimonio
548 1064 710 1129 parentum,
730 1060 789 1115 sive
817 1059 953 1127 aliorum,
971 1060 1019 1130 qui
1047 1074 1196 1130 personas,
1214 1058 1249 1113 de
1272 1059 1374 1131 quibus

190 1166 293 1237 agitem,
311 1172 491 1236 cognoscunt.
511 1165 539 1220 Si
559 1166 719 1222 constiterit
737 1167 766 1221 in
785 1172 882 1223 aetate
899 1166 989 1222 adhuc
1008 1166 1132 1220 infantili
1146 1164 1288 1236 sponsalia
1300 1165 1374 1219 inita

188 1274 281 1336 inissa,
301 1273 527 1343 investigandum
546 1273 603 1328 erit
622 1278 714 1327 utrum
738 1277 800 1342 poet
825 1273 1002 1343 septennium
1028 1272 1135 1327 fuerint
1153 1276 1296 1339 renovata,
1322 1275 1374 1324 aut
1421 1335 1425 1342 .

191 1380 292 1435 saltem
311 1380 460 1435 notificata.

646 1610 859 1667 ARTIGULUS
877 1610 920 1666 lll.

529 1806 566 1845 DE
586 1804 788 1845 lsrnnlttttrlto
807 1805 853 1844 Vl!
870 1804 910 1843 ll'l’
928 1803 1033 1843 tultus.

191 2041 194 2048 2
278 2017 345 2084 ξ36.
355 2018 436 2072 circa
447 2018 685 2089 impedimentum,
698 2019 814 2090 quodvis
827 2025 857 2075 et
869 2022 961 2075 metus
970 2018 1081 2084 dicitur,
1090 2021 1157 2072 ante
1171 2017 1265 2071 omnia
1275 2016 1373 2071 adver·

187 2123 301 2178 tendum
319 2124 450 2191 occurrit,
470 2125 610 2180 nemiuem
629 2143 647 2179 a
665 2126 726 2179 iure
745 2126 856 2179 admitti
875 2125 910 2179 ad
928 2124 1138 2179 matrimonium
1157 2140 1192 2177 ex
1211 2122 1265 2177 hoc
1277 2123 1370 2193 capite

186 2230 405 2300 impugnandum
425 2231 478 2286 nisi
498 2232 546 2303 qui
566 2232 733 2287 violentiam
747 2237 777 2287 et
790 2232 964 2286 coactionem
979 2248 1076 2300 passus
1089 2231 1200 2298 dicitur,
1211 2231 1291 2286 reiici
1304 2246 1373 2286 vero

191 2354 264 2405 eum,
282 2340 329 2410 qui
358 2357 407 2409 per
432 2340 547 2410 longum
578 2345 689 2410 tempus
717 2340 746 2393 in
770 2340 949 2393 matrimonio
974 2338 1092 2405 vixerit,
1110 2338 1258 2392 dummodo
1282 2338 1372 2395 eidem

109 2426 111 2431 ¹
189 2440 308 2499 libertae
326 2450 355 2499 et
373 2446 568 2516 opportunitas
587 2445 757 2501 reclamandi
777 2462 833 2499 non
855 2443 992 2511 deluerit3
1009 2444 1051 2498 ita
1075 2448 1108 2497 ut
1130 2443 1154 2496 si
1179 2443 1251 2498 liber
1274 2444 1332 2497 iam
1355 2459 1373 2497 a

190 2557 265 2606 metu
283 2569 336 2606 sua
353 2538 452 2624 sponte
470 2555 501 2608 in
519 2553 662 2624 coniugali
680 2554 764 2608 domo
785 2552 951 2621 perstiterit,
969 2548 1190 2605 matrimonialia
1207 2551 1299 2605 officia
1317 2567 1373 2606 non

190 2661 399 2725 detrectaverit,
418 2659 507 2713 audiri
528 2659 648 2729 amplius
666 2675 721 2712 non
744 2658 855 2714 debeat.
875 2657 988 2712 Etenim
1014 2657 1160 2728 qui⁸liber
1187 2673 1204 2710 a
1227 2657 1373 2712 coactione

189 2771 311 2830 mature,
328 2763 464 2819 facultate
482 2768 512 2817 et
530 2764 741 2832 opportunitate
760 2762 932 2818 reclamandi
950 2777 1007 2816 non
1029 2753 1134 2828 utitur,
1152 2767 1284 2817 censetur
1308 2777 1374 2816 con·

191 2871 311 2936 sentire,
334 2875 364 2924 et
388 2871 529 2925 ratificare
553 2871 626 2942 quod
644 2877 733 2930 ,antee
757 2872 863 2926 invitus
886 2876 972 2942 atque
996 2871 1114 2926 adverso
1139 2872 1233 2926 auimo
1258 2874 1371 2926 lecerat.

191 2972 272 3028 Unde
290 2973 434 3042 inprimis
453 2975 508 3028 erit
527 2973 738 3045 inquirendum,
757 2979 851 3029 utrum
870 2975 1016 3029 accusatio
1034 2978 1174 3044 tempore,
1192 2977 1249 3042 uti,
1269 2975 1373 3030 dicitur

192 3077 255 3131 utili
273 3079 350 3132 facta
367 3077 420 3144 sit·,
439 3082 468 3132 et
486 3078 510 3132 si
528 3077 582 3132 hoc
601 3079 658 3146 iarn
675 3079 796 3148 fluxerit,
815 3070 1005 3150 quaerendum
1024 3080 1080 3134 erit
1097 3096 1218 3150 quanam
1235 3079 1270 3135 de
1288 3097 1373 3134 causa
1454 3108 1458 3118 ·

189 3184 243 3240 hoc
261 3185 402 3251 acciderit,
421 3189 454 3240 ut
471 3185 588 3240 iudicari
607 3187 695 3256 possit
713 3190 806 3242 utrum
826 3186 968 3240 accusatio
986 3187 1158 3242 admittenda
1171 3204 1208 3240 an
1220 3186 1373 3242 reiicienda

190 3292 234 3348 sit.
254 3292 381 3348 Secundo
403 3311 470 3363 prae
490 3293 581 3350 oculis
599 3293 757 3349 habendum
776 3294 839 3360 erit,
858 3294 1031 3348 solummodo
1049 3299 1155 3349 metum
1179 3311 1304 3364 gravem,
1323 3295 1372 3366 qui

189 3416 290 3470 nempe
307 3399 337 3454 in
355 3401 446 3454 virum
465 3404 640 3456 constantem
658 3400 749 3462 cedat,
768 3401 979 3457 matrimonium
997 3400 1136 3468 dirimere,
1154 3406 1185 3468 et
1201 3401 1374 3474 'consequan-

189 3509 234 3562 ter
250 3507 287 3561 ed
304 3505 378 3562 hunc
396 3513 501 3564 metum
520 3508 722 3579 exquirendum
745 3523 843 3564 omnes
866 3509 927 3564 sira
951 3508 1136 3564 moderatoris
1158 3514 1293 3576 actorum,
1312 3511 1373 3566 sire

190 3613 343 3669 defensoris
360 3614 532 3669 matrimonii
546 3614 777 3684 investigationes
790 3631 850 3670 esse
862 3615 1030 3684 dirigendas
1045 3615 1134 3670 Porro
1145 3616 1271 3684 gravitas
1289 3617 1372 3672 timo·

189 3719 229 3774 ris
245 3721 336 3774 oritur
354 3737 389 3776 ex
407 3726 508 3776 natura
526 3723 675 3789 minarum,
688 3739 722 3778 ex
738 3723 877 3795 qualitate
889 3728 948 3777 turn
963 3739 1068 3788 eorum,
1081 3724 1212 3794 aquibus
1225 3723 1292 3778 illae
1306 3741 1371 3792 pro·

190 3828 362 3896 ficiscuntur,
378 3834 436 3884 tum
456 3846 562 3898 eorum,
574 3831 622 3902 qui
640 3847 688 3886 eas
701 3831 773 3900 passi
785 3831 925 3886 dicuntur.
938 3831 995 3886 lsta
1013 3831 1069 3886 tria
1082 3833 1178 3902 itaque
1190 3836 1274 3886 erunt
1293 3849 1374 3901 prae·

168 3913 173 3922 ⁸
191 3934 288 3988 sertim
305 3935 509 4004 investiganda.
532 3999 534 4003 ι

195 4085 198 4096 .
277 4036 352 4104 ξ37.
371 4037 453 4093 Circa
479 4039 600 4109 primum
628 4039 725 4095 sedulo
749 4039 964 4110 inquirendum,¹
983 4043 1077 4095 utrum
1107 4041 1155 4110 qui
1183 4040 1216 4095 de
1245 4040 1373 4096 adhibita

188 4142 334 4196 coactione
351 4148 529 4209 accusantur,
547 4145 595 4225 ita
610 4145 806 4201 consueverint
830 4161 916 4214 egero
942 4163 1005 4200 curn
1030 4162 1158 4216 persona,
1183 4163 1255 4218 quae
1274 4152 1372 4204 coacta

188 4249 300 4315 dicitur,
318 4254 349 4304 ut
366 4265 481 4320 gravem
499 4253 585 4322 atque
603 4251 749 4306 molestam
767 4252 859 4307 eidem
879 4252 1026 4308 redderent
1043 4251 1224 4308 domesticam
1244 4259 1273 4309 et
1291 4255 1372 4308 fami·

186 4355 286 4410 liarem
305 4354 555 4423 cohabitationem
573 4372 712 4428 quaenam
725 4357 830 4412 tuerint
843 4359 872 4411 in
890 4359 983 4428 specie
996 4358 1144 4414 molestiae
1157 4359 1249 4416 eidem
1262 4361 1371 4429 illatue;
