3350 5100
544 344 588 390 DE
612 343 766 392 nements
790 346 832 392 ΕΤ
856 345 975 393 Ponnts

637 751 639 756 ,
676 701 789 768 cnr-r
818 701 843 765 l.

231 927 279 982 DE
299 927 516 986 CRlMlNlBUS
535 929 572 982 IN
592 929 930 983 ADMlNlSTRATlONE
950 928 1285 984 SACRAMENTORUM

649 1072 872 1126 ADlllSSlS.

168 1301 390 1360 summarium.
408 1333 442 1346 -
460 1306 488 1360 5.
508 1305 547 1360 De
566 1305 762 1360 sacramentali
782 1304 959 1358 absolutione
978 1302 1130 1373 complicis.
1148 1331 1185 1344 -·
1201 1303 1227 1356 6.
1242 1302 1281 1356 lle
1294 1319 1348 1356 non

256 1411 430 1482 exquirendo
448 1412 476 1464 in
497 1412 670 1467 confessione
688 1412 799 1466 nomine
819 1410 971 1480 complicis
984 1438 1018 1451 -
1031 1410 1057 1462 7.
1078 1409 1117 1463 De
1134 1408 1349 1463 denunciatione

256 1517 421 1572 confessarii
450 1516 640 1571 sollicitantia.
668 1545 702 1559 -
730 1517 755 1570 8.
785 1515 936 1585 Religionis
964 1533 1018 1569 non
1047 1517 1090 1570 fas
1117 1519 1160 1569 est
1190 1515 1349 1570 ministrare

258 1621 422 1677 Extremam
451 1621 620 1677 Unctionern
650 1627 680 1677 et
708 1623 849 1676 Visticrnn
880 1624 984 1693 absque
1016 1621 1129 1692 parochi
1159 1620 1283 1676 licentia
1316 1648 1349 1663 -

257 1727 284 1780 9.
310 1725 473 1781 Sacerdotes
496 1727 676 1780 matrimonia
702 1727 847 1782 celebrere
871 1730 1080 1796 praesumentes
1105 1727 1211 1796 absque
1236 1724 1348 1794 parochi

257 1831 384 1886 licentia.
413 1861 447 1875 -
481 1835 517 1886 l0.
545 1833 695 1888 Coercetur
719 1833 931 1888 mercimonium
953 1833 1042 1904 quoad
1065 1831 1258 1902 eleemosynae
1279 1831 1349 1885 Mis·

256 1955 359 1992 aarum.
378 1969 415 1982 —
438 1940 477 1996 ll.
503 1941 686 2010 Explicantur
704 1941 900 2007 suspensiones
919 1941 937 1994 l.
956 1958 978 1993 s.
998 1943 1158 1995 reservatae
1177 1939 1256 1992 Rom.
1275 1939 1349 1992 Pon-

257 2045 330 2100 tifici
355 2045 484 2101 decretae
503 2051 533 2100 in
550 2049 626 2100 mule
645 2048 808 2101 ordinantes
826 2051 855 2100 et
874 2048 902 2100 in
921 2045 994 2101 male
1017 2048 1168 2100 ordinatos.
1187 2076 1203 2087 -
1223 2044 1351 2113 Regulae

258 2153 417 2224 generales.
444 2183 482 2196 -
511 2155 552 2209 la
579 2153 730 2224 Suspensio
751 2153 769 2207 l.
790 2173 810 2208 s.
831 2156 861 2206 in
885 2157 1048 2209 ordinantes
1074 2157 1177 2225 absque
1201 2156 1299 2218 titulo‚·
1321 2155 1351 2206 in

259 2262 423 2315 ordinantes
458 2262 600 2314 subditum
623 2276 750 2314 nnrnnuer
771 2263 875 2332 absque
899 2261 1134 2314 dimissorialidns
1162 2261 1277 2326 interim
1305 2260 1349 2315 rel

258 2383 407 2421 rnoenruar
431 2370 534 2437 ubsque
553 2368 791 2432 testimonialibus,
804 2383 890 2437 quum
908 2367 994 2421 semel
1013 2366 1068 2422 hee
1080 2367 1302 2436 expostulantur.
1314 2397 1351 2410 -

262 2471 303 2527 13.
324 2473 523 2528 Percelluntnr
541 2478 722 2545 suspensione
735 2474 754 2529 l.
768 2493 789 2526 s.
810 2480 953 2530 reservata
972 2475 1005 2528 R.
1018 2475 1048 2528 P.
1062 2477 1186 2528 ordinati
1203 2477 1237 2528 ab
1255 2476 1349 2529 alieno

260 2584 406 2651 episcopo,
426 2586 453 2636 ei
470 2598 527 2636 non
555 2584 656 2637 oblatis
685 2583 785 2637 litteris
812 2584 1059 2646 testimonialium
1082 2582 1128 2636 vel
1153 2585 1187 2636 ab
1212 2583 1349 2652 Episcopo

259 2702 398 2739 excomm.
421 2701 565 2756 suspenso,
577 2687 724 2740 interdictu
742 2689 904 2740 nominarim
923 2688 1097 2741 deranncicto.
1115 2714 1151 2727 -
1173 2686 1215 2739 14.
1235 2686 1277 2738 Ex
1295 2684 1351 2738 ein·
1448 2724 1452 2729 -

260 2790 353 2860 galeri
367 2792 435 2846 iure
453 2790 587 2845 dioecesis
606 2807 746 2856 romanae,
759 2792 882 2845 eiusdem
901 2792 1004 2859 speciei
1023 2792 1167 2859 suspensio
1185 2792 1290 2845 indicta
1308 2796 1350 2844 eet

215 2968 216 2971 Ἴ
259 2898 292 2949 in
309 2897 386 2950 nrale
404 2898 567 2950 ordinantes
586 2908 613 2951 et
631 2902 660 2950 in
678 2899 754 2952 mele
773 2900 923 2952 ordinatos.

262 3076 295 3141 5.
321 3074 428 3139 donst.
449 3078 509 3161 Ap.
535 3077 606 3142 Sed.
628 3076 823 3143 confirmans
847 3079 1109 3163 prudentissimas
1129 3079 1350 3163 dispositiones

177 3196 295 3262 Bencd.
320 3198 413 3271 XIV,
439 3201 652 3285 respicientes
674 3208 910 3268 sacramentum
936 3202 1158 3267 Poenitentiae
1180 3200 1239 3267 sub
1258 3221 1290 3264 n.
1306 3201 1349 3281 X,

174 3321 257 3385 inter
291 3340 421 3388 eccum.
462 3341 512 3405 sp.
541 3342 586 3387 rn.
611 3322 649 3387 Ρ.
673 3332 874 3399 reservatas,
906 3333 1073 3391 censurat:
1101 3326 1352 3391 ‹Absolventes

176 3443 372 3525 complicem
395 3443 442 3529 (l)
465 3444 503 3509 in
521 3452 661 3528 peccato
691 3448 793 3531 turpi,
817 3449 920 3514 eliam
942 3448 980 3513 in
1000 3450 1120 3514 mortis
1143 3448 1296 3518 articulo,
1320 3446 1351 3513 si

174 3567 263 3633 alins
292 3568 468 3643 sacedon,
494 3569 567 3634 iicet
600 3590 671 3636 non
702 3573 913 3655 approbatus
935 3574 982 3638 ad
1012 3573 1254 3657 confessiones,
1278 3573 1352 3637 sine

180 3690 297 3774 aliqua
319 3692 420 3776 pratri
442 3692 623 3758 encomium
645 3692 792 3775 infamia
815 3698 846 3758 et
868 3694 1040 3766 scandalo,
1062 3694 1169 3776 possit
1195 3694 1352 3776 eoecipere

181 3815 357 3880 morientis
379 3815 622 3898 confessionem
639 3838 668 3881 n,
687 3819 777 3883 (lunt.
803 3820 1050 3884 constitutiones
1075 3818 1194 3884 Bened.
1211 3818 1312 3883 XlV:
1332 3853 1349 3866 -

179 3934 439 4004 Samamenlnm
466 3936 595 4005 Poenit.
618 3975 635 3988 -
661 3947 693 4005 et
718 3943 938 4025 ‹Apostolici
960 3942 1147 4008 muneris»
1173 3946 1205 4006 et
1224 3961 1242 4002 e
1258 3944 1353 4007 Inter

176 4062 379 4143 praetentas
394 4082 423 4126 n.
454 4064 536 4128 Rem
561 4072 703 4130 nostram
728 4065 811 4151 quod
835 4072 960 4150 spectat
982 4068 1118 4131 innuere
1142 4064 1295 4133 sufficiat:

262 4341 302 4414 (l)
327 4344 484 4415 Complices
511 4347 557 4401 hic
586 4347 772 4415 intelligimus
797 4364 893 4402 omnes
917 4349 965 4418 qui
990 4352 1160 4401 concurrunt
1187 4347 1221 4401 ed
1246 4348 1351 4402 crimen

179 4450 349 4516 patrandum,
368 4450 460 4521 prouti
479 4452 688 4521 explicavimus,
707 4452 768 4506 Vol.
788 4453 833 4519 lll,
852 4471 878 4507 n.
898 4451 933 4506 39
951 4471 1008 4524 eeq.
