3350 5100
433 331 476 378 oa
499 331 639 379 moreris
663 331 905 379 caruissemus
930 332 965 379 m
989 331 1106 379 arecia
1293 315 1359 381 403

181 459 338 519 servatur
352 453 544 537 ubicumque
559 454 648 540 viget
663 473 833 539 processus
848 453 981 520 mixtus
1004 461 1035 520 et
1059 456 1091 520 in
1115 454 1183 520 dtes
1198 455 1282 541 apud
1298 460 1358 522 cri·

183 582 360 647 minalistas
374 582 503 647 acuitur
518 580 656 645 studium
674 586 708 645 ut
723 582 886 645 minuatur
898 582 1037 666 sphaera
1053 601 1224 667 processus
1240 586 1358 649 secreti

182 706 356 790 inquisitivi
379 713 413 769 et
435 704 531 771 latius
557 704 755 790 producatur
781 724 951 790 processus
975 704 1121 791 publicus
1144 708 1357 773 accusativus.

182 830 245 895 Sed
271 830 354 895 haec
376 829 571 895 conflictatio
591 831 731 911 testium,
751 850 833 915 quae
857 832 1041 895 necessario
1062 830 1192 916 longum
1217 834 1360 918 exquirit

181 962 307 1039 tempus
323 961 355 1020 et
367 974 432 1019 non
444 952 664 1020 uternensem
676 954 892 1039 cupiditatum,
906 954 1062 1021 abhorret
1077 956 1180 1021 aioro
1193 958 1309 1023 eccles.
1326 964 1359 1023 et

181 1083 264 1167 sapit
278 1084 447 1168 strepitum
463 1081 655 1147 iudicialem.
680 1082 824 1167 Simplex
839 1102 919 1146 vero
933 1082 1122 1168 disceptatio
1138 1081 1248 1149 habita
1266 1102 1359 1149 accu-

180 1214 321 1273 satorem
346 1210 432 1273 iuter
454 1213 488 1273 et
509 1212 706 1280 accusatum,
731 1210 784 1292 qui
808 1226 919 1273 coram
943 1207 1057 1281 iudice,
1075 1210 1149 1273 viva
1171 1228 1261 1281 voce,
1283 1228 1358 1275 suus

180 1332 346 1417 explicant
364 1331 579 1416 probationes,
595 1331 689 1397 stmul
705 1331 912 1397 conferentes
934 1331 1072 1397 adversa
1086 1339 1289 1417 argumenta,
1305 1352 1358 1398 ve·

181 1457 351 1525 trementer
373 1459 463 1523 iuvat
485 1458 524 1523 ad
548 1454 760 1544 detegendam
783 1458 964 1522 veritatem.
984 1492 1001 1505 -
1026 1458 1200 1530 Articulus,
1226 1463 1358 1543 praeter

181 1591 400 1671 promotorem
417 1582 484 1649 dsc.
497 1589 530 1649 et
544 1583 785 1653 cancellarium,
799 1588 958 1648 memorat
973 1585 1114 1649 accusati
1130 1582 1355 1665 dulcescerent,

179 1715 213 1774 at
237 1711 340 1795 ipsum
370 1714 555 1775 accusatum
583 1709 820 1792 praetermittit.
850 1708 971 1772 Verum
1003 1706 1139 1772 dubitari
1173 1728 1236 1771 non
1269 1708 1355 1781 licet,

181 1839 282 1920 ipsum
309 1842 494 1901 accusatum
524 1854 628 1919 posse,
652 1834 678 1899 si
702 1835 789 1906 velit,
822 1836 981 1899 interesse
1008 1832 1241 1917 disceptationi.
1274 1833 1357 1907 Quia

179 1962 213 2023 in
227 1966 289 2025 art.
306 1959 456 2025 XXXIII
475 1958 794 2063 expresseuedicitur,
813 1978 903 2023 reum
924 1963 1076 2043 oportere
1092 1959 1264 2023 certiorem
1287 1956 1355 2023 red·

179 2085 258 2149 dere
280 2084 322 2149 de
336 2083 387 2149 die
402 2084 563 2150 destinata
585 2084 624 2148 ad
648 2082 923 2168 disceptationem.
941 2082 1106 2148 Articulus
1122 2082 1271 2147 XXXIV
1289 2102 1354 2147 me·

180 2216 285 2275 morat
306 2209 521 2290 defensorem,
537 2211 655 2294 quippe
671 2209 855 2274 necessario
880 2210 947 2293 ipse
963 2211 1120 2274 interesse
1136 2207 1247 2283 debet;
1264 2228 1356 2274 accu-

179 2343 267 2401 satus
290 2312 512 2419 disceptationi
535 2335 672 2398 interest
694 2331 862 2399 dumtaxat
885 2332 910 2395 si
934 2331 1043 2397 libeat.

269 2460 343 2525 336.
369 2459 535 2524 Articulus
560 2458 691 2523 XXXV
715 2458 840 2523 dictans
865 2458 994 2543 regulas
1010 2458 1229 2523 observandas
1244 2460 1276 2523 in
1294 2458 1355 2523 hac

179 2583 410 2670 disceptatione
426 2584 559 2668 praevia
574 2584 751 2648 sententiae
767 2579 953 2646 definitivae
969 2583 1013 2646 ita
1029 2583 1223 2666 concipitur:
1244 2581 1357 2646 «Post

178 2713 293 2777 votum
312 2709 552 2793 procuratoris
574 2710 699 2794 peaes
721 2713 753 2774 et
768 2707 989 2794 utlepctioaes
1012 2706 1220 2791 defensionis
1242 2706 1355 2773 editur

177 2836 344 2902 serenda
366 2841 425 2902 etc.
442 2857 473 2899 ›.
498 2835 622 2902 causae
642 2834 830 2917 propositio
854 2839 887 2899 et
909 2834 1054 2919 apposita
1077 2833 1284 2916 disceptatio,
1308 2835 1354 2899 uti

179 2966 267 3045 patet
289 2981 331 3026 ex
354 2962 446 3025 claro
469 2965 561 3025 textu
588 2961 734 3040 articuli,
767 2961 953 3025 continetur
975 2961 1008 3024 in
1032 2963 1106 3023 voto
1130 2979 1186 3024 seu
1211 2958 1352 3024 animad-

179 3085 380 3150 versionibus
403 3089 539 3168 promet.
556 3081 675 3149 fiscalis
690 3090 723 3149 et
741 3085 774 3148 in
797 3081 1060 3167 responsionibus
1075 3081 1234 3158 accusati;
1251 3083 1353 3148 disce-

178 3209 328 3293 piationis
356 3210 464 3274 exitus
494 3208 548 3272 hic
578 3215 628 3272 est
658 3212 693 3270 ut
723 3207 845 3271 clarior
875 3211 908 3270 et
938 3204 1182 3270 determinatior
1205 3212 1354 3291 erumpat

178 3335 248 3419 ipsa
270 3336 414 3418 quaestio
437 3339 503 3399 tum
527 3335 559 3397 in
576 3332 678 3415 sacto,
702 3339 769 3397 tum
787 3335 820 3397 iu
834 3335 912 3398 iure
918 3352 933 3414 ,·
952 3333 1107 3417 quocirca
1130 3333 1370 3398 conclusiones¹

163 3459 273 3552 *huius
304 3460 548 3525 controversiae
578 3458 781 3524 deducuntur
803 3479 824 3522 a
846 3457 951 3523 iudice
974 3463 1007 3525 et
1029 3465 1236 3526 assumuntur
1262 3460 1352 3542 quasi

177 3585 328 3651 rationes
350 3585 530 3651 decidendi
553 3585 586 3648 in
609 3587 770 3650 sententia
785 3583 949 3650 definitiva
965 3603 1041 3650 mox
1065 3583 1198 3650 edenda.
1218 3584 1267 3649 Ad
1283 3603 1352 3649 rem

178 3713 267 3778 iuvat
293 3711 440 3776 recolere
466 3711 638 3775 nonnullas
664 3710 938 3796 praescriptiones
969 3710 1039 3775 cod.
1065 3711 1119 3774 cit.
1143 3711 1241 3796 Greg.
1271 3729 1353 3796 quae

177 3837 273 3901 utiles
288 3836 488 3901 constituunt
502 3855 633 3900 normas
647 3855 832 3920 processus:
850 3840 911 3899 art.
925 3835 1005 3900 428:
1020 3854 1037 3897 ‹
1052 3835 1206 3917 Expletic
1222 3833 1353 3902 testium

177 3958 443 4025 attestationibus
458 3959 650 4025 adhaereres
664 3961 754 4042 fisco,
770 3959 801 4023 si
815 3959 1009 4040 interfuerit
1024 3959 1061 4024 in
1072 3957 1257 4042 proprium
1273 3957 1353 4022 irate-

176 4101 278 4157 resse,
302 4088 333 4147 et
356 4083 428 4149 eius
451 4082 610 4165 defercsor
632 4083 804 4150 deducunt
818 4084 1000 4149 instantias
1017 4089 1088 4149 tum
1110 4083 1352 4167 insectatum

184 4209 213 4272 ’n
236 4208 325 4273 iure:
350 4208 473 4274 daed
493 4207 618 4293 fiscalis
638 4214 786 4291 promet.
802 4208 919 4274 adiicit
939 4227 1019 4274 succ
1038 4207 1352 4276 animadversiones

177 4339 249 4398 tum
272 4334 310 4398 in
327 4332 429 4416 facto,
446 4333 668 4406 tumidiore,
684 4333 768 4416 fucit
787 4351 983 4416 poenarum
994 4335 1248 4418 postulationes,
1266 4353 1352 4420 quac

177 4477 195 4525 e
217 4477 279 4525 suo
294 4478 436 4526 munere
450 4459 589 4545 acquiri
604 4459 804 4542 arbitratur,
817 4478 885 4544 pro
903 4479 967 4526 suc
987 4460 1108 4527 intima
1126 4461 1351 4544 persuasione
