3350 5100
617 271 823 320 nausearum
850 273 885 319 11.
1145 240 1148 245 ’
1274 252 1344 321 579

163 393 331 447 monialibus
350 408 400 462 pro
412 392 515 458 debita,
529 398 556 447 et
570 409 694 463 congrua
713 410 807 449 aarum
829 394 1029 449 terminatione
1044 394 1209 448 servandum
1229 399 1347 463 spectat,

162 503 240 555 motu
260 500 380 570 proprio,
399 504 477 554 certa
495 500 623 566 seientia,
641 506 673 554 a'c
692 506 803 557 matura
822 501 1025 557 deliberatione
1040 500 1159 567 Nostris,
1172 501 1261 571 deque
1274 502 1349 569 Apo·

163 606 280 661 stolicae
299 606 448 675 potestatis
466 606 639 675 plenitudine
657 607 710 661 bac
728 606 831 662 Nostra
843 609 871 661 in
886 612 1051 677 perpetuum
1068 606 1191 660 valitura
1201 606 1347 661 sanctione

164 712 367 777 constituimus,
383 712 566 778 deceruimus,
578 728 611 767 ac
630 714 767 778 iubemus,
781 720 812 767 ut
830 715 866 767 ab
884 714 1023 777 omnibus,
1036 717 1066 768 et
1077 712 1198 781 siugulis
1210 712 1346 767 Locorum
1372 748 1377 757 ι

165 818 318 873 Ordinariis
335 820 364 873 iu
383 819 440 873 suis
459 818 614 888 respective
633 818 813 875 Dioecesibus
839 836 958 890 persona
976 819 1071 889 aliqua
1093 818 1193 873 idonea
1216 817 1347 887 eligetur,

164 928 194 981 et
211 926 234 979 si
253 925 315 979 fieri
335 930 440 994 potest,
460 942 494 979 ea
516 925 708 981 ecclesiastico
732 931 830 991 coetu,
850 927 920 980 iuris
942 926 1075 991 scientia,
1094 926 1200 993 pariter
1218 929 1249 978 st
1272 924 1348 980 vitae

165 1032 304 1100 probitate
319 1030 453 1101 praedita,
466 1048 538 1102 quae
556 1032 802 1087 Matrimoniorum
821 1033 954 1089 Defensor
974 1033 1174 1097 nominabitur,
1186 1048 1249 1085 cum
1261 1030 1350 1085 facul·

165 1142 225 1193 tate
243 1142 336 1193 tamen
361 1154 421 1193 eam
441 1138 641 1207 suspendendi,
661 1139 705 1194 vel
726 1140 900 1207 removendi,
919 1140 943 1193 si
962 1140 1038 1193 iusta
1059 1155 1144 1193 causa
1167 1138 1301 1205 adfuerit,
1320 1142 1349 1193 et

165 1246 349 1301 substituendi
369 1245 454 1300 aliam
474 1262 562 1317 aeque
581 1244 726 1312 idoneam,
744 1252 773 1302 et
792 1247 889 1302 iisdem
909 1247 1094 1319 qualitatibus
1115 1251 1259 1311 ornatam,
1276 1244 1350 1317 quod

166 1353 251 1406 etiam
269 1352 329 1406 deri
351 1352 464 1421 poterit,
476 1353 706 1423 quotiescumque
726 1370 845 1422 persona
856 1354 890 1406 ad
903 1353 1148 1407 Matrimoniorum
1160 1352 1349 1408 defensionem

166 1456 314 1523 destinata,
333 1474 395 1511 cum
415 1474 445 1512 se
464 1457 573 1511 occmio
592 1457 693 1527 agendi
713 1458 858 1523 obtulerit,
876 1460 932 1513 erit
950 1458 1077 1529 legitime
1096 1458 1238 1527 impedita.

218 1628 221 1634 Ι
255 1568 273 1629 5
293 1564 338 1619 Vl.
357 1564 401 1617 Ad
420 1564 546 1621 Officium
565 1569 659 1619 autem
680 1564 840 1622 Defensoris
858 1566 1102 1621 Matrimoniorum
1125 1564 1299 1629 huiuamodi,
1319 1568 1351 1617 ut

166 1688 251 1739 supra
262 1671 354 1737 electi,
367 1672 515 1741 spectabit,
527 1672 556 1724 iu
568 1670 702 1725 iudicium
716 1672 821 1737 venire,
833 1673 1063 1744 quotiescumque
1081 1672 1243 1742 contigerit,
1256 1672 1352 1725 matri-

167 1776 302 1832 moniales
315 1792 413 1831 causm
425 1792 508 1846 super
526 1776 682 1841 validitate,
696 1776 739 1831 vel
759 1777 893 1833 nullitate
911 1793 1004 1833 coram
1019 1778 1148 1847 legitimo
1160 1778 1253 1833 ludica
1265 1777 1353 1831 disce·

166 1882 254 1951 ptari,
273 1899 390 1953 eumque
409 1883 550 1953 oportebit
569 1884 597 1937 in
617 1882 744 1953 quolibet
762 1888 827 1939 actu
848 1885 972 1939 iudiciali
991 1886 1088 1953 citari,
1108 1885 1204 1942 adesse
1228 1884 1351 1940 examini

168 1989 290 2054 testium,
304 2006 372 2045 voce
390 1994 420 2045 et
438 1990 549 2060 scriptis
568 1990 742 2045 Matrimonii
761 1990 934 2047 validitatem
956 1994 1037 2059 tueri,
1050 2008 1139 2064 eaque
1156 1994 1250 2047 omnia
1269 1991 1353 2049 dedu·

166 2112 240 2161 cere,
258 2112 331 2167 quae
349 2097 384 2151 ad
403 2098 613 2153 Matrimonium
632 2099 824 2154 sustinendum
845 2101 1003 2155 necessaria
1021 2102 1155 2155 censebit

257 2209 274 2269 5
295 2204 352 2259 Vll.
373 2205 409 2259 ut
426 2206 535 2261 demum
550 2207 707 2262 Defensoris
721 2207 879 2263 huiusmodi
892 2223 1020 2278 persona,
1032 2213 1165 2280 tanquam
1180 2226 1244 2279 pars
1254 2224 1351 2265 ueces-

167 2310 241 2365 ssria
259 2311 294 2365 ad
314 2310 408 2407 iudicii
428 2311 611 2379 validitatem,
626 2319 656 2369 et
673 2314 869 2383 integritatem
887 2318 1045 2379 censeatur,
1058 2330 1222 2385 semperque
1240 2313 1313 2368 adsit
1324 2314 1355 2367 iu

168 2416 271 2477 iudicio
288 2418 348 2472 sive
367 2435 438 2471 unus
457 2434 492 2473 ex
511 2418 697 2489 Coniugibus,
716 2421 764 2492 qui
784 2436 834 2490 pro
853 2420 986 2475 nullitate
1004 2420 1179 2475 Matrimonii
1198 2421 1272 2490 agit,
1291 2420 1351 2475 aire

168 2528 264 2592 ambo,
284 2542 401 2598 qnorum
420 2526 494 2582 alter
513 2543 562 2596 pro
581 2526 727 2594 nullitate,
745 2526 819 2582 alter
837 2542 904 2582 vero
929 2542 979 2598 pro
997 2524 1147 2582 validitate
1165 2526 1194 2580 in
1220 2525 1353 2582 iudicium

168 2635 289 2690 veniant.
310 2633 442 2689 Defensor
461 2638 564 2698 autem,
578 2651 641 2688 cum
658 2635 683 2688 ei
704 2651 804 2688 munus
821 2633 979 2688 huiusmodi
997 2634 1199 2699 committetur,
1212 2633 1353 2688 iuramen-

167 2743 227 2793 tum
242 2740 396 2808 praestabit
408 2740 530 2794 fldeliter
541 2740 662 2794 officium
675 2757 755 2794 suum
768 2739 898 2804 obeundi,
909 2743 938 2794 et
950 2739 1181 2810 quotiescumque
1193 2739 1353 2826 contigerit,

169 2854 201 2899 ut
213 2848 242 2900 in
254 2847 358 2900 iudicio
370 2846 466 2901 adame
480 2846 581 2902 debeat
592 2863 642 2916 pro
654 2847 774 2901 alicuius
787 2847 961 2902 Matrimonii
974 2846 1121 2902 validitate
1134 2845 1246 2910 tuenda,
1259 2862 1354 2900 rursus

169 2951 241 3006 idem
261 2952 448 3007 iuramentum
468 2954 627 3022 praebebit:
645 2970 835 3025 quaecumque
856 2968 931 3019 vero,
943 2969 978 3008 eo
990 2970 1046 3008 nou
1059 2953 1187 3023 legitime
1204 2953 1293 3008 citato
1304 2957 1355 3008 aut

169 3055 308 3118 intimato,
327 3055 355 3108 iu
375 3055 478 3108 iudicio
498 3060 612 3124 peracta
629 3055 744 3120 fuerint,
758 3055 845 3122 nulla,
858 3055 949 3121 irrita,
962 3071 1042 3110 cassa
1059 3055 1242 3120 declaramus,
1259 3070 1292 3108 ac
1304 3071 1355 3124 pro

169 3159 263 3225 nullis,
282 3161 377 3228 cassis,
396 3179 428 3215 ac
447 3161 535 3216 irritis
553 3159 651 3217 haberi
674 3161 810 3228 volumus,
830 3161 945 3230 perinde
964 3177 998 3216 ac
1015 3162 1039 3216 si
1058 3161 1155 3226 citata,
1173 3165 1203 3214 et
1223 3159 1355 3216 intimata

168 3284 224 3322 uon
244 3273 317 3322 esset
335 3284 371 3324 ea
390 3284 467 3338 pars,
486 3269 566 3322 cuius
585 3269 666 3323 citari
692 3269 844 3336 intererat,
863 3274 892 3323 et
910 3285 992 3340 quam
1012 3269 1093 3322 iuxta
1111 3267 1206 3337 legum
1224 3273 1254 3322 et
1271 3283 1355 3322 cano-
1387 3309 1392 3313 .

84 3367 91 3380 ’
169 3392 235 3430 num
249 3376 420 3445 praescripta
432 3375 466 3429 ad
479 3375 636 3444 legitimam
650 3375 745 3430 iudicii
760 3376 935 3432 validitatem
948 3375 1032 3430 citari
1043 3378 1094 3429 aut
1105 3373 1231 3428 intimari
1241 3374 1354 3429 omnino

170 3482 357 3537 necessarium
377 3487 446 3537 erat.

257 3593 274 3653 ἓ
290 3589 359 3642 Vlll.
374 3589 442 3643 (lum
455 3591 543 3658 igitur
554 3607 647 3646 coram
662 3589 817 3657 Ordinario,
830 3590 961 3660 adquam
974 3605 1073 3644 causas
1084 3588 1242 3643 huiusmodi
1253 3583 1355 3656 cogno·

169 3710 247 3749 scere
266 3697 396 3764 pertinet,
410 3699 603 3751 controversia
619 3697 716 3768 aliqua
735 3704 914 3767 proponetur,
925 3697 956 3752 in
968 3713 1025 3768 qna
1043 3696 1076 3751 de
1092 3694 1267 3750 Matrimonii
1285 3694 1356 3748 vali·

170 3797 259 3852 ditate
277 3799 465 3867 dubitabitur,
484 3807 514 3856 at
532 3803 719 3858 existentibus
738 3803 767 3856 in
785 3801 890 3855 iudicio
908 3802 953 3858 vel
973 3817 1030 3856 uno
1047 3819 1083 3856 ex
1101 3800 1288 3869 Coniugibus,
1307 3800 1354 3870 qui

172 3921 221 3973 pro
239 3904 372 3962 nullitate
391 3909 575 3975 Matrimonii,
595 3909 641 3964 vel
661 3911 803 3976 ambobus,
817 3927 935 3979 quorum
955 3909 1028 3965 alter
1046 3924 1096 3978 pro
1114 3907 1270 3972 validitate,
1282 3904 1356 3960 alter

170 4026 239 4066 vero
258 4027 308 4080 pro
324 4012 457 4068 nullitate
475 4017 613 4071 actionem
633 4016 775 4082 intendat,
795 4016 929 4071 Defensor
947 4014 1122 4070 Matrimonii
1147 4017 1241 4084 partes
1260 4028 1356 4066 omnes

170 4116 255 4170 otlicii
273 4117 315 4171 sui
335 4116 486 4187 diligenter
505 4119 664 4189 adimpleat.
685 4122 782 4193 ltaque
801 4122 823 4176 si
843 4138 860 4175 a
878 4121 972 4195 Iudice
994 4136 1044 4190 pro
1062 4118 1237 4174 Matrimonii
1258 4116 1356 4171 validi·

170 4225 229 4278 tate
247 4223 425 4290 iudicabitur,
445 4229 474 4279 et
492 4225 586 4280 nullus
604 4227 649 4293 sit,
663 4229 709 4298 qui
729 4227 863 4297 appellet,
881 4228 941 4297 ipse
959 4227 1044 4283 etiam
1064 4227 1099 4280 ab
1118 4223 1308 4294 appellatione
1325 4239 1355 4277 se

170 4331 323 4386 abstineat:
343 4331 425 4402 idque
444 4332 529 4386 etiam
549 4337 683 4398 servetur,
700 4333 722 4386 si
743 4351 759 4387 a
779 4333 872 4389 ludice
890 4333 1028 4389 secundae
1045 4333 1197 4386 instantiae
1216 4345 1267 4400 pro
1286 4329 1357 4385 vali·
