3350 5100
618 337 828 386 surmusruu
851 337 896 386 va
1282 317 1348 384 637

165 461 237 529 (sive
261 461 449 515 secundum...
473 465 502 516 et
527 461 702 529 exprimatur
721 475 855 513 numerus
873 459 998 528 articuli)
1022 460 1089 530 quia
1112 461 1268 528 superfluus
1291 463 1348 524 est;

166 566 272 634 paritur
291 567 415 631 tertium,
434 564 502 638 quia
519 564 600 620 nullo
618 564 700 620 modo
720 565 844 636 pprtinet
865 565 900 618 ad
923 580 1053 628 causam
1072 565 1200 635 idemque
1224 569 1349 636 quartus,

163 672 232 743 quia
250 675 293 728 est
312 689 380 741 puro
399 671 612 728 imiamatorius.
633 671 752 738 Proinde
770 688 855 741 supra
873 671 1024 740 praedictis
1041 687 1098 726 uon
1122 671 1244 726 intendit
1270 688 1350 741 repe·

165 780 227 833 tere
252 781 352 840 testes3
379 776 427 831 sod
452 792 500 831 eos
527 793 612 846 super
639 777 760 831 caeteris
785 784 913 846 repetere
937 775 1069 830 decrevit
1095 778 1168 830 Acta
1191 779 1257 829 sunt
1279 773 1349 831 haec

165 882 311 938 diecto...

915 988 975 1062 Ego
995 989 1027 1044 N.
1048 989 1177 1044 Vicarius
1195 985 1350 1044 Generalis.

914 1097 973 1166 Ego
992 1096 1026 1150 N.
1045 1097 1205 1150 Actuarius

269 1331 384 1380 FORMA
406 1329 547 1380 CITANDI
573 1331 670 1380 REUM
694 1333 739 1378 AD
764 1331 981 1379 SENTENTIAM
1005 1330 1243 1379 naumurum.

256 1523 465 1595 Consequentur
483 1524 582 1582 uolans
600 1523 770 1578 reverendus
796 1523 829 1578 N.
853 1522 985 1576 Vicarius
1006 1521 1153 1578 Generalis
1178 1521 1213 1575 ad
1235 1522 1349 1576 finalem

166 1632 335 1685 sententiam
364 1630 527 1700 procedure,
548 1632 658 1686 vocavit
683 1631 824 1685 loannem.
855 1629 887 1682 N.
907 1628 1074 1698 episcopalis
1099 1630 1195 1683 curias
1220 1628 1351 1683 nuntium

165 1735 319 1806 publicum,
337 1737 419 1808 siqua
438 1737 615 1808 consignavit
633 1737 777 1791 citationis
797 1735 927 1791 libellum
948 1737 1055 1790 tenoris
1079 1737 1233 1808 sequentis,
1252 1735 1352 1791 videti·

166 1843 224 1894 eet:
244 1839 347 1893 citatus
366 1839 499 1894 Dominus
517 1839 552 1893 N.
571 1856 635 1894 reus
653 1843 683 1894 et
702 1838 836 1892 Dominus
849 1837 893 1904 N,
909 1839 969 1894 sius
988 1843 1122 1908 patronus
1140 1838 1175 1892 ad
1187 1854 1350 1908 comparen-

165 1945 232 2000 dum
250 1960 345 1999 coram
363 1947 518 2002 reverando
536 1945 570 1999 N.
591 1944 703 2000 Vicario
722 1945 855 2000 Geusrsli
872 1946 944 2001 dis...
963 1943 1059 1999 hora...
1079 1945 1108 2000 in
1121 1945 1195 2000 atrio
1207 1946 1351 2016 episcopii,

165 2048 214 2104 ubi
233 2049 313 2102 curia
332 2049 449 2118 regitur,
468 2053 500 2103 ut
519 2049 634 2104 audiant
652 2049 826 2105 definitivam
848 2051 1026 2116 senteutiam,
1046 2051 1076 2105 in
1101 2067 1185 2104 causa
1208 2049 1350 2104 criminali
1408 2049 1411 2054 ’

163 2161 264 2212 contra
283 2157 441 2212 Dominum.
460 2157 492 2212 N.
512 2159 670 2228 praefatum
689 2163 774 2224 muta,
794 2159 946 2214 serendam.
966 2159 1002 2213 Et
1022 2158 1137 2213 mandat
1157 2158 1249 2213 dictus
1273 2173 1351 2214 rere·

164 2263 268 2318 raudus
286 2264 416 2318 Vicarius
434 2263 579 2320 Generalis
597 2271 773 2335 praesentem
793 2264 957 2320 citationem
975 2264 1058 2319 dictis
1077 2265 1204 2319 Dominis
1221 2264 1255 2319 N.
1268 2271 1299 2321 et
1316 2264 1352 2318 N.

165 2371 364 2447 personalitsrp
378 2371 423 2427 val
442 2372 472 2427 in
491 2371 572 2428 domo
591 2371 692 2427 solitae
710 2371 895 2427 habitationis
913 2372 1049 2426 intimari.
1070 2371 1200 2430 Datum...

913 2512 974 2583 Ego
992 2513 1026 2569 N.
1045 2513 1176 2569 vicarius
1195 2512 1349 2570 Generalis.

912 2620 973 2689 Ego
991 2620 1025 2673 N.
1044 2622 1208 2676 Actuarius.

167 2890 327 2938 NORMDLA
350 2892 562 2940 SENTENTIAN
586 2891 819 2954 Durlrrfflvnn,
835 2867 954 2947 'Quonu
985 2892 1056 2938 EAM
1086 2892 1235 2948 PARTEM,
1259 2890 1349 2948 QUAE

258 3017 406 3067 OMNIBUS
431 3017 665 3067 GENERALIBUS
694 3017 893 3067 SENTENTIIS
927 3017 1139 3065 nummulum
1174 3017 1350 3069 coutinuis

258 3142 330 3190 EST.

258 3336 288 3391 In
307 3337 419 3391 numius
438 3336 596 3391 individuas
615 3334 662 3389 SS.
682 3335 838 3390 Trinitatis.
859 3366 876 3377 -
897 3334 955 3390 Nos
973 3335 1006 3389 N.
1022 3336 1106 3391 iudex
1122 3336 1281 3391 ordinarius
1292 3337 1349 3405 (rel

170 3440 328 3514 delegatus)
347 3442 415 3497 visis
428 3447 458 3497 ot
470 3440 622 3511 diligenter
640 3440 822 3497 consideratis
840 3441 970 3495 omnibus
984 3444 1016 3496 et
1031 3441 1153 3513 siugulis
1170 3442 1201 3495 in
1218 3458 1303 3497 causa
1320 3446 1353 3497 st

169 3552 261 3606 causis
279 3568 373 3607 coram
398 3552 479 3607 nobis
497 3551 623 3606 actitatis
646 3550 680 3605 ds
705 3555 735 3605 et
762 3566 847 3620 super
870 3552 912 3621 (et
934 3550 982 3604 hic
1006 3552 1179 3621 exprimatur
1203 3550 1351 3619 delictum,

169 3673 252 3727 super
270 3674 325 3729 quo
344 3673 489 3727 processus
505 3658 597 3711 factus
614 3654 669 3727 est)
687 3656 721 3711 de
739 3673 795 3728 quo
813 3655 918 3711 delicto
931 3655 1065 3711 Dominus
1077 3657 1111 3713 N.
1124 3657 1177 3712 fuit
1189 3658 1351 3721 infamatus,

169 3762 226 3832 (rel
250 3763 439 3831 denuntiatus.
458 3764 503 3819 vel
527 3762 687 3833 accusatus)
710 3767 739 3818 et
763 3767 874 3817 mature
896 3764 1040 3831 perpensis
1063 3763 1177 3817 testium
1201 3764 1351 3833 depositio·

168 3870 252 3925 nibus
273 3874 371 3925 contra
389 3870 562 3940 praedictum
581 3869 729 3923 Dominum
753 3868 785 3922 N.
805 3886 890 3939 super
914 3873 1070 3925 memorato
1088 3869 1219 3935 crinitum
1234 3870 1352 3941 ipsoque

170 3977 267 4043 citato,
285 3977 461 4046 interrogato
479 3980 508 4030 et
526 3975 696 4030 sufficienter
720 3974 816 4029 audito
842 3976 870 4029 iu
892 3976 1023 4030 omuibus
1046 3976 1104 4029 suis
1127 3974 1350 4041 defensionibus3

169 4082 257 4138 Deum
276 4082 366 4138 solum
378 4082 469 4138 omnis
481 4082 605 4139 iustitias
617 4083 724 4137 fontem
737 4098 805 4159 pras
817 4082 907 4139 oculis
919 4082 1065 4150 habentes,
1075 4099 1127 4155 por
1139 4081 1212 4139 hanc
1224 4085 1351 4143 nostram

170 4188 343 4245 definitivam
361 4190 538 4257 senteutiam,
556 4205 640 4261 quam
658 4189 688 4244 iu
706 4187 751 4244 his
769 4189 882 4260 scriptia
898 4190 1025 4255 sommus,
1044 4188 1163 4245 dicimus
1180 4194 1252 4245 etc...
