3350 5100
546 331 590 377 ns
614 330 754 379 ionicus
778 328 1019 378 cmumnaraos
1303 311 1370 377 283

188 455 326 520 ritatem
348 460 540 535 externam,
564 474 620 518 seu
644 473 686 519 an
709 454 751 519 sit
773 454 994 521 authenticum
1017 454 1069 519 vel
1093 454 1199 538 potius
1223 472 1264 517 aa
1287 452 1371 535 satsi

190 581 382 665 exceptione
404 579 622 646 accusandum
645 581 695 645 sit.
712 616 727 628 -
752 579 902 646 Admisso
924 586 1069 646 caterua
1100 580 1300 652 auctoritate,
1330 578 1370 643 de

191 704 326 771 interna
348 704 493 770 succedit
515 705 669 789 quaestio,
694 723 751 770 seu
776 704 816 769 da
840 705 909 769 eius
935 704 1049 769 valore
1070 703 1262 786 probation.
1286 703 1371 768 Istas

189 829 336 895 divorsas
352 831 557 913 quaestiones
573 830 652 894 utile
674 836 725 895 est
747 830 1004 915 distinguere-ne
1020 849 1084 894 unc
1099 848 1159 915 pro
1179 829 1243 893 alia
1266 830 1369 895 incas·
1447 842 1452 857 ¹

189 972 260 1019 sum
286 954 435 1039 agitetur.
457 990 470 1001 -
495 955 542 1019 De
565 955 691 1019 ratione
714 953 892 1040 peragendi
923 955 1057 1040 peritias
1080 956 1112 1017 in
1137 954 1306 1039 scripturis
1329 952 1369 1017 ad

190 1076 388 1161 probandam
404 1078 693 1151 authenticitatem,
711 1078 751 1143 cf.
770 1078 962 1145 Menochius
983 1078 1033 1145 De
1050 1078 1149 1145 arbit.
1166 1078 1288 1145 iudicis
1300 1076 1370 1149 114,

191 1224 222 1268 n.
250 1204 300 1274 ll.
323 1225 390 1289 seq.
416 1210 449 1270 et
473 1204 671 1271 Mascardus.
696 1204 747 1270 De
766 1204 902 1286 probat.
932 1202 1084 1271 Conclus.
1109 1202 1179 1268 117.

397 1486 420 1568 ἓ
443 1486 473 1550 2.
498 1463 548 1551 D'e
570 1484 710 1552 indiciis
731 1504 791 1552 seu
811 1484 1158 1568 praesumptionibus.

191 1676 408 1735 summarium·
417 1706 453 1719 -
462 1678 523 1733 216.
535 1677 640 1731 Indicia
652 1694 683 1733 se
695 1679 820 1733 referunt
832 1676 868 1731 ad
879 1693 923 1731 res
933 1692 982 1730 seu
992 1676 1026 1731 sd
1037 1676 1175 1733 adiuncta.
1183 1704 1219 1719 -
1228 1676 1289 1731 217.
1300 1676 1370 1737 Quo·
1446 1660 1447 1665 ἵ

262 1783 343 1837 modo
360 1785 389 1837 in
413 1783 607 1837 criminalibus
631 1783 747 1853 rigeant
766 1786 1014 1854 praesumptiones
1033 1785 1112 1837 iuris.
1132 1810 1168 1823 -
1188 1782 1248 1837 218.
1270 1782 1370 1836 Utrum

262 1891 339 1944 iuret
357 1890 481 1945 diversas
500 1890 606 1959 species
624 1889 789 1943 indIciorum
808 1889 991 1958 distinguere,
1003 1887 1101 1942 habita
1119 1888 1227 1943 ratione
1246 1889 1288 1943 vis
1306 1903 1370 1958 pro·

261 1998 381 2051 bntivae.
400 2026 435 2037 —
454 1996 516 2050 219.
536 1996 679 2058 Quomodo
699 1996 874 2051 aestimanda
893 1994 989 2050 sitris
1009 1994 1155 2065 probativa
1174 1994 1348 2049 indiciorum.

279 2194 355 2259 216.
387 2192 602 2261 Documenta
633 2213 669 2260 se
703 2193 855 2260 referunt
886 2193 926 2258 ad
955 2194 1077 2279 scripta
1109 2212 1166 2257 seu
1197 2191 1237 2257 ad
1269 2192 1372 2257 verba

191 2319 321 2404 scriptis
343 2320 542 2404 consignata,
566 2317 652 2384 unde
678 2316 777 2384 iudex
807 2317 946 2384 desumit
975 2317 1197 2403 probationem
1222 2317 1261 2381 de
1284 2317 1372 2382 facto

192 2446 365 2510 criminoso
377 2439 509 2529 eiusque
533 2451 676 2511 auctore.
694 2422 829 2511 Indicia
853 2446 957 2530 potius
980 2448 1128 2530 spectant
1144 2444 1184 2509 ad
1201 2444 1259 2508 illa
1276 2444 1372 2526 facta

191 2588 247 2632 sen
270 2568 423 2634 adiuncta
445 2571 514 2633 sire
538 2569 771 2636 antecedentia
794 2570 863 2633 sive
887 2567 1153 2636 concomitantia
1174 2569 1245 2632 sive
1261 2587 1371 2634 conse·

191 2693 329 2778 quentia
352 2696 456 2778 ipsum
476 2695 611 2766 crimen,
636 2713 719 2778 qnae
742 2693 832 2758 sacta
854 2714 912 2758 sen
936 2690 1087 2758 adiuncta
1110 2692 1264 2757 videntur
1286 2692 1372 2758 indi-

190 2817 300 2903 pitare
314 2815 385 2900 (seu
404 2817 485 2882 inde
508 2817 621 2883 dicere
644 2835 701 2882 sen
725 2836 743 2880 e
766 2820 846 2883 noto
871 2815 1032 2881 deducere
1057 2812 1224 2901 ipnotum)
1247 2815 1370 2879 crimen

191 2947 224 3004 et
247 2941 316 3005 eins
330 2945 508 3005 auctorem.
527 2938 670 3004 Proinde
692 2937 868 3010 indicium,
886 2943 999 3022 suapte
1021 2943 1148 3010 natura,
1173 2937 1371 3021 estfactum

192 3061 281 3147 quod
303 3063 401 3128 atiud
423 3063 582 3150 indipitot
606 3061 663 3146 (l).
689 3062 814 3127 Verum
837 3063 913 3146 qaia
936 3060 1089 3127 delictum
1110 3068 1159 3127 est
1182 3061 1303 3128 iactum
1329 3061 1373 3130 ab

191 3186 325 3254 homine
339 3186 576 3267 deliberatum,
597 3207 700 3252 nexus
713 3186 922 3252 intercedens
934 3187 1020 3251 inter
1033 3186 1184 3252 indicium
1198 3193 1231 3252 et
1241 3187 1372 3270 sactum

191 3317 328 3378 nonest
352 3313 575 3387 necessarius,
604 3311 660 3378 sed
689 3311 889 3398 continpens
916 3315 949 3378 et
980 3311 1228 3396 hypotheticum
1256 3314 1373 3398 qnippe

192 3436 311 3502 iactum
341 3437 509 3501 materiale
540 3455 605 3502 non
636 3441 743 3520 potest
772 3435 967 3502 adamussim
996 3435 1126 3502 referre
1149 3444 1181 3502 et
1205 3438 1373 3502 continere

191 3566 303 3626 actum
328 3560 473 3627 nominis
496 3579 554 3624 seu
577 3560 753 3625 voluntatis
776 3559 1061 3635 deliberationem
1086 3561 1240 3644 quocirca
1266 3579 1372 3626 nexus

189 3686 279 3750 inter
300 3684 431 3767 factum
448 3719 466 3734 -
483 3683 651 3750 indicium
666 3684 848 3767 etfaciam
870 3684 1029 3750 minian
1053 3690 1103 3750 est
1125 3687 1317 3769 contingens
1340 3689 1373 3750 et

186 3808 374 3893 meabitis
389 3814 423 3875 et
437 3809 685 3876 fundamentum
700 3809 797 3875 huius
812 3809 1012 3894 probationis
1028 3809 1174 3875 consistit
1185 3809 1219 3874 in
1230 3827 1301 3894 rep.
1318 3810 1372 3875 45.

261 4017 301 4088 (Ι)
321 4017 360 4072 De
384 4019 504 4072 materia
529 4019 701 4073 indiciorum
726 4020 756 4072 in
781 4019 990 4085 criminalibus,
1010 4019 1043 4072 cf.
1070 4017 1184 4072 Scaccis
1209 4017 1247 4071 De
1270 4017 1371 4082 iud.1;

190 4119 367 4176 Menochium
380 4123 420 4175 De
426 4124 716 4192 praesumptionibus3
728 4121 849 4193 Urssya,
861 4121 949 4176 instit.
964 4121 1048 4176 Crim.
1061 4120 1084 4174 Ι.
1095 4123 1133 4175 tit.
1145 4123 1173 4188 d‚·
1188 4121 1373 4187 Mascardum,

190 4227 231 4282 Dc
245 4229 357 4298 prodat.
381 4228 476 4282 Conci.
489 4229 568 4282 1230
579 4246 586 4294 ;
598 4227 723 4296 Cocceio,
735 4230 778 4284 Dc
795 4230 949 4300 fallacibus
969 4229 1119 4284 criminum
1138 4229 1264 4296 iudiciis5
1277 4227 1374 4283 Weis-

189 4335 303 4400 mantei,
316 4334 389 4387 Diss.
403 4336 439 4389 dc
462 4337 692 4390 condemnatione
712 4337 939 4405 [numerosorum
963 4353 998 4390 en
1017 4335 1145 4400 indiciis3
1161 4333 1278 4401 Errasti,
1297 4335 1373 4401 1791,

188 4440 334 4506 Bannizza,
354 4441 507 4509 Syrianam
527 4443 781 4512 iurisprudentiae.
