3350 5100
376 323 442 388 434
883 347 967 394 runs
995 346 1045 394 ιιι.

374 467 601 534 serenantem
629 468 717 534 ure
747 469 855 535 evoe
884 477 915 536 e
940 471 1089 553 posuer,
1111 489 1183 536 non
1214 476 1329 537 umen
1358 472 1437 538 sen
1463 472 1541 538 ses
1628 444 1629 447 ‘

375 591 545 656 naturalis
567 593 793 678 tepentium,
816 595 890 660 sine
913 595 1035 678 quibus
1056 615 1120 663 nec
1141 596 1228 662 iuste
1249 616 1313 662 nec
1334 597 1446 663 catice
1472 617 1540 664 cau·

372 734 432 781 sae
447 717 592 782 tracturi
602 719 749 800 possunt
759 740 788 781 a.
803 719 1021 792 Quamobrem
1035 722 1160 786 ratione
1173 720 1333 804 publicae
1347 722 1542 788 necessitatis

374 837 582 921 permittebat
605 839 710 904 Bonis.
729 840 812 906 VIII
828 861 1016 926 processum
1032 845 1241 908 summarium
1256 849 1290 908 et
1311 845 1541 909 oeconomicum

374 967 408 1027 et
425 981 518 1046 pure
533 963 768 1048 inpositionem
787 963 859 1030 fieri
882 968 916 1030 in
940 968 1046 1031 causis
1060 967 1225 1042 baeresis;
1245 988 1342 1052 quam
1357 967 1543 1053 procedendi

374 1087 533 1152 rationem
561 1087 656 1152 hodie
687 1092 778 1154 certe
804 1107 870 1153 non
894 1087 1048 1173 prohibet
1071 1090 1163 1154 Rom.
1193 1089 1348 1154 Pontifex
1370 1092 1495 1156 servari
1514 1093 1544 1154 iu

373 1209 625 1295 quibuscumque
637 1212 743 1277 causis
754 1211 984 1286 criminalibus,
995 1215 1259 1298 quotiescumque
1270 1233 1459 1299 processum
1471 1215 1544 1279 ordi·

373 1337 500 1400 nerium
525 1355 589 1400 non
613 1335 663 1402 Ias
687 1342 736 1402 est
758 1343 814 1404 aut
837 1357 902 1401 non
925 1337 1058 1422 expedit
1079 1337 1267 1404 observare.
1339 1329 1347 1340 ’

462 1461 537 1528 378.
564 1463 670 1528 ιιιιιιο
685 1463 790 1530 sotus
805 1465 883 1547 qma
896 1471 1026 1529 seer-eto
1048 1465 1239 1549 procedere,
1263 1465 1543 1530 rescissemus
1628 1434 1629 1515 ξ

372 1583 571 1657 nominibus,
599 1590 655 1650 eut
676 1586 748 1650 aliia
779 1605 906 1671 quoqne
928 1585 1129 1652 documentIs
1151 1606 1217 1651 non
1240 1586 1429 1672 publicatis,
1453 1606 1544 1673 grave
1628 1600 1629 1673 ζ

372 1709 537 1775 constituit
563 1710 743 1794 periculum
767 1730 809 1776 ue
832 1713 882 1776 ins
907 1711 1133 1797 pessumdetur
1158 1711 1318 1777 naturalis
1343 1711 1544 1783 defensionis,

372 1832 459 1917 quod·
471 1853 572 1917 usque
589 1835 829 1920 religiosissime
845 1836 1096 1921 permittendum
1110 1842 1162 1902 est
1175 1835 1432 1920 quibuscumque
1454 1837 1544 1920 inqui

371 1960 450 2032 sitis,
468 1960 557 2024 iuvet
572 1961 720 2025 recolere
733 1961 901 2034 cautelam,
918 1982 1014 2045 quem
1030 1961 1278 2047 prudentissime
1293 1962 1545 2047 praescripsitir

372 2083 462 2150 hisce
481 2085 684 2170 processibus
707 2084 791 2150 Idem
816 2085 971 2158 Pontifex
992 2088 1028 2151 tn
1050 2088 1104 2150 cit.
1124 2089 1240 2172 cupite,
1266 2084 1421 2151 videlIcet
1443 2085 1545 2151 iubens

370 2207 412 2271 ab
435 2209 604 2294 Episcopo.
632 2217 687 2276 eut
718 2209 758 2274 eb
789 2209 1038 2294 Inquisitoribus
1063 2209 1262 2275 adhibendas
1288 2229 1360 2275 esse
1382 2228 1544 2293 pes-soum

367 2333 534 2414 providus
556 2339 588 2400 et
611 2334 767 2400 honestas
789 2335 944 2419 iurisque
961 2335 1096 2419 peritus
1121 2358 1140 2396 ‹
1162 2355 1251 2420 quus
1274 2335 1323 2401 nd
1348 2335 1416 2401 boc
1437 2335 1545 2402 coemi

371 2462 401 2521 et
430 2457 478 2524 eis
505 2476 572 2541 per
602 2463 708 2526 totum
730 2478 942 2542 processum,
969 2479 1075 2543 suspen
1101 2463 1168 2544 quo
1191 2459 1458 2526 deliberandum
1486 2463 1543 2538 est,

370 2584 495 2651 sertore
523 2584 741 2667 manifestari
766 2605 809 2651 cc
836 2586 1051 2671 inteqrctiter·
1081 2587 1252 2669 emplicom'
1274 2591 1307 2651 et
1327 2585 1371 2651 de
1394 2586 1544 2669 ipsorum

370 2708 508 2777 consitio
539 2710 587 2775 cd
615 2712 816 2776 sententium
844 2712 897 2791 pet
927 2712 1245 2777 commeationem
1276 2711 1425 2792 procedi
1458 2711 1544 2776 coto·
1628 2769 1629 2784 ,

369 2852 447 2899 mus
465 2854 497 2898 a.
525 2834 620 2899 Hanc
650 2835 808 2900 cautelam
840 2834 1016 2901 adhibendi
1039 2855 1221 2901 assessores
1246 2854 1304 2900 seu
1334 2836 1543 2907 consultores,
1628 2821 1629 2898 ζ

369 2977 506 3040 quorum
537 2960 729 3041 exquiretur
756 2965 870 3023 sotum
900 2965 978 3024 ants
1008 2960 1202 3026 sententiam
1229 2956 1441 3040 definitivam,
1464 2963 1543 3042 post·
1628 2943 1629 2946 ¹

369 3098 464 3163 quam
487 3082 526 3143 iis
548 3081 674 3147 seriose
696 3080 918 3164 manifestato
933 3087 965 3147 ct
986 3082 1201 3167 inteqrctiter
1222 3080 1397 3163 ecpticctu
1420 3080 1544 3163 fuerint

369 3204 486 3270 omnio
512 3208 599 3285 acta,
623 3206 730 3289 prouti
760 3207 794 3270 in
824 3224 915 3271 more
938 3211 988 3270 est
1009 3204 1094 3290 apud
1117 3204 1235 3271 Sscres
1258 3204 1358 3290 cong.
1385 3206 1544 3270 Romanas

371 3348 542 3413 numquam
565 3332 642 3395 satis
666 3350 831 3415 possumus
854 3328 1081 3395 commendare
1105 3330 1263 3395 iudicibus
1285 3328 1473 3403 ordinariis,
1496 3329 1544 3412 qui

368 3454 431 3520 hoc
454 3459 556 3539 pecto,
573 3462 701 3521 secreto
722 3456 924 3539 inquirentes
938 3460 971 3520 et
995 3455 1173 3521 iudicantes
1197 3459 1230 3518 et
1251 3454 1374 3538 seipsos
1397 3458 1544 3519 arcente

368 3579 513 3662 periculo
540 3580 672 3645 errandi
700 3581 732 3644 in
760 3600 797 3645 re
820 3581 1013 3665 gravissima
1034 3585 1068 3645 et
1090 3598 1181 3645 suam
1204 3580 1397 3645 sententiam
1425 3579 1544 3643 maiore

368 3703 563 3769 auctoritate
587 3702 725 3768 fulciunt
747 3708 780 3768 et
802 3710 975 3768 exornent.

456 3826 532 3891 379.
558 3828 616 3892 Isti
638 3846 818 3893 assessores
841 3847 899 3891 seu
923 3827 1125 3892 consultores
1149 3827 1229 3891 iuris
1252 3826 1359 3910 periti,
1376 3845 1419 3889 ex
1438 3828 1543 3889 mente

369 3952 461 4017 Rom.
487 3948 670 4024 Pontificis,
694 3951 891 4018 substituere
914 3953 1054 4017 maxime
1078 3951 1197 4017 debent
1217 3970 1351 4036 opernm
1373 3949 1542 4016 advocato

369 4094 449 4147 rum,
463 4076 725 4159 quotiescumque
741 4074 800 4139 hos
816 4073 987 4140 admittere
1003 4094 1069 4138 non
1084 4072 1245 4159 expediat,
1260 4078 1319 4138 aut
1331 4074 1373 4136 iis
1387 4071 1541 4141 admissis,

366 4199 475 4263 omnia
496 4202 569 4264 aeta
592 4217 763 4282 processus
784 4200 863 4282 ipsis
885 4199 1096 4263 manifestere
1120 4217 1184 4261 non
1204 4196 1366 4281 expediet.
1383 4195 1541 4273 Ceterum,

366 4325 399 4387 in
423 4342 555 4408 genere,
572 4324 713 4388 naturali
736 4325 798 4388 iuri
822 4323 1020 4388 defensionis
1035 4322 1217 4389 consultum
1236 4322 1314 4387 satis
1329 4320 1430 4387 fuisse
1443 4323 1540 4405 patet,

364 4448 391 4512 si
416 4448 567 4531 inquisito
590 4448 776 4532 pendentur
794 4453 988 4533 arguments
1002 4447 1218 4512 accusationis
1236 4446 1371 4531 potiora,
1387 4462 1444 4509 seu
1459 4460 1541 4526 qnae
