3350 5100
634 344 842 393 annuendum
865 344 918 392 v1.
1303 324 1371 391 639

185 465 215 521 in
233 466 354 534 decreto,
373 482 428 537 quo
447 466 554 521 reiecta
572 470 616 521 eat
636 470 778 539 tamquam
801 465 905 521 frivola
932 466 1062 535 exceptio
1085 482 1137 519 sua
1162 469 1260 521 contra
1284 469 1371 521 testes

186 572 220 628 N.
239 573 272 628 N.
292 573 351 644 (vel
369 573 445 629 aliud
464 573 639 643 exprimatur
659 590 820 645 gravamen,
840 574 865 628 ai
890 574 967 628 aliud
994 573 1053 641 sit).
1075 572 1150 627 Dicit
1172 574 1286 643 insuper
1311 572 1372 627 tale

184 696 246 735 esse
263 680 421 735 huiusmodi
441 698 592 753 gravamen
612 685 644 735 ut
663 697 718 735 non
738 682 825 750 possit
845 698 894 750 per
912 680 1083 736 sententiam
1101 679 1276 735 definitivam
1288 694 1369 749 repa·

184 789 292 858 pareri:
311 805 375 843 oum
393 788 468 844 enim
487 788 622 860 praedicti
635 766 729 843 ¹testes
754 791 933 858 praetensum
957 786 1092 841 delictum
1111 804 1129 840 a
1153 785 1228 841 dicto
1252 785 1370 839 Domino

184 912 234 951 reo
251 897 337 951 fuisse
355 900 497 967 patratum
518 896 613 951 laetati
633 895 699 961 sint,
717 896 741 949 si
761 910 858 950 eorum
882 894 1047 948 admittatur
1073 894 1276 960 testimonium,
1295 891 1368 946 nihil

185 1000 275 1056 eidam
294 1016 342 1055 reo
359 1002 562 1072 expectandum
581 1018 642 1058 asse
661 1018 745 1073 quam
764 1000 1035 1056 condemnationem.
1055 998 1129 1054 Hinc
1155 1000 1222 1071 quia
1249 998 1371 1054 sustinet

185 1088 319 1162 Dominus
337 1107 371 1162 N.
391 1112 555 1179 praetensae
579 1124 653 1173 rena,
671 1124 702 1163 aa
727 1107 899 1163 sufficienter
922 1107 1055 1177 probasse
1079 1105 1170 1160 dictos
1195 1110 1283 1160 testes
1308 1121 1370 1160 esse

185 1213 274 1284 ipsius
291 1215 426 1280 inimicos,
452 1214 593 1285 periuros,
612 1213 766 1278 inhabilem
786 1212 851 1269 ideo
875 1228 939 1267 cum
965 1214 1042 1267 omni
1065 1213 1161 1269 debita
1185 1212 1370 1279 subiectione,

186 1338 242 1377 non
259 1324 353 1377 animo
371 1322 504 1377 iudicium
524 1320 704 1392 protrahendi
728 1321 775 1377 sod
799 1337 829 1376 aa
851 1320 990 1376 eximendi
1009 1337 1026 1374 a
1045 1320 1222 1391 gravamine,
1242 1318 1371 1389 appellat

185 1444 269 1500 anper
287 1430 430 1499 praedicto
452 1428 565 1484 decreto
587 1446 636 1485 seu
664 1428 806 1484 sententia
833 1427 1063 1493 interlocutoria3
1081 1432 1112 1483 et
1136 1426 1198 1483 vult
1224 1430 1255 1482 et
1282 1427 1371 1482 instat

184 1535 264 1590 illam
283 1535 416 1603 rescindi3
433 1536 519 1591 aliter
537 1539 671 1606 provocat
683 1535 717 1589 ad
730 1535 940 1605 metropolitam
957 1539 987 1590 et
998 1535 1033 1589 ad
1052 1534 1150 1591 Sedem
1163 1534 1369 1606 Apostolicam:

118 1615 122 1625 ἱ
186 1646 217 1698 et
235 1643 306 1712 petit
329 1643 382 1697 sibi
401 1641 561 1714 responderi
581 1642 615 1697 de
637 1642 771 1713 apostolis
798 1643 953 1709 instanter,
971 1642 1139 1709 instantius,
1158 1642 1368 1698 instantissime.

187 1746 289 1801 Datum
307 1746 378 1802 die...
398 1748 527 1803 mensis...
547 1762 646 1802 anno...
667 1748 726 1817 Ego
744 1746 777 1801 N.
797 1746 961 1817 appellent
979 1764 1071 1817 supra.

275 1853 460 1909 Praetentate
477 1854 531 1908 fuit
549 1856 739 1925 suprascripta
757 1854 912 1925 appellatio
925 1859 954 1910 et
966 1854 1000 1909 de
1012 1855 1145 1909 mandato
1158 1854 1265 1908 Vicarii
1278 1853 1369 1910 Gene-

185 1959 254 2013 ralis
271 1960 301 2013 in
319 1960 391 2014 actia
410 1964 531 2031 recepta,
550 1965 579 2016 et
596 1962 707 2016 nonnisi
720 1967 805 2032 prout
816 1961 852 2017 de
864 1962 926 2016 iure
937 1961 1068 2028 admissa,
1081 1961 1134 2015 hac
1146 1961 1216 2017 die...
1229 1962 1370 2015 mensis...

188 2083 288 2123 anuo...
308 2068 374 2121 in...

932 2176 993 2247 Ego
1012 2177 1045 2231 N.
1065 2176 1223 2239 Actuariua.

275 2388 304 2443 Si
323 2389 476 2461 appellatio
495 2392 550 2447 erit
568 2392 727 2459 reiicienda,
747 2392 914 2448 decernatur
933 2392 963 2447 iu
982 2391 1057 2447 hunc
1075 2391 1200 2446 modom:

273 2495 483 2570 consequenter
501 2499 669 2555 reverendus
687 2499 720 2553 N.
740 2497 870 2555 vicarius
888 2498 1042 2566 Generalis,
1065 2504 1174 2556 attente
1192 2499 1370 2556 considerata

183 2602 385 2674 appellationis
404 2621 496 2672 causa,
516 2622 533 2659 a
550 2607 677 2676 praefato
696 2604 814 2660 Domino
833 2604 867 2660 N.
888 2621 935 2660 rao
959 2607 1109 2676 producta,
1127 2607 1235 2660 invenit
1252 2623 1315 2662 eam
1338 2606 1368 2661 in

184 2710 247 2768 iure
264 2716 294 2766 et
312 2713 341 2766 in
359 2713 433 2766 facto
451 2713 695 2778 insubsistentem3
714 2711 830 2783 proinde
848 2729 911 2768 eam
934 2713 1035 2768 reiecit
1058 2718 1201 2784 tamquam
1229 2713 1369 2779 frivolam,

185 2820 216 2870 et
233 2815 339 2870 nullius
355 2816 469 2882 valeria,
488 2823 517 2872 et
534 2817 667 2882 decrevit,
688 2833 722 2873 ea
740 2835 796 2872 non
823 2820 962 2884 obstante,
981 2819 1016 2873 ad
1044 2819 1181 2874 ulteriora
1208 2819 1366 2889 procedere.

184 2921 263 2983 Quod
282 2922 423 2976 decretum
441 2939 505 2976 cum
523 2924 622 2979 luisset
641 2941 690 2994 per
708 2941 753 2980 ms
781 2923 908 2996 praefato
935 2925 1053 2981 Domino
1077 2927 1111 2980 N.
1130 2942 1179 2982 reo
1207 2927 1368 2981 intimatum

185 3026 235 3082 ille
253 3027 402 3098 acquievit.
421 3029 494 3083 Acta
511 3034 577 3084 sunt
595 3028 664 3085 haec
683 3030 754 3086 die...
774 3032 904 3086 mensis...
923 3048 1023 3087 anno...

1073 3171 1135 3242 Ego
1153 3172 1187 3226 N.
1207 3173 1367 3228 Actuarius.

275 3377 304 3434 Si
323 3396 390 3435 vero
414 3381 558 3451 appellans
583 3398 637 3436 non
664 3383 836 3454 acquiescat,
857 3383 905 3439 sed
929 3383 1020 3438 denuo
1047 3382 1186 3454 appellet,
1204 3383 1289 3438 scribi
1314 3383 1368 3440 hoc

186 3485 267 3540 mode
285 3487 397 3556 poterit

275 3592 353 3657 Quod
370 3594 513 3651 decretum
532 3613 595 3651 cum
613 3597 713 3668 luisset
731 3614 780 3667 per
799 3613 845 3652 me
862 3597 1071 3667 infrascriptum
1096 3597 1171 3653 dicto
1196 3597 1314 3653 Domino
1333 3597 1366 3651 N.

185 3717 234 3756 reo
245 3701 407 3756 intimatum
417 3702 506 3758 denuo
516 3703 676 3772 appellavit,
690 3704 833 3759 etiterum
847 3704 929 3775 petiit
942 3703 1085 3774 apostolos
1097 3705 1244 3770 instanter,
1258 3704 1367 3759 instau-

185 3806 300 3862 tissime.
320 3808 393 3862 Acta
411 3814 476 3863 sunt
493 3808 572 3876 haec,
591 3813 645 3864 etc.
723 3831 724 3834 ¹

326 4077 441 4126 NORMA
462 4079 727 4130 APPELLATIONIS
749 4082 772 4130 A
795 4080 986 4131 SENTENTIA
1010 4082 1222 4130 DENlNl'l'lVA.

274 4301 343 4360 Cum
361 4304 436 4360 lecta
454 4310 485 4361 ot
501 4307 632 4364 intimata
643 4309 751 4376 fuisset,
764 4313 795 4364 ut
807 4309 975 4379 praefertur,
987 4309 1116 4380 praefata
1127 4311 1271 4399 sententia
1282 4327 1366 4383 praa·

183 4412 260 4468 dicto
279 4412 396 4470 Domino
415 4414 448 4469 N.
467 4431 525 4483 reo,
543 4416 603 4486 ipse
621 4416 776 4488 appellavit
801 4421 830 4473 et
849 4417 992 4488 apostolos
1009 4416 1110 4489 petiit;
1129 4421 1174 4474 cui
1197 4419 1365 4477 reverendas
