3350 5100
536 329 580 374 na
603 328 757 377 nestoris
781 329 824 376 nr
849 329 968 376 renuis
1279 313 1337 378 101

159 450 350 535 respondet:
378 472 397 514 a
421 451 472 517 Ad
499 453 556 516 1⁰¹³
578 471 659 538 erqo
690 453 873 518 dicendum
897 455 1067 539 quoditie
1091 455 1151 539 qai
1182 461 1342 521 aruinam
1433 483 1436 492 ·

155 575 228 646 dat,
250 582 361 658 potest
383 576 510 662 absque
528 583 678 659 peccatu,
702 577 739 642 in
759 584 901 661 pactum
924 578 1093 645 deducere
1116 599 1194 645 cum
1218 599 1256 646 eo
1282 579 1343 665 qui

158 705 317 765 mutuum
340 702 464 784 accipit
478 703 825 784 recompensationem
841 703 961 768 damni
979 723 1046 786 per
1061 705 1154 788 quod
1169 703 1338 772 subtrahi-

155 829 218 889 tur
239 825 303 890 sibi
326 825 459 911 aliquid
474 825 677 923 quodpdcbet
692 825 836 910 habere5
861 827 923 894 itae
938 827 1027 894 euim
1045 847 1115 894 uon
1131 836 1177 896 est
1193 829 1342 896 uendere

156 967 261 1014 usam
280 951 449 1031 peccuniae
471 952 530 1016 sed
552 952 720 1016 damnum
744 952 853 1018 uitare
869 951 915 1037 (l)
933 972 963 1015 r.
986 951 1027 1018 Et
1051 952 1122 1032 hoc,
1147 955 1218 1018 iure
1242 956 1340 1018 meri-

157 1077 268 1154 toque,
285 1079 362 1136 tune
385 1075 470 1137 enim
486 1094 550 1136 nen
574 1075 607 1137 vi
630 1076 741 1146 mutui,
759 1073 815 1138 sed
831 1095 891 1159 pro
907 1075 1024 1140 damno
1041 1075 1171 1142 vitando
1188 1078 1341 1143 statuitur

154 1202 252 1261 certa
267 1216 419 1262 mensura
433 1196 668 1264 indemnitatis:
693 1219 734 1264 en
749 1198 994 1265 fundamentum
1009 1199 1158 1264 naturale
1175 1201 1340 1266 titulorum

155 1323 214 1404 qni
237 1330 348 1388 mutuo
371 1323 522 1388 dicuntur
545 1325 737 1406 extrinseci,
762 1326 872 1410 quales
895 1326 1069 1392 ‘damnum
1097 1345 1284 1411 amnuens,
1310 1333 1341 1394 ct

250 1569 290 1637 (Ι)
311 1570 445 1640 Equidem
463 1587 516 1624 non
531 1588 640 1639 possum
654 1575 809 1641 approbare
821 1573 894 1643 quod
907 1573 987 1628 docet
1000 1572 1167 1639 Lehmkuid,
1181 1573 1205 1639 I,
1218 1591 1247 1627 n.
1264 1575 1343 1628 1090

155 1681 273 1730 secutus
291 1693 466 1732 communem
489 1678 599 1733 dicendi
623 1680 775 1746 rationem,
794 1697 894 1750 nempe
918 1681 1060 1736 obiectum
1086 1682 1175 1736 mutui
1202 1697 1263 1737 esse
1282 1699 1341 1736 rem

152 1785 285 1837 steritem
305 1790 334 1838 et
351 1789 568 1856 infructuosam,
587 1787 674 1842 veluti
694 1789 856 1858 pecuniam
877 1788 948 1842 unde
973 1787 1092 1844 celebris
1115 1789 1244 1860 quaestio
1267 1790 1342 1845 inter

158 1890 215 1942 Di).
234 1893 372 1961 quomedo
386 1896 510 1963 pecunia
528 1896 564 1948 sit
578 1911 635 1965 per
652 1911 683 1948 se
701 1897 895 1965 infructuosa5
913 1913 976 1948 nam
997 1912 1046 1966 per
1064 1912 1102 1960 se,
1118 1913 1169 1950 noc
1188 1901 1272 1952 antea
1291 1911 1342 1951 nec

135 1994 242 2073 ,hodie
261 1998 378 2065 munia
398 1999 440 2051 nti
459 2015 525 2052 rere
542 2003 718 2070 infructuosa
736 2000 790 2054 dici
811 2002 904 2070 potuit
919 2017 971 2056 nec
990 2005 1096 2071 potest3
1118 2007 1147 2056 st
1168 2001 1339 2057 D'Annibeie

157 2105 230 2157 scite
242 2105 372 2171 advertit,
389 2109 475 2160 aedes
493 2109 577 2161 etiam
595 2117 623 2161 ct
640 2108 698 2161 alia
716 2108 815 2174 rnutta,
827 2125 900 2179 quae
918 2110 969 2162 sub
988 2125 1082 2162 annito
1098 2125 1182 2163 censu
1202 2110 1341 2175 locantur,

156 2209 270 2262 sterilia
283 2225 350 2263 esse.
365 2209 501 2280 Equidem
513 2211 615 2280 passim
628 2212 780 2280 scriptores
797 2210 924 2268 hodierni
938 2211 1118 2269 vehementer
1134 2214 1340 2284 reprehendunt

155 2315 315 2369 doctrinam
328 2315 497 2371 catholicam
507 2319 542 2373 de
551 2318 651 2386 usuris,
664 2324 843 2374 autumantes
854 2318 926 2374 hanc
940 2321 1022 2375 inniti
1036 2322 1182 2390 principio,
1196 2324 1341 2392 pecuniam

154 2432 190 2480 et
201 2428 274 2481 alias
285 2444 331 2482 res
342 2432 441 2482 mutuo
453 2429 596 2494 obnoxias,
613 2445 673 2482 esse
685 2429 878 2498 infructuosas
890 2434 919 2484 et
931 2431 1051 2485 steriles.
1068 2430 1108 2483 Cf.
1122 2430 1259 2485 Nouveiie
1273 2431 1355 2494 Rev.¹

158 2533 264 2589 Hister.
289 2535 323 2589 de
348 2535 423 2589 droit
446 2536 567 2601 franceis
585 2539 614 2591 et
631 2533 739 2606 etrang.
761 2567 776 2576 -
796 2536 881 2591 Leuis
900 2535 1055 2601 Theureau,
1074 2537 1173 2594 Nattae
1190 2539 1343 2609 dicturique

154 2659 211 2695 aar
224 2643 253 2695 a
264 2643 328 2711 pra
344 2645 362 2695 a
382 2640 665 2711 tauromenii.
683 2642 880 2712 17,pag.708;
897 2645 1049 2713 arangao
1064 2644 1150 2711 Mein,
1171 2618 1264 2699 sard
1281 2646 1343 2699 aar.

157 2748 271 2800 inaura
294 2748 344 2799 net
367 2748 469 2800 mondo
487 2764 600 2817 pacano
619 2764 634 2800 e
652 2748 701 2801 nel
721 2750 931 2803 cristianccimo.
955 2748 1017 2802 Riv.
1037 2749 1139 2803 intorn.
1160 2748 1264 2803 Scienz.
1286 2766 1341 2805 soc.

162 2852 261 2919 Roma,
282 2855 349 2906 fasc.
371 2854 438 2907 Feb.
462 2870 524 2923 pag.
546 2854 607 2919 215,
630 2854 699 2908 Maii
718 2854 845 2923 pag..27,
864 2854 944 2923 Sept·
959 2871 1021 2924 pag.
1035 2856 1069 2907 24
1089 2855 1189 2925 (1897).
1204 2886 1219 2897 ·
1234 2858 1344 2913 Etenim

161 2978 206 3015 res
217 2966 364 3015 mutuatae
376 2961 404 3015 in
417 2977 521 3029 genere
533 2978 589 3016 non
602 2960 704 3015 debent
720 2960 774 3015 dici
794 2961 906 3016 steriles
924 2966 953 3017 et
969 2962 1156 3017 infructuosae
1174 2980 1224 3033 per
1243 2980 1282 3034 se,
1296 2964 1343 3021 sed

156 3071 253 3140 quoad
273 3074 450 3125 mutuantem
470 3074 499 3125 st
517 3069 570 3127 hoc
594 3069 808 3139 profundissime
829 3070 952 3139 explicat
977 3070 1062 3124 Divus
1087 3070 1207 3125 Thomas
1234 3076 1264 3127 in
1283 3090 1345 3129 cor·

161 3195 232 3245 pore
250 3187 315 3243 art,
334 3177 483 3232 advertens
506 3193 551 3231 res
575 3182 674 3231 mutuo
698 3176 779 3230 datas
802 3194 858 3232 non
884 3192 964 3246 posse
988 3178 1021 3231 ad
1042 3194 1120 3231 usum
1139 3179 1248 3235 traduci
1275 3182 1343 3251 quin

158 3288 362 3339 consumentur
374 3288 424 3338 aut
441 3283 645 3349 distrahantur;
665 3284 737 3337 unde
756 3288 887 3338 mutuans
906 3300 962 3338 non
982 3288 1076 3353 potest
1095 3284 1162 3339 dare
1181 3304 1270 3352 usum,
1290 3288 1343 3342 sibi

162 3396 307 3444 reservato
325 3390 365 3443 rei
385 3389 516 3455 dominio,
535 3389 628 3458 prouti
646 3390 680 3443 fit
698 3388 727 3442 in
746 3388 862 3443 oedibus
886 3388 1018 3443 iucundis.
1038 3390 1130 3451 Quare
1155 3392 1345 3446 mutuatarius

160 3500 194 3550 tit
213 3496 343 3551 dominus
360 3500 505 3551 mutuatae
520 3500 659 3567 pecuniae
679 3512 751 3567 quaa
770 3496 795 3551 si
812 3498 868 3550 fert
889 3498 1019 3563 fructum,
1038 3497 1149 3552 domino
1172 3500 1234 3552 tert.
1255 3498 1343 3554 Hodie

162 3604 282 3670 pecunia
300 3618 367 3656 eane
385 3601 553 3656 habeturab
565 3602 694 3656 omnibus
709 3602 750 3655 uti
770 3604 923 3673 fructifera
942 3607 971 3657 et
990 3607 1083 3657 tamen
1103 3618 1157 3657 non
1177 3607 1220 3659 est
1236 3607 1345 3657 mutata

161 3708 237 3761 ratio
250 3708 350 3772 mutui,
362 3707 409 3761 sod
423 3712 530 3760 tantum
544 3706 781 3762 attamiiturratio
794 3707 886 3760 damni
902 3709 1054 3762 eatrinseci
1068 3708 1119 3777 ipsi
1130 3708 1297 3771 contractui,
1312 3724 1346 3762 ex

162 3818 244 3884 parte
257 3815 421 3868 mutuantis.
435 3812 506 3867 Huic
519 3815 676 3869 sententiae
689 3831 744 3868 non
756 3816 851 3868 obstat
863 3813 989 3869 definitio
1003 3814 1107 3869 concii.
1120 3814 1180 3868 Lat,
1192 3812 1226 3880 V,
1240 3830 1306 3867 sess.
1319 3812 1345 3881 5,

164 3922 213 3975 ubi
230 3925 361 3977 aretur:
380 3920 454 3978 «Ea
471 3932 513 3976 est
530 3924 649 3992 propma
671 3938 827 3976 usurarum
850 3922 1054 3991 interpretatio,
1077 3920 1187 3990 quaudo
1213 3920 1346 3974 videlicet

161 4043 202 4079 eu
218 4042 274 4080 usu
290 4030 345 4091 rei,
362 4043 436 4096 quae
452 3994 509 4081 nun
520 4028 669 4097 qerminat,
681 4027 763 4081 nutto
783 4028 889 4091 labore,
902 4026 983 4079 nulio
999 4035 1120 4095 sumptu,
1132 4024 1253 4078 nullove
1267 4024 1348 4093 peri·

161 4133 230 4187 aulo
243 4134 358 4186 tucrum
369 4137 516 4205 factusque
528 4134 656 4205 conquiri
666 4135 794 4199 studetur
807 4147 831 4190 >.
847 4132 991 4201 Denziger‚
1005 4133 1142 4188 enchirid.
1161 4149 1189 4185 n.
1202 4129 1263 4185 623.
1278 4130 1347 4184 Nam

166 4236 235 4293 haee
253 4239 381 4293 definitio
399 4257 454 4293 non
472 4246 516 4295 ost
534 4240 697 4295 doctrinalis
715 4240 762 4295 sed
782 4239 906 4309 explicat
930 4240 1054 4309 practice
1079 4238 1218 4293 maiitiam
1238 4244 1348 4310 peccati

166 4362 271 4399 usurae
284 4347 387 4417 quippo
400 4364 435 4402 ex
453 4365 486 4402 re
503 4366 561 4402 non
571 4353 749 4418 remanente
761 4348 821 4417 (seu
834 4364 870 4403 ex
883 4348 1001 4419 pecunia
1013 4364 1085 4419 quae
1097 4348 1252 4418 opponitur
1264 4349 1349 4403 rebus

165 4452 399 4520 erminantibus)
412 4454 516 4523 absque
529 4452 588 4508 ullo
602 4454 698 4508 labore
708 4457 737 4509 et
744 4454 877 4524 periculo
887 4453 949 4508 vult
962 4454 1065 4524 percipi
1080 4454 1196 4520 fruetus,
1210 4454 1239 4507 ui
1250 4454 1350 4508 mutui.
