3350 5100
356 314 357 319 ¹
405 294 493 347 QUAE
519 294 552 338 IN
578 294 712 347 Quaero
737 294 912 342 venustula
937 294 1176 340 conclusurus

462 419 496 483 R

254 560 390 627 llaptores
403 584 435 597 -
449 555 599 611 mulierum
613 574 764 628 eorumque

199 628 348 699 complices
367 628 536 683 matrimonii
555 628 667 683 ineundi
682 645 766 682 cansa

198 700 485 755 excommunicatione
518 716 588 754 nem.
624 706 765 754 reservata

198 774 311 827 aConc.
324 772 397 825 Trid.
419 774 579 840 puniuntur,
594 789 655 842 pag.
676 772 711 824 90
723 788 763 842 sq.

254 916 348 969 ltenlis
367 916 487 969 sinuata
505 943 540 956 -
561 930 623 983 pag.
642 914 685 967 32.

253 1060 453 1127 Reassmnpta'o.
481 1084 516 1098 -
543 1056 688 1117 Quando
713 1059 763 1112 nat

199 1128 275 1183 locus
286 1128 497 1196 reassumptioni
515 1144 657 1195 processus
667 1130 764 1183 matri·

199 1201 338 1266 monialis,
358 1216 419 1268 pag.
441 1200 501 1253 507.

253 1344 474 1413 Recogitate·
496 1340 712 1409 Recoguitioues
734 1343 761 1395 in

199 1414 301 1469 iudicio
310 1412 448 1467 criminali
459 1417 519 1465 lum
530 1410 620 1466 reales
634 1418 691 1466 tum
704 1430 762 1483 per·

195 1488 306 1541 sonales
318 1484 385 1556 quid
398 1484 454 1537 sint
467 1488 496 1537 et
509 1483 646 1553 quomodo
659 1485 762 1539 facien·

197 1558 257 1622 dae,
278 1573 341 1627 pag.
361 1554 414 1610 379
432 1572 473 1625 sq.

1317 275 1383 340 679

816 415 1070 468 communicatione
1089 415 1168 467 Rom.
1182 414 1262 467 Pont.
1276 414 1384 483 simpli·

817 488 888 540 citer
914 492 1070 550 reservata,
1096 500 1157 553 pag.
1182 486 1225 541 10.
1250 514 1264 526 ·
1284 487 1327 539 Ab
1349 502 1383 540 ea

817 557 983 611 iacun-ende
995 563 1111 611 excusat
1120 556 1281 626 ignorantia
1290 574 1384 611 crassa

816 634 846 683 el
856 629 964 695 supina,
974 644 1030 682 non
1041 645 1106 682 vero
1115 628 1255 693 affectata,
1265 644 1327 697 pag.
1341 627 1382 681 ll.

816 728 831 742 ·
849 699 922 761 Quid
939 699 974 754 de
999 706 1102 771 agents
1126 716 1189 753 cum
1211 701 1384 755 conscientia

816 788 943 836 erronea,
953 788 1016 840 pag.
1030 772 1069 825 12.
1080 798 1091 811 ·
1102 770 1141 825 De
1152 770 1291 838 religiosis
1304 788 1383 839 prae·

816 844 991 897 sumentibus
1008 842 1187 897 matrimonia
1200 841 1383 897 solemnizare

815 917 921 985 absque
934 912 1047 982 parochi
1068 914 1183 968 licentia
1196 912 1260 983 quid
1278 919 1384 968 statue·

817 990 862 1039 rat
873 985 1002 1040 Clemens
1012 985 1045 1051 V,
1056 985 1121 1056 quid
1134 984 1217 1039 Cone.
1229 984 1303 1037 Trid.
1316 988 1383 1039 ibid.

816 1057 994 1118 -Quomodo
1018 1056 1205 1125 intelligenda
1225 1072 1342 1110 censura
1366 1072 1384 1109 a

816 1128 899 1183 Couc.
924 1126 999 1181 Trid.
1023 1128 1144 1193 indicta,
1168 1142 1231 1197 pag.
1253 1127 1294 1181 13.
1313 1156 1324 1167 ·
1344 1126 1383 1181 De

816 1200 957 1269 religiosis
984 1200 1121 1255 ordinatis
1151 1200 1261 1281 absque
1282 1198 1383 1281 titulo,

815 1270 982 1398 ertit.
991 1269 1383 1410 tumultuetur:

816 1430 879 1483 pag.
900 1415 961 1467 524.
982 1442 996 1455 ·
1015 1414 1055 1467 Cl.
1077 1414 1243 1482 aepulare.

871 1557 1011 1625 Reliquis.
1030 1584 1066 1597 -
1080 1554 1267 1611 Extrahentee
1278 1555 1383 1623 absque

758 1620 767 1637 ⁹
815 1628 899 1682 versia
924 1628 1057 1699 reliquias
1080 1643 1115 1682 ex
1140 1625 1319 1680 Oetaeumbis
1340 1640 1382 1678 ro·

253 1700 446 1753 Reccuuentie.
468 1726 503 1737 -
529 1702 572 1751 An
599 1701 628 1753 et
652 1696 762 1767 quando

198 1770 288 1823 locum
302 1768 404 1824 haheat
417 1768 445 1822 in
459 1768 549 1823 causis
562 1768 761 1835 criminalibus,

199 1858 261 1910 pag.
281 1840 343 1894 237.

254 1984 401 2036 Recursus.
419 2012 455 2025 -
474 1984 499 2033 Α
517 1982 659 2036 sententis
673 1995 707 2038 ex
721 1982 763 2036 in-

196 2057 316 2108 formata
334 2052 515 2115 conscientia,
535 2068 589 2105 non
609 2051 763 2122 appellatio

197 2126 332 2193 competit
359 2124 406 2179 sed
434 2127 544 2178 tantum
574 2140 702 2179 recursus
729 2125 764 2177 ad

198 2196 295 2251 Sedem
315 2194 513 2263 apostoticam,
534 2212 594 2264 pag.
612 2197 673 2249 457.
693 2195 761 2251 -Cl'.

199 2269 370 2338 Appellatio.

142 2401 146 2409 '
251 2410 416 2479 Repressus.
436 2438 468 2451 -
493 2409 636 2470 Quomodo
660 2410 763 2479 impro-

197 2484 400 2622 {exsufflatum
415 2496 558 2550 regressus
571 2480 599 2534 in
610 2480 764 2545 beneflciis,

250 2697 406 2764 reputares
418 2723 454 2736 -
466 2694 661 2764 delinquentes
673 2711 689 2748 a
702 2695 763 2766 qui·

195 2769 246 2820 bus
266 2767 357 2836 puniri
381 2767 515 2830 debeant,
536 2782 597 2835 pag.
619 2765 670 2819 107
688 2783 727 2837 sq.
748 2793 760 2807 ·

196 2835 382 2892 Prohibentnr
392 2839 444 2890 sub
455 2835 587 2907 gravibus
597 2839 693 2904 poenis
703 2855 763 2892 mu·

815 1700 1037 1823 mauis55quibus
1066 1698 1164 1767 poeuis
1193 1697 1382 1759 mulctentur,

817 1784 879 1840 pag.
937 1810 943 1823 .

870 1914 1041 1966 llernedia
1078 1912 1315 1965 aoetruordinamta
1346 1936 1382 1950 -

815 1981 931 2043 Quando
949 1990 979 2037 et
997 1984 1099 2054 quibus
1117 2000 1152 2036 ex
1170 1982 1215 2036 his
1232 1983 1270 2036 sil
1295 1979 1381 2043 locus,

815 2071 879 2124 pag.
893 2054 946 2107 423
959 2070 999 2124 sq.
1016 2083 1027 2094 ·
1048 2054 1210 2108 Remedium
1229 2052 1382 2108 extraordi-

816 2127 925 2179 narium
937 2125 1096 2180 sententiae
1108 2142 1143 2180 ex
1156 2125 1306 2179 informate
1318 2139 1382 2177 con·

815 2198 942 2262 scientia,
962 2198 996 2251 cl.
1017 2198 1158 2251 Sententia
1176 2214 1213 2251 ea
1233 2198 1284 2267 ias.
1305 2212 1380 2250 caus.

870 2340 1006 2394 &meatu
1025 2340 1158 2408 poenalia
1182 2339 1382 2392 eoetraiudica'u·

816 2413 864 2465 lia
873 2438 910 2453 -
920 2411 960 2465 De
973 2411 1082 2464 ratione
1093 2408 1212 2463 iuridica
1221 2408 1381 2478 applicandi

815 2482 973 2536 huiusmodi
984 2481 1106 2536 remedia
1115 2480 1244 2534 ordinata
1255 2480 1289 2533 ad
1303 2496 1382 2550 prae·

814 2555 954 2610 cavendas
981 2554 1126 2622 grauiores
1150 2552 1314 2621 disciplinae
1339 2568 1382 2607 ec·

815 2625 990 2681 clesiesticae
1008 2624 1146 2678 laesiones
1158 2629 1188 2677 et
1202 2624 1238 2676 ad
1255 2623 1381 2677 ordinem

816 2698 870 2751 iam
896 2698 1010 2778 laesum⁸
1022 2696 1217 2778 reparandum,
1241 2711 1316 2778 pag..
1328 2695 1381 2749 318

814 2767 1143 2907 multatam
1159 2766 1381 2909 ltlt'etttt

196 2925 263 2964 nera
282 2909 425 2977 impertire
439 2925 501 2962 cum
522 2924 575 2962 non
595 2907 699 2962 domini
713 2909 761 2965 sed
814 2912 898 2964 matis
918 2909 1043 2980 poenalis
1058 2905 1253 2974 ecclesiastici,
1266 2911 1301 2963 ib.
1317 2940 1327 2949 ·
1343 2915 1382 2963 nt

194 2981 434 3050 administqatores
444 2981 509 3042 sint,
520 2996 581 3049 pag.
596 2977 761 3041 lac-Quas
814 2984 880 3053 quia
905 2981 974 3036 haec
1002 2982 1126 3036 remedia
1150 2987 1215 3035 sunt
1242 2981 1382 3050 poenalia,

196 3059 287 3106 mman
306 3067 411 3122 poenae
428 3049 760 3120 contenentcougregs·
815 3073 827 3108 r
865 3054 967 3108 uiritnr
991 3054 1106 3122 praevie
1133 3052 1291 3123 inquisitio,
1317 3069 1380 3122 pag.

196 3124 285 3178 tiones
303 3139 365 3176 cum
393 3123 466 3176 votis
490 3122 678 3192 simplicibus,
698 3139 760 3248 pag.
813 3071 875 3179 alh.
894 3154 910 3166 ·
929 3125 1071 3186 Quaenam
1090 3125 1148 3178 sint
1166 3124 1235 3178 haec
1249 3125 1381 3189 remedia,

197 3195 254 3247 127.
266 3223 277 3234 ·
289 3193 327 3248 De
337 3194 516 3263 regularibus
525 3193 629 3264 aliquid
639 3195 761 3262 speciae
814 3213 876 3266 pag.
890 3195 951 3250 359.
969 3223 980 3236 ·
994 3197 1090 3266 Magni
1105 3195 1233 3264 ponderis
1245 3203 1288 3249 est
1297 3212 1381 3266 quae·

193 3271 306 3318 cautum
326 3275 369 3319 est
388 3265 478 3335 quoad
498 3267 714 3333 competentiam
731 3267 759 3319 in
813 3269 868 3321 etio
893 3269 1005 3337 quinam
1024 3269 1092 3322 ordo
1116 3267 1269 3322 servandus
1293 3269 1330 3320 sit
1351 3267 1380 3320 in

195 3337 286 3390 causis
313 3338 516 3400 criminalibus,
545 3353 606 3406 pag.
626 3336 688 3390 235.
716 3337 758 3390 Gl.
813 3339 890 3393 hisce
905 3339 1033 3394 remediis
1047 3337 1228 3409 applicandis,
1243 3354 1304 3407 prag.
1319 3339 1380 3390 352.

197 3409 339 3475 Relipiesl.
351 3438 363 3449 -
378 3408 572 3476 Competentia
582 3407 722 3463 iudicialis
730 3409 759 3461 in
812 3441 828 3450 -
849 3409 923 3464 Haec
943 3411 1065 3465 remedia
1083 3411 1181 3478 impeti
1200 3415 1316 3478 possunt
1332 3425 1381 3476 per

196 3479 349 3548 Regulares
374 3479 539 3534 attribuitur
563 3479 591 3533 in
611 3479 760 3533 Ordinibus
814 3499 955 3535 recursum
969 3497 1017 3534 seu
1031 3481 1380 3549 appellationemextraiu·

193 3551 330 3618 exemptis
350 3551 497 3616 Praelatis,
512 3567 572 3619 pag.
592 3551 653 3604 518.
670 3550 759 3612 -Qui-
813 3553 957 3618 dicialem,
976 3553 1056 3605 cuius
1074 3553 1189 3608 effectus
1208 3557 1251 3606 est
1271 3555 1379 3606 tantum

196 3637 259 3673 nam
278 3622 335 3674 sint
359 3621 522 3691 Superiores
546 3620 689 3690 regulares
711 3624 758 3693 qui
812 3624 997 3688 devolulivus,
1015 3641 1076 3692 pag.
1096 3623 1160 3675 361.
1181 3651 1195 3664 -
1215 3622 1378 3676 Huiusmodi

193 3691 263 3745 herrc
288 3694 418 3748 obtinent
444 3693 676 3762 competentiam,
696 3709 758 3762 peg.
813 3695 935 3749 remedia
950 3694 1164 3764 praeservativa
1177 3710 1225 3747 seu
1240 3709 1309 3762 pure
1323 3710 1379 3748 me·

193 3761 252 3816 519.
267 3791 280 3803 -
294 3765 412 3826 Quinam
425 3769 575 3820 exerceant
594 3764 666 3818 hanc
683 3775 760 3833 pote-
811 3765 944 3819 dicinalie
965 3766 1131 3835 praecedere
1150 3766 1290 3820 destinata
1314 3772 1380 3821 suut

194 3839 295 3888 statem
315 3837 343 3890 in
360 3837 505 3900 Moniales,
520 3837 585 3890 ibid.
600 3863 613 3877 ·
627 3837 666 3890 cf.
689 3835 757 3890 Pra-
811 3836 929 3891 formale
940 3837 1083 3900 iudicium,
1095 3853 1156 3906 pag.
1170 3836 1231 3890 362.
1243 3866 1256 3879 -
1267 3836 1308 3890 ct.
1319 3839 1378 3892 Μο-

194 3921 300 3972 cessus,
323 3908 442 3972 Eiactio,
467 3909 610 3974 Dimissiu,
629 3908 758 3962 Nullitas
810 3911 880 3962 nitio
905 3911 1053 3974 canoniea,
1080 3909 1279 3978 Praeceptum,
1307 3909 1380 3964 Pur·

193 3981 297 4046 praeses.
318 3980 400 4050 relip.
419 3984 472 4034 etc.
810 3985 887 4050 patio
906 3982 1048 4034 canonica.

248 4120 391 4187 Relips'osi.
416 4149 452 4162 -
478 4121 563 4174 Extra
591 4137 685 4174 casum
712 4137 758 4175 ne-
866 4125 1001 4176 llemisrio
1020 4124 1154 4176 criminis.
1174 4152 1206 4162 -
1224 4122 1253 4176 Si
1268 4124 1380 4190 private

195 4189 348 4256 cessitatis,
372 4193 581 4246 Sacramentum
610 4191 758 4245 Extremae
811 4195 857 4258 sit,
876 4193 1047 4263 intelligitur
1066 4209 1130 4247 cum
1149 4199 1251 4262 agatur
1269 4195 1303 4250 de
1322 4196 1379 4248 cri-

195 4259 342 4316 Unctionis
360 4269 409 4316 aut
428 4261 620 4316 Eucharistiae
639 4279 687 4332 per
702 4264 758 4316 via·
811 4266 932 4319 minibus
955 4282 1026 4336 quae
1052 4271 1267 4334 compescuntur
1283 4266 1317 4319 ad
1338 4268 1381 4319 in-

195 4333 280 4387 ticum
294 4339 501 4402 praesumentes
520 4334 678 4388 ministrare
697 4335 759 4388 abs-
810 4337 944 4390 stantiam
965 4338 1052 4406 partis
1071 4337 1178 4400 laesae,
1198 4353 1260 4406 pag.
1280 4337 1342 4390 249.
1363 4367 1378 4378 -

193 4421 246 4472 que
265 4403 377 4473 parochi
399 4404 521 4470 licentia,
535 4404 696 4474 plectuntur
712 4422 759 4461 ex·
810 4408 945 4476 Princeps
964 4425 1013 4477 pro
1033 4409 1144 4478 publica
1164 4413 1304 4477 potestate
1323 4425 1379 4479 qua
