3350 5100
432 321 475 365 na
499 318 637 366 1un1cns
661 317 906 370 caruissemus
929 317 964 365 ns
989 318 1108 366 sancia
1298 302 1361 368 493

181 464 260 510 nem
277 449 409 509 totunm
431 448 492 508 ant
513 461 690 509 rumorem
706 443 851 509 nantas
873 443 1032 526 separari
1047 463 1118 511 non
1138 444 1266 526 delmi,
1283 465 1360 512 cana

182 575 213 634 et
228 568 437 655 quandoque
450 568 608 635 nonnulli
622 568 714 634 inter
726 587 764 634 se
778 568 1169 636 contratnateimcninm
1181 569 1284 636 velint
1298 571 1361 638 col·

184 693 302 759 ludere
324 699 356 759 et
377 693 425 758 ad
447 691 694 774 confessionem
716 691 863 758 incestus
892 691 995 774 focile
1013 692 1225 775 prosilirent,
1248 695 1278 760 si
1299 714 1360 761 sno

184 815 310 882 indicio
340 815 517 882 caedem
541 834 609 898 per
638 813 804 882 indicium
837 816 1006 882 Ecclesiae
1036 817 1312 882 concnmndnm
1329 837 1359 881 ›.

185 941 308 1006 Rumor
323 942 463 1006 viciniae
477 944 637 1006 sustentat
651 943 864 1006 assertionem
879 943 1052 1028 coniugum
1068 963 1129 1028 per
1143 944 1359 1010 testimonium

183 1066 346 1148 septimae
366 1085 501 1132 manns.
526 1067 644 1151 Agitur
667 1069 751 1131 enim
775 1066 815 1132 da
838 1065 1004 1151 probanda
1030 1068 1146 1152 copula
1169 1070 1359 1134 incestuosa.
1470 1124 1476 1137 .

272 1190 348 1256 466.
365 1191 415 1258 Ob
428 1190 574 1257 eamdem
587 1192 731 1277 regulam
744 1191 785 1257 de
800 1193 869 1278 ipso
881 1193 1062 1258 iuramento
1075 1195 1247 1279 coniugum
1261 1195 1359 1259 Instr.

138 1367 142 1372 .
184 1317 279 1382 Aust.
302 1317 325 1399 ἓ
346 1316 423 1390 169,
447 1318 491 1382 ita
513 1316 679 1384 decernit:
705 1315 965 1382 «iusiurandum
982 1336 1002 1381 a
1018 1317 1207 1404 coniugibus
1230 1322 1362 1403 praesti-

93 1439 98 1444 ’
184 1447 250 1503 tum
274 1458 376 1524 aeque
390 1459 431 1504 ac
446 1439 631 1506 eorumdem
655 1439 816 1506 coniemio
839 1439 1061 1524 probationem
1078 1441 1118 1505 de
1134 1441 1361 1527 impedimento

184 1562 349 1630 obtinente
378 1565 584 1650 suppeditare
613 1570 669 1631 aut
698 1566 851 1651 supplere
881 1567 993 1650 nequit
1017 1586 1046 1630 s.
1073 1566 1182 1642 Quare
1205 1568 1361 1651 sequitur,

184 1691 399 1754 iuramentum
423 1689 619 1756 fulciendum
636 1710 708 1755 esse
721 1691 793 1756 aliis
808 1689 1063 1774 probationibus.
1081 1690 1195 1775 quibus
1211 1697 1243 1756 et
1259 1709 1313 1757 res
1327 1693 1358 1756 in

184 1817 297 1897 aperto
320 1817 460 1896 ponatur
478 1816 510 1877 et
532 1817 642 1896 pateat
665 1811 859 1877 confessioni
883 1813 1008 1878 iuratae
1031 1809 1126 1878 fldem
1149 1812 1359 1878 adiiciendam

184 1957 265 2004 esse.
291 1938 372 2003 Item
395 1937 522 2004 dicatur
544 1936 586 2002 de
607 1937 742 2004 testibus
761 1934 817 2023 (l).
837 1939 906 2002 Non
929 1943 1038 2002 tamen
1055 1936 1150 2003 debet
1166 1939 1361 2024 exaggerari

186 2063 267 2126 ratio
291 2062 491 2147 suspicionis,
510 2065 585 2147 qnia
604 2062 757 2128 catholici
780 2069 1032 2146 praesumuntur
1055 2063 1120 2128 alte
1143 2064 1230 2128 scire
1245 2069 1278 2128 et
1293 2084 1362 2128 sen·

184 2187 248 2251 tire
270 2187 356 2251 banc
379 2188 692 2272 veritatemnempe
714 2191 932 2254 meleretum
957 2193 990 2252 et
1013 2193 1267 2254 consummatum
1291 2208 1362 2253 esse

185 2311 314 2375 omnino
340 2310 644 2386 tacitaetacitae
674 2312 702 2375 si
728 2329 789 2395 per
818 2311 998 2395 periurium
1030 2311 1184 2397 coniuges
1215 2311 1362 2376 obtinere

186 2435 315 2502 valeant
340 2455 361 2500 a
390 2435 496 2500 iudice
524 2417 776 2499 declarationem
808 2433 974 2508 nuditatis
1006 2455 1070 2499 non
1102 2436 1188 2500 aliud
1220 2433 1363 2502 efficiunt

185 2562 246 2626 nisi
268 2563 401 2645 gravius
424 2581 459 2625 se
482 2562 566 2645 ipsos
588 2560 760 2644 implicare
782 2560 926 2645 peccatis
949 2565 983 2624 et
1005 2560 1204 2626 criminibus.

274 2684 351 2749 467.
376 2685 543 2768 Perspecti
567 2685 728 2756 iniisset,
752 2682 880 2768 singula
901 2682 1129 2768 impedimenta
1145 2684 1261 2768 quippe
1285 2698 1361 2747 con-

184 2808 330 2873 sistentia
353 2805 546 2871 indicassis
568 2806 814 2886 conditionibus,
837 2804 983 2871 diversas
1007 2806 1178 2874 admittere
1200 2808 1363 2890 speciales

75 2949 77 2952 ·
185 2927 408 3012 probationem
435 2934 471 2993 el
495 2928 555 2992 bas
580 2930 724 3013 explicat
754 2927 875 2994 diserte
906 2930 959 2995 cit
990 2929 1164 2994 instructio
1195 2929 1227 2995 S.
1256 2927 1361 2994 Officii

185 3053 277 3137 §27
298 3073 347 3139 sq.
373 3055 420 3134 (et
446 3054 532 3119 banc
558 3054 656 3120 Instr.
686 3052 859 3120 referimus
886 3056 972 3121 inter
1000 3054 1170 3141 Alleqata)
1201 3061 1232 3119 et
1264 3054 1363 3120 dictat

187 3182 284 3245 Instr.
308 3180 415 3254 Aust,
438 3180 461 3262 S
482 3178 553 3244 172
574 3198 624 3265 sq.
719 3225 728 3241 .

275 3304 350 3369 468.
368 3307 405 3371 In
420 3324 584 3390 processu,
602 3306 655 3389 qui
675 3306 847 3373 instruitur
861 3324 921 3391 pro
936 3304 1112 3373 obtinenda
1126 3304 1363 3391 dispensatione

186 3452 206 3496 a
220 3434 316 3497 mab.
332 3435 409 3498 rato
424 3436 455 3496 et
469 3450 540 3497 non
555 3449 742 3497 consutam.
757 3452 778 3497 a
793 3430 825 3497 S.
844 3431 962 3517 Gange.
981 3431 1114 3497 Concilii
1131 3431 1364 3517 praescribitur

186 3554 393 3621 observantia
408 3554 516 3620 Const.
533 3553 653 3619 Bened.
668 3588 686 3602 ·
700 3554 763 3619 Dei
776 3554 1006 3627 miseratione,
1020 3559 1052 3619 et
1068 3556 1121 3620 cit.
1140 3556 1364 3621 Instructionis

275 3795 314 3867 (l)
339 3796 527 3851 adnotatione
549 3802 593 3853 est
617 3797 703 3868 digna
719 3796 904 3868 praescriptio
926 3797 1007 3853 lustr.
1029 3800 1116 3863 Aust,
1134 3802 1152 3862 9
1170 3798 1242 3863 233,
1261 3797 1289 3851 in
1309 3814 1365 3868 qna

187 3902 283 3971 agitur
304 3901 338 3957 de
362 3904 469 3957 actione
492 3905 530 3958 ad
554 3908 761 3975 separationem
778 3925 798 3961 a
814 3915 876 3959 toro
902 3914 929 3959 et
953 3906 1152 3961 cohabitatione
1177 3908 1207 3959 et
1230 3903 1379 3959 statuitur

187 4008 374 4063 iuramentum
401 4009 551 4080 coniugum
577 4011 687 4065 admitti
711 4012 765 4065 nisi
790 4011 847 4065 sint
871 4011 996 4081 graviter
1022 4011 1146 4081 suspecti
1169 4013 1206 4067 de
1226 4013 1368 4082 periuria

126 4180 128 4185 ¹
187 4116 270 4171 (terte
289 4119 317 4170 in
337 4114 390 4169 bac
408 4133 492 4170 causa
510 4123 553 4171 est
571 4119 661 4187 magis
682 4118 835 4172 timendum
861 4118 1015 4189 periculum
1041 4118 1164 4188 periurii,
1183 4118 1285 4188 quippe
1310 4133 1364 4171 non

188 4223 282 4293 agitur
300 4222 334 4278 de
352 4224 412 4292 ipso
431 4222 546 4278 vinculo
565 4223 715 4294 coniugali.
728 4224 805 4280 -Sed
819 4227 904 4281 etiam
924 4226 952 4279 in
972 4226 1063 4279 causis
1081 4230 1117 4281 de
1134 4226 1267 4280 nullitate
1282 4224 1365 4280 iudex

187 4336 353 4401 potestnon
372 4330 573 4385 admitterent
596 4331 784 4387 iuramentum
809 4349 873 4387 eum
895 4332 1053 4403 coniugem,
1072 4334 1120 4404 qui
1142 4348 1233 4404 neque
1256 4336 1365 4387 iuratus

188 4436 275 4492 ullam
294 4438 376 4494 fidem
395 4443 527 4493 meretur.
