3350 5100
320 300 388 365 296
833 316 919 365 unns
947 318 987 363 11.

321 443 492 526 inquisitus
519 442 660 506 examini
691 440 854 507 subiectus
884 446 1053 527 praestare
1084 439 1235 505 iubeatur
1266 441 1298 505 in
1330 437 1498 506 confirma-

320 569 441 631 tionem
462 585 595 631 sucrum
619 567 863 650 responsionum
879 562 936 649 (l).
962 565 1059 631 Cuius
1083 566 1299 630 conclusionis
1322 585 1360 631 eo
1383 565 1499 629 sortior

321 697 371 756 est
386 691 478 763 ratio,
499 692 574 775 quia
588 691 650 775 ipsi
666 691 832 777 Theologi,
848 696 931 757 teste
955 690 986 755 S.
1007 689 1139 777 Ligerio
1163 688 1236 773 (IV,
1261 690 1339 771 274)
1364 695 1398 755 et
1419 689 1499 755 duce

322 817 367 879 De
384 816 474 899 Lugo
497 813 560 900 (De
585 816 660 882 inst.
685 815 781 898 Disp.
803 814 854 881 40
876 834 908 879 n.
937 814 990 902 14)
1014 817 1190 900 opinantur
1213 816 1406 880 sententiam
1429 834 1500 882 esse

319 939 415 1005 valde
435 938 634 1023 probabilem
658 945 691 1005 et
708 939 862 1023 practice
878 945 986 1007 tutam
1008 959 1092 1024 quae
1109 944 1207 1021 tenet,
1225 960 1317 1005 reum
1337 942 1397 1005 etsi
1413 941 1515 1005 iura·-

319 1070 429 1129 mentc
455 1064 656 1146 adstrictum,
680 1070 714 1130 et
735 1070 826 1130 recte
857 1072 890 1130 et
919 1069 1144 1151 competenter
1174 1085 1193 1129 a
1225 1065 1330 1131 iudice
1358 1066 1499 1130 interro·

320 1196 428 1275 gatum
445 1209 509 1254 non
521 1191 629 1257 teneri
640 1210 732 1255 suum
745 1192 870 1255 crimen
883 1189 979 1255 fateri
995 1189 1123 1274 quaudo
1136 1191 1195 1275 ipsi
1208 1194 1362 1274 sequntur
1373 1208 1500 1276 mappa

316 1332 431 1396 poena
453 1333 511 1379 seu
533 1332 702 1399 maenum
724 1314 990 1381 incommedum.

409 1437 625 1503 Nihilominus
648 1438 753 1522 excipi
778 1437 897 1503 debent
925 1457 1042 1503 causae
1072 1436 1146 1503 fidei
1183 1438 1223 1503 de
1252 1436 1367 1521 quibus
1393 1438 1501 1522 agitur

319 1561 404 1647 apud
426 1562 570 1627 tribunal
594 1562 626 1629 S.
643 1564 864 1647 Inquisitionis
879 1570 912 1630 et
928 1564 1143 1649 Pigeatellius
1160 1561 1276 1647 (Coos.
1292 1563 1416 1629 noviss.
1432 1562 1502 1628 159

319 1706 352 1752 n
377 1686 444 1766 23)
466 1686 570 1759 dccet,
595 1688 629 1750 in
651 1686 743 1751 hisce
766 1688 882 1761 causis,
907 1686 1083 1753 haereticis
1106 1706 1163 1751 seu
1187 1686 1226 1751 de
1251 1687 1380 1751 haeresi
1403 1704 1500 1785 accu-

320 1814 399 1878 satis
422 1815 639 1878 iuramentum
662 1811 873 1877 deferendum
898 1832 986 1887 esse;
1011 1818 1045 1879 et
1066 1814 1100 1877 in
1125 1812 1242 1877 iudicio
1266 1810 1500 1877 sollicitationis

320 1936 362 2002 ad
385 1938 493 2021 turpia
514 1936 602 2001 iubet
624 1935 703 2002 Inst.
727 1936 759 2002 S.
779 1939 848 2021 lnq.
867 1936 954 2002 1867
979 1956 1095 2003 <reus
1117 1938 1311 2003 iuramento
1336 1934 1501 2001 dicendae

322 2060 473 2125 veritatis
494 2060 678 2126 adstrictus
699 2060 909 2143 respondere
931 2060 1074 2127 debet».

410 2184 485 2249 227.
512 2184 595 2250 lllud
612 2190 757 2270 praestat
779 2184 964 2267 advertere,
981 2206 1097 2272 nempe
1114 2206 1172 2251 reo
1188 2186 1406 2271 expostulanti
1422 2184 1500 2249 dila-

320 2310 442 2376 tionem
464 2306 509 2373 ad
531 2309 794 2394 respondendum
814 2310 852 2375 in
868 2310 1104 2377 nimietatibus
1119 2310 1326 2376 annuendum
1342 2330 1406 2375 non
1422 2330 1503 2376 esse.

323 2435 404 2499 Nam
427 2436 461 2499 in
483 2434 638 2500 civilibus
661 2435 724 2499 hoc
746 2434 938 2501 conceditur
961 2437 1226 2521 quotiescumque
1242 2440 1421 2501 conventus
1443 2454 1500 2501 seu

324 2579 401 2626 rens
424 2560 668 2635 examinandus,
693 2561 838 2646 legitima
860 2560 902 2626 de
925 2580 1032 2636 causa,
1057 2567 1190 2646 expetat
1204 2567 1330 2648 tempus
1345 2580 1409 2645 quo
1424 2559 1503 2625 deli·

320 2682 415 2749 beret
428 2703 471 2748 an
487 2689 521 2749 et
537 2684 612 2769 quid
628 2684 827 2770 respondere
842 2685 976 2760 debeat3
1000 2703 1066 2750 non
1082 2686 1183 2752 semel
1200 2687 1286 2751 enim
1303 2688 1336 2750 in
1352 2683 1504 2752 civilibus

323 2805 364 2871 de
379 2806 466 2872 tacto
481 2807 588 2872 alieno
604 2808 674 2890 quis
690 2808 923 2892 interrogatur,
941 2814 978 2874 ut
993 2813 1069 2893 puta
1086 2809 1205 2876 haeres
1217 2811 1280 2894 qui,
1294 2808 1503 2888 inmmerito,

322 2950 359 2995 se
382 2930 470 2995 nolle
485 2930 685 3016 respondere
708 2929 891 2995 deliberare
911 2929 1007 3002 valet.
1025 2933 1225 2998 renuncians
1247 2933 1310 2996 iuri
1333 2950 1404 3006 su0;
1421 2929 1505 3014 quod

321 3054 449 3123 admitti
465 3075 531 3120 non
546 3060 652 3141 potest
666 3057 700 3119 in
715 3055 948 3122 criminalibus.
966 3057 1096 3123 Etenim
1114 3077 1190 3123 reus
1203 3057 1243 3122 de
1260 3056 1347 3122 lacto
1358 3056 1504 3139 proprie

321 3178 524 3264 respondere
540 3178 635 3245 debet
650 3199 756 3263 neque
772 3181 1015 3265 responsionem
1032 3200 1188 3247 recusare
1200 3181 1299 3256 valet,
1312 3199 1393 3264 quae
1410 3197 1504 3264 expo·

325 3304 465 3370 stulatur
488 3323 508 3367 a
531 3304 661 3388 publica
682 3306 877 3371 auctoritate
900 3307 933 3370 in
957 3306 1119 3392 publicum
1144 3305 1273 3371 bonum.

399 3495 438 3566 (l)
457 3496 516 3550 lam
535 3496 575 3552 De
588 3496 664 3550 Luca
676 3498 718 3552 De
736 3501 795 3553 iud.
809 3499 882 3552 Diss.
894 3501 940 3552 25
958 3499 1070 3554 disserit
1082 3500 1116 3554 de
1129 3498 1230 3554 inolita
1242 3499 1344 3554 sensim
1358 3500 1506 3553 consuetu·

323 3604 388 3661 dine
407 3609 438 3659 ut
451 3621 550 3674 parum
562 3605 718 3660 deferretur
736 3607 895 3675 probationi
910 3623 959 3675 per
973 3607 1159 3662 iuramentum
1176 3609 1317 3662 obtentae.
1336 3605 1507 3673 Van-Espeu

320 3709 340 3763 l.
360 3711 409 3764 cit.
429 3711 469 3764 tit.
494 3710 515 3763 7
532 3727 593 3780 cap.
613 3710 643 3774 8,
660 3727 688 3762 η.
707 3711 762 3776 20,
783 3710 870 3764 refert
894 3711 930 3764 ob
950 3709 1104 3780 periculum
1130 3711 1245 3780 periurii
1264 3711 1292 3764 in
1315 3707 1507 3763 criminalibus

321 3820 513 3872 iuramentum
531 3816 646 3870 solitum
665 3831 722 3870 non
739 3816 825 3870 fnisse
844 3816 944 3871 deterri
965 3821 995 3896 et
1012 3818 1138 3874 eamdem
1163 3816 1393 3872 cousuetudinem
1412 3815 1508 3870 messe

321 3924 427 3986 rotetur
445 3923 537 3976 noun
557 3922 596 3977 ne
615 3921 671 3975 rue.
685 3921 717 3974 11.
737 3939 763 3991 p.
776 3923 830 3976 see
849 3925 880 3978 es
898 3933 970 3978 noa.
985 3952 999 3964 -
1014 3923 1147 3978 nectores
1166 3939 1233 3978 vero
1247 3923 1370 3994 pone
1385 3921 1426 3975 un
1447 3919 1510 3976 ror·
1547 3895 1550 3900 ’

321 4029 424 4098 legrini
443 4031 461 4084 l.
481 4030 529 4084 cit
553 4029 627 4086 Sect.
640 4029 691 4094 lx,
709 4047 736 4084 n.
753 4029 794 4095 14,
812 4029 916 4085 docent
933 4035 1001 4085 tunc
1019 4033 1073 4086 rite
1091 4029 1261 4100 interrogari
1277 4047 1366 4095 reum,
1378 4044 1462 4100 quum
1482 4027 1508 4082 ei

321 4137 539 4192 manifestantur
565 4137 671 4191 indicia
687 4138 789 4207 provin
813 4137 870 4190 iam
890 4137 1021 4192 adversus
1046 4153 1110 4192 eum
1130 4137 1266 4202 collecta3
1289 4141 1319 4190 et
1343 4140 1411 4190 tuuc
1432 4149 1509 4208 reum

324 4243 409 4324 etiam
428 4258 484 4297 non
502 4246 628 4298 iuratum
644 4243 747 4299 debere
765 4245 918 4300 veritatem
937 4244 1032 4311 lateri,
1050 4245 1118 4316 quia
1142 4246 1197 4299 iam
1223 4247 1352 4300 servatus
1376 4246 1419 4298 est
1443 4240 1511 4295 erdo

323 4332 477 4409 ¹udieialis3
495 4365 550 4420 quo
563 4346 738 4417 praehabito,
752 4366 815 4403 reus
827 4349 960 4419 conqueri
975 4365 1029 4404 nen
1042 4355 1135 4419 potest
1148 4352 1170 4404 si
1185 4366 1202 4404 c
1215 4349 1329 4420 publice
1341 4348 1510 4403 auctoritate

321 4453 356 4507 de
374 4470 424 4507 suo
445 4455 506 4524 ipso
525 4455 653 4509 facinore
671 4455 874 4525 interrogatur·
