3350 5100
544 303 589 350 nn
613 301 768 350 nnmcms
790 303 834 350 nn
856 303 976 352 nonme
1279 275 1342 350 137

163 445 303 510 poenam
327 425 670 491 excommunicationis
686 425 787 491 fuisse
810 427 868 492 lat.
892 430 987 500 seat,
1001 429 1034 491 et
1056 425 1133 491 hinc
1148 425 1345 502 exolevisse;

161 571 303 636 poenam
328 551 546 637 instigationis
567 551 634 634 ser.
657 557 752 633 nent,
782 556 816 618 et
839 551 918 617 hinc
940 551 1162 652 applicandam
1184 571 1244 637 pro
1265 557 1347 617 tem·

162 695 281 761 porum
305 683 339 741 et
361 677 507 742 locorum
529 675 699 743 adiunctis.

256 803 477 866 Accesserunt
499 805 621 866 statuta
636 801 668 866 S.
685 801 735 866 Pii
754 802 796 876 V,
814 801 909 867 Bulla
926 821 944 864 ‹
961 799 1110 868 Romani
1125 800 1299 886 Pontificis
1315 821 1345 883 Ι»,

162 925 206 989 17
221 925 346 990 Martii
367 925 471 1007 1572,
495 931 528 990 et
547 927 647 1013 Greg.
663 928 711 992 XI
716 928 747 992 ll
766 927 860 996 Bulla
878 948 896 989 ‹
913 927 964 992 Ea
983 931 1031 992 est
1045 945 1198 992 rerum»
1219 929 1235 990 1
1254 925 1344 1008 Sept.

163 1050 268 1123 1572,
283 1069 366 1134 quae
380 1056 530 1118 auctores
546 1051 648 1118 libelli
669 1052 796 1135 famosi
818 1052 1016 1136 gravissimis
1039 1052 1151 1136 poenis
1162 1050 1344 1124 subiiciunt,

162 1178 196 1239 et
218 1176 253 1239 in
276 1177 390 1260 primis
404 1195 531 1260 poenae
548 1175 701 1242 infamiae
714 1176 789 1259 ipso
804 1176 881 1242 iure
900 1175 1124 1242 incurrendae.
1140 1175 1265 1241 Verum
1281 1176 1344 1240 hae

162 1300 411 1366 constitutiones
432 1301 518 1367 latae
541 1301 676 1368 fuerunt
704 1321 765 1386 pro
788 1301 907 1367 ditione
937 1299 1100 1387 pontificia
1123 1299 1218 1382 civili,
1243 1317 1344 1384 quare

162 1424 211 1487 ius
244 1443 311 1487 non
337 1422 491 1489 fecerunt
516 1443 693 1496 commune,
717 1429 751 1490 et
772 1423 868 1489 hodie
890 1425 924 1488 in
947 1425 1121 1490 maledicos
1152 1421 1343 1508 infligendae

162 1553 239 1613 sunt
261 1567 389 1632 poenae
411 1548 627 1616 arbidarice.

251 1671 307 1736 96.
334 1672 479 1756 Denique
500 1672 540 1738 ob
561 1673 766 1758 privilegium
789 1673 854 1737 lori
878 1677 1062 1757 competens
1080 1673 1217 1745 clericis,
1235 1673 1343 1738 omnia

163 1795 283 1862 delicta
305 1799 511 1882 quantumvis
538 1799 647 1863 civilia
676 1797 868 1864 deferuntur
890 1798 1006 1864 iudicio
1030 1799 1189 1884 Episcopi,
1214 1817 1340 1883 compe-

162 1915 285 1984 scenda
314 1923 426 2004 poenis
449 1922 481 1985 in
505 1921 579 1986 foro
603 1920 833 1992 ecclesiastico,
860 1939 1022 2004 quousque
1049 1921 1111 1985 ista
1133 1920 1251 1985 delicta
1276 1927 1341 1984 tam

164 2047 278 2129 gravia
293 2065 375 2118 esse,
388 2051 421 2112 et
443 2049 634 2112 criminosos
650 2048 788 2112 clericos
811 2045 893 2112 adeo
909 2045 1152 2131 incorregibiles
1176 2066 1246 2111 esse
1269 2065 1343 2132 pro·

165 2167 268 2250 betur,
285 2177 322 2238 ut
338 2174 380 2236 sit
402 2173 493 2239 locus
516 2173 738 2259 degradationi
754 2193 812 2239 seu
835 2172 999 2238 traditioni
1022 2171 1156 2237 brachio
1171 2171 1339 2244 saeculari,

165 2295 268 2376 prouti
294 2293 393 2358 adicit
416 2313 491 2378 cap.
509 2296 561 2367 10,
578 2296 628 2360 De
646 2295 716 2360 iud.
733 2295 768 2358 X
789 2291 845 2379 (ΙΙ,
865 2292 913 2377 Ι);
938 2291 1106 2358 videlicet:
1133 2313 1198 2356 «...
1224 2293 1250 2356 si
1274 2293 1341 2357 cle·

166 2417 251 2481 ricus
275 2418 308 2481 in
334 2437 534 2501 quocumque
556 2418 670 2483 ordine
692 2420 892 2492 constitutus,
908 2419 940 2481 in
964 2417 1060 2489 furto,
1082 2417 1132 2481 vel
1156 2415 1339 2493 homicidio,

165 2541 214 2605 uel
230 2542 388 2627 periurio,
405 2563 463 2607 sen
477 2542 542 2608 alio
559 2543 697 2608 crimine
720 2542 820 2609 luerit
843 2541 1063 2629 deprehensus
1081 2541 1223 2627 legitime
1247 2546 1341 2626 atque

164 2666 339 2746 convictus,
365 2664 406 2731 ab
429 2665 650 2731 ecclesiastico
675 2665 781 2731 iudice
804 2665 1009 2750 deponendus
1029 2670 1086 2729 est.
1103 2663 1174 2738 Qui,
1199 2666 1225 2729 si
1247 2664 1340 2749 depo-

164 2790 239 2855 situs
263 2790 503 2877 incorregibilis
525 2792 635 2866 fueuit,
661 2792 937 2858 excommunicari
960 2789 1063 2873 debet,
1087 2790 1202 2855 deinde
1226 2796 1339 2857 contu-

164 2919 264 2981 macia
286 2923 469 2999 crescente,
481 2919 697 2984 anathematis
720 2938 876 2984 mucrone
903 2919 1012 2983 feriri:
1037 2918 1236 3004 postmodum
1259 2939 1338 2984 vero

165 3042 244 3105 siin
268 3041 467 3128 profundum
493 3042 650 3109 malorum
673 3045 808 3109 veniens
830 3045 1069 3129 contempserit,
1093 3064 1167 3109 cum
1191 3044 1339 3111 Ecclesia

165 3184 225 3229 non
241 3165 362 3231 habeat
385 3166 472 3233 ultra
486 3167 560 3251 quid
583 3168 747 3239 facietne
770 3170 869 3254 possit
891 3188 962 3233 esse
984 3168 1072 3233 ultra
1086 3169 1222 3254 perditio
1238 3170 1337 3255 pluri·

166 3306 294 3358 morum.
314 3292 375 3373 per'
396 3290 598 3355 saecularem
621 3290 879 3376 comprimendus
903 3296 953 3357 est
974 3296 1172 3385 potestatem,
1186 3294 1231 3358 ila
1254 3294 1337 3378 quod

169 3410 194 3472 ei
214 3411 387 3496 deputetur
410 3413 542 3478 exilium
565 3414 618 3478 vel
643 3414 707 3478 alia
729 3414 874 3499 legitima
900 3434 1004 3499 poena
1026 3416 1186 3480 inferatur
1209 3438 1239 3479 s.
1266 3418 1337 3482 Hoc

168 3544 256 3619 caput
277 3536 345 3602 late
370 3538 576 3622 exposuimus
598 3537 673 3602 Vol.
699 3537 759 3611 ΙΙΙ,
783 3558 814 3602 n.
843 3538 915 3604 183.
