3350 5100
625 351 835 408 sucessuum
857 351 906 400 vl.
1292 331 1360 399 635

265 474 450 545 Comperente
474 475 503 530 in
526 474 610 529 Gurie
635 474 787 544 episcopali
813 473 933 529 Domino
949 475 983 532 Ν,
1003 489 1067 540 rso,
1084 473 1166 528 iussit
1189 472 1359 528 reverendus

174 581 209 636 N.
228 581 357 638 Vicerins
376 581 522 639 Generalis
544 582 634 640 sidem
659 583 701 638 rei
726 581 785 652 legi
810 580 937 652 capitula
962 597 1012 651 pro
1037 581 1098 636 fisci
1120 585 1200 650 perte
1222 579 1360 645 exhibite,

173 705 246 760 quse
264 693 330 744 sunt
348 691 455 745 tenoris
473 691 632 761 sequentis·
644 689 792 745 videlicet:
812 689 914 744 Piscem
927 691 1056 760 penitet
1077 699 1213 760 quatenus
1235 698 1359 758 κεραίαν

171 799 295 866 probare
313 798 432 851 intendit
453 797 475 852 l.
545 797 618 850 2...
634 800 686 852 cic
706 796 900 876 Interrogatus
918 799 1013 851 eutem
1031 815 1050 851 e
1066 797 1245 865 iudicereus
1268 796 1360 868 quoad

174 903 296 974 singule,
313 905 409 959 omnic
427 904 543 975 negavit
560 903 618 974 (vel
637 904 732 959 omnis
752 905 868 976 negavit
885 908 999 974 prester
1015 905 1034 958 5
1051 907 1081 960 et
1097 902 1139 976 7).

262 1011 368 1073 Quibus
386 1011 492 1067 habitis
509 1011 650 1081 responsis
669 992 720 1076 rei,
737 1010 863 1067 decrevit
882 1010 1052 1066 reverendus
1070 1011 1104 1064 N.
1117 1009 1248 1064 Viceriue
1265 1008 1359 1065 Gene-

172 1117 241 1172 rslis
261 1135 422 1188 processum
440 1117 584 1190 hucusque
603 1118 732 1173 habitum
753 1118 908 1187 publicare.

259 1224 469 1296 consequenter
488 1223 521 1279 de
540 1223 628 1293 ipsius
646 1222 786 1289 mundato,
806 1223 882 1278 lecte
899 1226 966 1278 sunt
983 1222 1044 1277 elia
1066 1239 1136 1281 vocs
1162 1227 1227 1278 ecte
1250 1222 1358 1288 omnim

173 1348 229 1404 quo
247 1335 372 1402 peracto,
390 1331 516 1387 decrevit
533 1329 606 1386 idem
626 1330 795 1386 reverendus
813 1329 943 1384 Vicurins
961 1330 1107 1386 Generalis
1131 1347 1290 1401 processum
1308 1346 1359 1401 pro

172 1438 316 1510 publicato
334 1443 364 1494 et
382 1437 448 1492 hinc
467 1436 628 1508 legitimum
648 1453 708 1492 esse
727 1436 896 1492 habendum.
916 1437 989 1492 Acte
1007 1442 1073 1492 sunt
1090 1437 1161 1496 hecc
1179 1437 1260 1493 die...
1281 1455 1358 1494 men·

174 1543 247 1597 sie...
272 1548 325 1598 stc.
346 1543 417 1598 Dein
435 1558 484 1597 rec
503 1541 547 1597 vei
567 1543 628 1597 eius
646 1542 786 1597 defensori
805 1541 968 1597 conceditur
986 1541 1108 1597 facultas
1127 1541 1256 1611 legendi,
1274 1558 1360 1612 penes

173 1645 377 1702 Cunceileriem
395 1645 554 1714 tribunalis,
574 1649 653 1708 ecta;
672 1645 718 1700 vei
737 1645 771 1698 ed
791 1645 852 1700 eius
870 1645 1036 1699 instantium
1055 1649 1085 1700 et
1110 1661 1260 1715 expensus,
1278 1645 1359 1715 copie

173 1753 337 1809 authentice
356 1757 493 1807 actorum.

173 2041 290 2090 ronne
311 2041 463 2089 rursum
487 2039 774 2089 Pnonoesrrosun
798 2040 946 2088 resnou
970 2003 1365 2103 nerens0n11,nssroun

265 2165 480 2214 concursum
504 2165 573 2213 vnn
596 2165 797 2218 censemur
819 2164 886 2212 msc
908 2165 977 2212 non
992 2166 1014 2211 s
1038 2165 1279 2212 nsnsesrrous
1301 2164 1359 2212 sr-

266 2291 448 2354 russeum,

264 2499 364 2557 Coram
376 2499 532 2557 reverendo
545 2501 578 2555 N.
590 2500 704 2556 Vicerio
716 2499 848 2557 Genercli
868 2505 1012 2572 comperet
1031 2500 1165 2557 Dominus
1178 2501 1211 2555 Ν.
1225 2505 1359 2572 petronus

175 2607 285 2663 Domini
303 2607 337 2661 N.
357 2607 398 2663 rei
416 2612 447 2663 et
468 2608 540 2677 petit
563 2608 710 2679 prorogari
734 2607 887 2662 terminum
910 2612 975 2661 octo
1000 2606 1123 2674 dierum,
1141 2625 1192 2663 suc
1211 2607 1358 2678 principali

174 2730 344 2781 concessum,
358 2732 441 2785 quem
460 2714 544 2768 nimis
562 2715 646 2793 breve
659 2730 727 2781 sese,
741 2715 777 2767 ob
791 2712 940 2768 nonnullus
953 2715 988 2768 eb
1010 2730 1043 2770 eo
1060 2714 1209 2784 productus
1225 2714 1359 2780 rationes,

172 2820 326 2875 contendit.
350 2818 428 2881 Ques
456 2819 556 2890 petitio
581 2818 671 2875 eidem
704 2818 860 2875 reverendo
885 2817 1000 2873 Vicerio
1024 2819 1156 2875 Genereli
1182 2819 1360 2875 rationabilis

171 2927 233 2981 vite
251 2932 306 2992 est3
324 2902 498 2998 utsupropter
515 2942 549 2981 ss
568 2926 591 2979 ei
611 2930 640 2981 et
658 2926 689 2980 in
707 2930 844 2999 quantum
869 2930 1031 2996 acceptata,
1049 2927 1195 2998 praecepit
1213 2927 1358 2996 prorogari

173 3033 324 3091 terminum
350 3034 384 3087 ed
409 3032 480 3087 elios
503 3014 568 3105 octo
593 3033 665 3099 dies,
690 3033 892 3103 computandos
917 3034 1078 3089 immediate
1103 3052 1120 3088 e
1144 3038 1270 3105 tempore
1294 3038 1360 3089 octo

173 3140 281 3196 dierum
294 3140 371 3211 prius
383 3140 589 3212 assignatorum
603 3140 738 3211 expirato.
751 3142 823 3194 Acts
836 3144 903 3195 sunt
915 3140 985 3196 haec
996 3141 1081 3196 die...
1093 3141 1232 3197 mensis...
1245 3157 1319 3195 enno

919 3282 980 3354 Ego
999 3283 1034 3338 Ν.
1056 3282 1187 3338 vicarius
1204 3282 1358 3339 Generalis.

915 3391 976 3462 Ego
994 3391 1029 3446 N.
1048 3392 1210 3446 Actuerius.

264 3568 294 3623 Si
312 3568 395 3623 iudex
414 3568 641 3638 prorogationem
660 3568 781 3639 deneget
799 3568 884 3623 scribi
905 3570 1009 3639 poterit
1027 3568 1057 3624 in
1074 3568 1149 3623 hunc
1166 3569 1288 3624 modum.
1359 3596 1363 3603 ·

264 3676 364 3731 (iorem
416 3675 460 3746 (ut
471 3692 651 3747 supinusque
664 3675 700 3730 sd
714 3676 876 3747 conteuti).
888 3676 1038 3731 Preefetus
1048 3692 1117 3731 vcro
1129 3676 1259 3731 Vicsriue
1270 3674 1359 3731 Gens·

174 3784 243 3839 reiis
261 3783 435 3854 perpendens
453 3799 552 3837 causes
570 3782 705 3837 adductus
723 3798 779 3837 non
803 3799 865 3838 esse
889 3782 1041 3852 legitimus,
1060 3786 1091 3839 et
1108 3783 1273 3854 petitionem
1296 3783 1360 3837 fieri

173 3895 283 3945 tentum
303 3890 337 3944 ed
356 3888 575 3960 protrahendum
593 3888 736 3957 iudicium,
758 3889 930 3959 postulatum
956 3889 1183 3959 prorogationem
1208 3889 1361 3959 denegavit

173 4001 204 4052 et
222 4000 394 4067 protestatus
412 3995 546 4067 estquod
565 3996 590 4049 si
609 3996 637 4049 in
658 4000 784 4065 tempore
803 3996 949 4067 assignato
966 3995 1141 4052 defensiones
1160 4011 1217 4049 non
1235 3998 1360 4065 preoste-

174 4102 502 4171 buntur‚nn11ehcbite
520 4102 631 4159 ratione
652 4100 776 4164 illerum.
795 4102 830 4157 sd
849 4102 987 4159 ulteriore
1005 4103 1180 4173 procedetur.
1199 4103 1272 4158 Actu
1295 4106 1362 4159 suut

173 4208 244 4265 heec
262 4209 345 4265 die...
368 4208 507 4263 mensis...
530 4195 640 4263 enno...

921 4314 982 4386 Ego
1000 4314 1035 4369 N.
1055 4314 1186 4370 Viceriue
1205 4314 1362 4372 Generalis·

915 4420 976 4492 Ego
993 4421 1029 4477 N.
1048 4422 1210 4477 Artemius.
