3350 5100
365 299 430 366 394
875 320 959 367 runs
983 319 1033 366 ιιι.

364 441 453 520 libus,
464 444 576 507 innixa
592 441 770 508 rationibus
786 449 836 508 est
850 444 994 527 quaestio
1016 443 1171 510 incidens
1184 461 1205 507 a
1220 441 1325 508 iudice
1344 440 1531 507 definienda
1625 424 1627 429 ¹

366 569 402 632 ln
418 585 570 653 processu
595 567 806 636 oeconomico
830 569 931 634 satius
954 572 1004 633 est
1020 571 1055 634 ut
1070 569 1132 633 iste
1154 569 1306 632 examine
1319 573 1355 632 et
1370 573 1445 633 eota
1466 583 1533 651 pro·

363 693 523 759 cessuelia
553 693 746 778 expleantur
776 713 796 757 a
825 692 931 759 iudice
960 693 1173 769 instructore,
1205 694 1257 777 qui
1290 712 1355 757 non
1388 698 1535 756 censetur

364 819 658 904 explevisse'snum
683 838 797 884 munus
819 837 986 903 quousque
1015 838 1186 904 processus
1215 818 1388 883 instructio
1412 837 1477 880 non
1499 819 1536 880 sit

364 951 489 1010 matura
513 945 693 1009 sententiae
708 941 901 1009 definitivae.
919 979 938 992 -
956 943 1084 1009 Modum
1100 946 1277 1030 practicnm
1298 949 1332 1010 et
1353 943 1535 1028 expeditum

364 1069 502 1134 faciendi
527 1069 802 1156 lepitimutioaern
826 1071 919 1135 iussit
942 1070 1019 1134 Pius
1036 1071 1100 1135 Vll
1126 1071 1233 1135 const.
1258 1069 1537 1135 posuissemus

363 1194 431 1259 diei
446 1193 496 1259 30
514 1192 695 1275 detrude,
712 1193 842 1258 edicerm
859 1213 1045 1279 processum
1061 1193 1245 1280 lepitimari
1260 1193 1392 1277 duplici
1406 1197 1535 1260 ratione.

363 1317 481 1383 Primo
505 1337 564 1403 per
580 1317 756 1403 simplicem
772 1318 948 1384 lectionem
963 1318 1215 1384 attestuuonum
1230 1316 1351 1382 iactam
1367 1337 1428 1381 reo
1444 1317 1537 1400 inqui·

362 1445 423 1507 sito
446 1463 506 1528 per
521 1443 750 1508 cancellarium
767 1463 806 1507 eo
821 1443 956 1508 consilio
971 1449 1007 1508 ut
1023 1463 1097 1508 reus
1112 1450 1253 1528 opponat
1266 1443 1430 1527 quaslibet
1444 1462 1537 1506 exce-
1625 1470 1626 1495 i

363 1570 497 1655 ptiones
514 1571 583 1632 sive
598 1569 629 1632 in
655 1569 755 1652 ipsam
770 1568 1017 1640 attestationem,
1034 1570 1151 1633 sivein
1168 1588 1339 1653 personam
1354 1571 1458 1633 testis.
1476 1569 1537 1633 Ista

363 1693 560 1780 tepitimutio
583 1693 668 1759 dicto
692 1699 741 1758 est
762 1696 822 1779 per
845 1693 1153 1776 confroatotionem
1177 1713 1359 1761 vnnssueu
1382 1700 1421 1760 et
1442 1697 1535 1780 patet.

362 1820 477 1902 quoad
500 1815 733 1900 substantium,
751 1839 814 1883 non
831 1815 965 1884 differre
985 1819 1260 1904 elegitimatione‚
1277 1839 1359 1904 quae
1373 1819 1537 1884 obtinetur

363 1964 422 2028 per
438 1943 705 2027 'publicationem
729 1965 910 2030 processus,
930 1946 1021 2010 cuius
1041 1950 1115 2010 acta
1134 1964 1193 2030 per
1216 1965 1260 2019 se,
1284 1951 1342 2010 eut
1362 1965 1426 2030 per
1447 1965 1535 2009 suum

362 2069 550 2134 advocatum
567 2069 753 2154 perlegendi
771 2070 925 2136 facultate
941 2070 1040 2159 pollet
1055 2052 1233 2155 inquisitus.
1252 2105 1269 2118 -
1289 2072 1446 2154 Apposita
1460 2089 1536 2135 vero

362 2196 480 2282 prodiit
501 2195 656 2279 formula
671 2202 856 2281 nuncupata
874 2216 891 2259 ‹
906 2195 1062 2278 formula
1082 2197 1334 2283 tepitimotionis
1353 2215 1421 2279 per
1442 2199 1535 2262 tectu

360 2340 439 2386 rom
463 2321 663 2386 eearntnum
689 2320 820 2386 testium
837 2343 868 2382 ».
887 2321 990 2386 Huius
1013 2327 1109 2385 tenor
1128 2322 1183 2385 hic
1198 2325 1270 2386 erat
1292 2323 1486 2407 praecipuus
1503 2327 1536 2386 ut

362 2447 543 2530 inquisitum
570 2451 726 2518 moneret,
747 2446 839 2510 istam
862 2445 1033 2511 lectionem
1056 2441 1205 2511 effectum
1229 2465 1348 2531 parere
1371 2445 1534 2531 lapitens-
1625 2470 1626 2525 3

360 2572 460 2639 tionis
484 2578 516 2636 et
539 2572 672 2656 proinde
696 2572 829 2656 posthac
855 2590 911 2634 reo
934 2570 1121 2636 facultatem
1145 2591 1209 2635 non
1233 2578 1420 2656 competere
1444 2590 1534 2655 expe

360 2695 449 2761 tendi
469 2696 702 2779 repetitionem
726 2697 854 2760 testium
878 2694 918 2759 ad
942 2696 1215 2780 legitimationem.

450 2822 629 2887 Praeterea
651 2822 762 2887 attera
784 2820 932 2885 ordinata
955 2821 1017 2886 fuit
1039 2821 1179 2885 formula
1201 2826 1403 2907 nuncupata:
1425 2842 1445 2881 ‹
1464 2820 1532 2903 for·
1625 2895 1626 2898 Ἴ

280 3028 285 3033 ¹
359 2944 718 3030 muloteqitimationis
727 2963 1029 3027 perrensounnnu
1041 2944 1532 3026 confrontutioaemtestiums.
1625 2949 1626 2974 ³

360 3069 444 3135 Sane
467 3073 499 3133 in
524 3070 729 3155 gravioribus
760 3071 898 3155 negotiis
928 3070 1130 3155 recognitum
1162 3075 1225 3151 est,
1249 3072 1434 3155 inquisitum
1465 3072 1532 3134 iure

359 3196 475 3261 merito
507 3197 715 3281 expostulare
748 3196 967 3277 personalem
998 3193 1307 3277 confrontutionem
1336 3197 1465 3261 testium
1494 3192 1532 3257 ad

359 3322 599 3407 legitimandum
623 3342 809 3409 processum
833 3321 1076 3406 iaquisitionem.
1100 3322 1203 3387 Huius
1226 3340 1353 3406 quoque
1376 3322 1532 3387 formulae
1625 3347 1626 3398 p

357 3452 453 3511 tenor
468 3452 571 3519 cavet,
588 3453 659 3531 post
683 3446 768 3511 hanc
791 3446 1085 3511 confrontstionem
1110 3464 1295 3530 processum
1316 3443 1430 3509 haberi
1453 3446 1528 3509 irre·
1625 3521 1626 3538 χ

359 3570 950 3657 vocabilitertepiumatum.Haeret.
964 3570 1203 3654 sponsumve
1219 3570 1528 3653 curassemus.

360 3697 473 3771 Hodie,
491 3699 536 3762 uti
553 3698 615 3762 iarn
632 3696 768 3770 adverti,
786 3716 956 3782 processus
972 3718 1030 3782 per
1041 3696 1307 3780 publicationem
1326 3698 1528 3784 legitimatus,

304 3798 311 3817 ⁸
359 3832 391 3891 et
414 3826 651 3909 confrontatiq
668 3825 718 3889 vel
744 3826 873 3890 testium
897 3826 982 3889 inter
1004 3845 1050 3905 se,
1066 3825 1120 3890 vel
1143 3844 1216 3889 cum
1232 3826 1383 3910 inquisito
1399 3827 1529 3891 inservit

358 3948 396 4013 ad
421 3950 592 4015 veritatem
616 3949 760 4013 intimius
782 3947 1006 4033 detegendam.

447 4074 490 4139 Et
512 4076 544 4137 in
569 4074 630 4137 hoc
653 4072 745 4137 adest
773 4067 958 4137 differentia
989 4070 1208 4138 substantiolis
1231 4074 1317 4138 inter
1347 4092 1525 4157 processum

358 4199 538 4265 ordinatum
563 4200 626 4264 hac
651 4200 868 4264 Instructione
890 4204 923 4263 et
946 4218 1131 4283 processum
1156 4200 1227 4264 cod.
1251 4200 1304 4287 cit.
1328 4201 1526 4283 Gregorisno
1625 4251 1626 4290 3

358 4324 574 4394 constitutum,
600 4323 674 4405 quia
698 4324 728 4385 in
754 4322 816 4386 hoc
840 4320 961 4401 codice,
979 4340 1042 4384 non
1063 4342 1157 4386 secus
1178 4323 1272 4386 acin
1297 4320 1458 4386 codicibus
1477 4320 1525 4383 ho·
1625 4321 1626 4324 ’

238 4436 240 4439 ’
358 4448 478 4513 diernis
502 4445 658 4519 civilibus,
684 4448 872 4533 legitimatio
896 4466 1067 4532 processus
1091 4449 1262 4530 inquisitivi
1287 4445 1323 4512 fit
1344 4448 1525 4511 solemniter
1625 4503 1626 4516 ,
