3350 5100
370 257 437 324 380
878 271 962 320 raus
991 272 1040 318 111.

369 398 441 465 fleri
456 405 570 486 potest,
584 401 643 485 ipsi
659 398 823 470 similibus,
839 397 987 463 adstante
1003 395 1290 463 dumtaxat'iudice
1305 397 1487 460 instructore
1496 404 1524 457 et

368 529 559 593 actuario».
582 530 653 592 Art.
671 526 749 592 312:
774 524 839 604 Qui
855 526 1113 611 recognitionem
1129 524 1240 589 iacere
1262 523 1366 594 debet,
1381 523 1525 587 detinetur

369 652 401 716 in
413 651 484 716 loco
500 658 649 738 separato
660 651 741 716 adeo
754 656 790 716 ut
801 653 987 736 perspicere
998 669 1063 716 non
1075 651 1175 734 possit
1189 649 1272 732 quod
1288 649 1525 733 praeparaturin

367 778 470 843 altero
486 780 557 844 loco
573 778 625 843 ubi
643 777 873 863 recognitionis
887 775 944 844 liet
958 777 1216 862 experimentum
1230 796 1260 838 r.
1278 776 1348 839 Art.
1362 773 1435 839 313:
1453 793 1469 834 ‹
1484 774 1525 836 ln-

365 905 500 987 quisitus
524 905 572 968 ius
595 904 693 969 habet
715 903 872 988 seligendi
895 902 1012 983 iocum,
1036 921 1130 986 quem
1154 902 1285 982 mavult,
1308 900 1381 965 dum
1396 895 1528 964 secilert

365 1047 438 1095 cum
465 1030 535 1096 aliis
567 1032 759 1095 commixtus
790 1029 1020 1113 recognitioni;
1045 1025 1140 1092 etde
1171 1026 1233 1092 hoc
1263 1025 1337 1091 iure
1367 1024 1528 1091 monendus

364 1157 483 1216 est...»
511 1154 582 1218 Art.
608 1151 691 1217 316:
719 1153 815 1226 ‹Qui
840 1151 881 1217 ad
903 1153 1160 1237 recognitionem
1191 1149 1372 1215 faciendam
1400 1147 1527 1218 accedit,

250 1327 252 1331 -
364 1298 461 1361 quum
476 1279 559 1343 sistit
574 1279 605 1342 in
623 1279 694 1344 loco
718 1279 932 1364 experimenti
953 1279 1175 1370 interrogatur
1190 1297 1232 1342 an
1248 1295 1291 1342 ex
1306 1277 1451 1361 personis
1466 1274 1529 1337 eins
1555 1331 1558 1334 ,

363 1401 575 1486 recognitioni
585 1402 711 1468 ‘oblatis
726 1402 866 1486 aliquem
882 1408 1058 1488 cognoscat
1074 1406 1108 1468 et
1122 1407 1241 1482 utrum,
1258 1401 1344 1464 inter
1360 1399 1440 1478 illas,
1454 1396 1529 1462 adsit

363 1523 511 1609 persona,
536 1547 630 1611 quam
662 1529 694 1592 in
726 1529 791 1593 suis
822 1527 1079 1594 attestationibus
1105 1526 1333 1612 indigitavit».
1359 1525 1430 1591 Art.
1452 1522 1527 1587 317:

365 1672 383 1713 ‹
399 1649 432 1716 Si
456 1654 651 1738 respondeat
665 1674 700 1719 se
716 1673 759 1720 ex
775 1655 839 1719 illis
855 1675 920 1720 non
936 1673 1137 1740 cognoscere
1151 1671 1323 1738 personam
1337 1672 1358 1716 a
1373 1672 1409 1716 se
1422 1669 1527 1722 memo-

362 1785 476 1850 ratam,
501 1781 666 1865 responsio
689 1781 727 1849 in
749 1781 833 1848 actis
856 1781 1002 1846 refertur
1024 1801 1088 1866 qua
1110 1799 1266 1866 expresse
1288 1781 1359 1865 ipse
1383 1778 1526 1846 declaret

360 1921 396 1967 se
418 1909 479 1968 ont
503 1904 634 1970 nescire
660 1911 722 1971 ont
745 1923 816 1972 non
836 1925 938 1989 posse
964 1924 1176 1991 cognoscere,
1200 1911 1261 1971 ant
1283 1910 1374 1971 certe
1395 1923 1465 1970 non
1487 1901 1528 1968 sa·

360 2026 478 2094 adesse
491 2047 686 2112 peremant,
702 2031 745 2096 de
760 2050 829 2116 gno
846 2037 984 2098 testulus
998 2037 1046 2096 est
1063 2053 1094 2096 a.
1110 2022 1182 2096 Art.
1200 2029 1284 2096 318:
1303 2049 1321 2092 ‹
1337 2029 1372 2096 Si
1388 2035 1528 2095 econtra
1618 2108 1619 2119 ἵ

360 2153 573 2238 respondebit,
591 2175 626 2220 se
643 2176 879 2242 recognoscere
902 2177 1073 2243 personam
1098 2159 1131 2221 in
1151 2160 1300 2223 examine
1316 2165 1527 2224 memoratam.

359 2275 560 2362 significabit,
576 2299 619 2344 an
635 2280 698 2346 hoc
713 2289 840 2348 asserat
862 2285 949 2348 omni
972 2283 1085 2368 procul
1099 2282 1205 2358 dubio,
1222 2285 1276 2348 rel
1292 2304 1357 2348 non
1377 2285 1449 2349 sine
1463 2286 1528 2349 hae
1618 2374 1619 2397 Χ

358 2402 517 2468 sitatione.
542 2404 762 2472 Cancellarius
785 2407 832 2471 illi
856 2409 978 2474 iussum
999 2409 1100 2474 faciat
1125 2409 1171 2473 ita
1197 2408 1436 2474 determinandi
1462 2429 1526 2496 per·

357 2547 469 2595 sonam
499 2535 534 2595 ut
565 2530 645 2598 haec
676 2533 788 2600 eadem
821 2535 939 2621 optime
973 2535 1148 2621 intelligat,
1181 2536 1214 2600 in
1245 2537 1347 2622 ipsam
1378 2537 1528 2603 cecidisse

357 2655 611 2739 recognitionem
634 2665 668 2723 et
690 2678 756 2723 non
778 2661 811 2723 in
835 2661 976 2745 aliquem
999 2681 1041 2726 ex
1064 2662 1136 2727 aliis
1158 2660 1281 2727 duobus
1303 2682 1333 2725 a.
1356 2663 1390 2728 Si
1413 2669 1529 2729 ateste

356 2776 412 2843 flat
434 2780 589 2846 eiusmodi
613 2785 870 2867 experimentum
894 2786 1144 2869 recognitiones.
1169 2784 1227 2869 (ait
1242 2792 1303 2851 art.
1321 2788 1400 2873 315)
1425 2789 1529 2872 exqui·
1618 2855 1619 2866 ¹

356 2904 439 2968 ritur
466 2910 562 2971 antea
586 2909 810 2981 iuramentum,
835 2912 860 2973 si
885 2930 964 2974 vero
987 2911 1027 2976 ab
1050 2918 1258 2995 accusatore,
1281 2934 1301 2978 a
1324 2918 1526 2999 querelans.

355 3028 569 3096 iuramentum
594 3052 658 3097 non
682 3034 914 3118 expostulatur.
940 3036 1031 3102 Haec
1055 3039 1268 3123 praescriptio
1297 3040 1460 3105 servanda
1481 3046 1528 3105 est
1618 3011 1619 3106 i

355 3153 451 3219 etiam
474 3156 507 3218 in
531 3154 602 3220 foro
626 3157 741 3223 eccles.
765 3162 809 3223 uti
832 3178 932 3244 supra
947 3159 1121 3226 docuimus.
1141 3197 1158 3210 -
1178 3162 1265 3228 Idem
1288 3165 1526 3250 recognitiones

355 3280 435 3344 ritus
465 3280 657 3349 observatur
681 3285 713 3348 in
737 3286 1013 3371 recognitionibus
1042 3288 1192 3355 realibus
1221 3309 1279 3354 seu
1302 3291 1335 3353 in
1356 3290 1452 3373 ipsos
1473 3311 1524 3357 res

353 3406 569 3482 vertentibns3
594 3427 696 3491 quare
719 3430 757 3473 ea
781 3416 905 3476 tantum
929 3418 978 3477 est
1000 3410 1194 3485 differentia,
1212 3416 1243 3478 in
1268 3416 1424 3481 eiusmodi
1441 3436 1522 3481 neco

352 3530 505 3613 gnitione
522 3552 578 3597 res
589 3534 802 3609 communae,
816 3538 905 3602 inter
916 3558 952 3602 se
963 3508 1153 3607 conantes
1165 3538 1276 3605 offerri
1292 3544 1519 3629 recognitioni
