3350 5100
266 371 272 379 .
325 311 393 378 536
832 331 917 378 enas
947 331 997 378 111.

326 455 482 518 Assessor
504 472 544 518 ea
568 452 674 519 refert
697 459 854 520 oretenus
877 471 959 537 quae
982 459 1078 518 antea
1100 455 1132 517 in
1156 454 1292 536 seriptis
1316 453 1419 516 relata
1443 471 1507 515 non

325 577 391 642 sint
414 574 466 638 vel
488 575 576 660 typis
600 575 695 648 edita,
711 577 820 661 prouti
844 575 921 641 dixi.
945 576 1023 642 cum
1045 595 1172 661 semper
1195 575 1365 641 admodum
1389 592 1508 660 graves

327 701 368 766 H.
393 700 426 766 S.
449 699 484 768 c.
509 697 690 766 afferantur
721 703 943 785 quaestiones,
970 703 1179 787 respicientes
1210 703 1312 788 (idem
1336 705 1369 767 et
1395 717 1508 766 mores

326 824 443 890 adsunt
464 843 601 891 numero
631 826 742 911 plures
766 825 972 892 consultores
995 847 1038 892 ex
1061 833 1197 910 utroque
1220 827 1311 890 clero
1333 824 1460 890 adlecti.
1486 857 1506 872 -
1542 827 1546 832 ’

329 949 500 1014 Vocantur
530 955 638 1017 autem
666 949 920 1037 castificatores
942 953 994 1034 qui
1023 971 1082 1036 pro
1111 948 1334 1015 examinandis
1359 948 1451 1014 libris
1474 953 1509 1010 et

326 1073 483 1139 doctrinis
505 1074 693 1158 specialiter
715 1075 919 1160 deputantur.
937 1083 970 1140 at
994 1077 1044 1139 isti
1067 1077 1100 1139 in
1124 1072 1351 1160 congressibus
1371 1071 1508 1140 consul-

325 1203 431 1263 torum
455 1203 581 1284 partem
604 1217 670 1262 non
693 1198 823 1266 habent.

414 1321 491 1390 529.
515 1323 566 1389 Ad
592 1329 751 1389 maturam
775 1327 979 1411 negotiorum
1002 1323 1266 1390 deliberationem
1290 1331 1461 1408 antequam
1486 1343 1508 1388 a

326 1447 358 1512 S.
384 1418 542 1512 Ponticae
564 1453 740 1535 expetatur
766 1445 932 1512 definitiva
963 1451 1132 1522 sententia,
1155 1450 1269 1530 pnmo
1293 1447 1432 1512 habetur
1455 1446 1508 1512 die

276 1550 282 1561 κ
326 1568 456 1636 Sabbati
479 1570 681 1657 congressus
705 1573 755 1636 cui
780 1574 941 1638 intersunt
965 1570 1131 1645 Assessor,
1156 1571 1409 1643 Commissarius‚
1428 1570 1510 1634 Pro·

325 1699 459 1761 curator
483 1695 626 1768 Fiscelis,
647 1697 776 1760 Primus
791 1696 904 1762 Socius
919 1701 952 1763 et
977 1696 1128 1760 Notarius
1147 1695 1199 1760 vel
1223 1714 1305 1760 unus
1325 1715 1367 1759 cx
1391 1693 1509 1759 substi-

327 1822 417 1898 tutis;
433 1827 466 1887 et
480 1821 523 1886 ibi
538 1827 756 1907 praeparatur
772 1823 972 1906 negotiorum
990 1822 1152 1907 expeditio
1168 1829 1202 1888 et
1217 1820 1408 1888 ordinantur
1424 1841 1509 1904 quae

325 1947 491 2030 pertinent
513 1945 554 2010 ad
577 1946 764 2011 eorumdem
788 1949 1043 2027 instructionem,
1061 1952 1172 2032 utputa
1196 1947 1444 2031 expostulentur
1466 1945 1509 2011 ab

327 2069 495 2155 Episcopis
518 2070 765 2136 informationes
788 2072 841 2136 vel
866 2092 949 2136 nova
973 2077 1059 2138 acto.
1078 2071 1156 2134 Dein
1176 2070 1338 2136 habentur
1352 2071 1414 2135 duo
1430 2089 1508 2144 cone

270 2270 275 2280 ¹
326 2198 444 2259 ventus
467 2214 602 2278 quorum
627 2215 710 2260 unus
733 2203 783 2260 est
805 2199 1069 2281 praeparatorius
1084 2202 1116 2260 et
1140 2201 1276 2262 vocatur
1292 2197 1509 2282 congregatio

328 2318 570 2393 consultorum
584 2317 761 2402 eademque
773 2318 913 2383 habetur
925 2322 958 2383 in
971 2320 1097 2405 singula
1108 2319 1309 2385 hebdomada
1321 2321 1353 2384 in
1366 2319 1450 2384 feria
1463 2319 1508 2393 ΙΙ,

327 2447 361 2508 et
390 2441 466 2506 huic
500 2445 690 2528 congressui
722 2444 893 2522 Assossor,
926 2444 1187 2518 commissarius,
1217 2449 1250 2510 et
1283 2443 1508 2519 Oonsidtores‚

326 2568 513 2633 Advocatus
538 2569 674 2634 Fiscelis
697 2573 730 2633 et
753 2570 934 2652 Summista,
959 2575 1120 2654 tamquam
1136 2572 1309 2643 actuarius,
1335 2572 1507 2637 intersunt.

328 2698 365 2760 ln
389 2695 445 2761 teli
469 2716 647 2781 congressu
677 2696 832 2781 leguntur
863 2715 1049 2781 processus,
1075 2698 1228 2782 epistolae
1256 2696 1507 2762 Ordinariorum

327 2821 482 2886 locorum
495 2826 528 2884 et
539 2824 711 2885 sumuntur
722 2818 971 2886 deliberationes
984 2840 1025 2885 ex
1038 2822 1197 2887 sententia
1214 2822 1265 2885 vel
1282 2821 1322 2885 de
1338 2827 1413 2886 voto
1426 2822 1508 2887 con·

326 2942 494 3015 scitorum,
519 2942 738 3008 subiiciendae
761 2948 873 3027 postea
897 2944 1146 3029 congregationi
1172 2942 1399 3009 cardinalium.
1427 2945 1507 3009 Nam

327 3066 403 3132 dein
427 3068 460 3132 in
478 3066 564 3133 feria
578 3067 628 3131 IV
645 3066 783 3132 babetur
800 3068 1018 3134 cardinalium
1045 3070 1273 3151 inquisitorum
1290 3068 1509 3155 congregatio

327 3193 360 3253 in
388 3210 451 3274 qua
473 3192 629 3257 Assessor
656 3193 762 3267 refert
788 3193 828 3257 de
852 3193 998 3258 omnibus
1029 3196 1166 3279 negotiis
1194 3196 1226 3257 in
1252 3194 1335 3258 teria
1365 3193 1510 3259 secunda

326 3315 458 3399 agitatis
481 3320 514 3379 et
536 3314 722 3381 deliberatis
745 3335 828 3400 quae
851 3317 1059 3401 expostulant
1084 3320 1214 3384 cratem
1239 3319 1439 3382 relationem.
1457 3316 1509 3401 Ad

327 3436 411 3502 hanc
439 3441 725 3525 congregationem
753 3441 961 3507 consultores
990 3461 1116 3526 quoque
1147 3444 1258 3507 vocari
1290 3442 1448 3513 solebant,
1473 3443 1509 3506 in

326 3583 390 3647 qua
412 3563 508 3628 hodie
531 3564 644 3629 sedent
661 3565 906 3631 commissarius
923 3566 1058 3631 Fiscelis
1082 3571 1115 3631 et
1140 3568 1299 3631 Notarius.
1318 3566 1410 3632 Haec
1427 3586 1510 3631 voro

327 3687 544 3772 Congregatio
563 3686 771 3771 distinguitur
794 3689 826 3751 in
851 3694 1015 3754 secretam
1039 3696 1072 3752 et
1090 3688 1285 3770 publicatam
1300 3696 1333 3753 et
1350 3687 1510 3771 publicae

327 3802 453 3895 partem
476 3811 575 3878 babet
598 3812 693 3876 etiam
718 3811 858 3878 Primus
885 3832 903 3876 e
927 3814 1028 3879 Sociis
1052 3815 1278 3879 commissarii.
1307 3816 1344 3877 ln
1367 3811 1511 3895 publico

326 3941 432 3999 autem
450 3942 676 4021 proponuntur
691 3956 731 4000 ea
746 3939 810 4000 iam
833 3937 940 4003 relata
958 3939 991 4001 in
1008 3942 1169 4005 conventu
1187 3938 1251 4003 DD.
1270 3938 1509 4004 consultorum.

328 4060 462 4124 Domum
485 4062 518 4125 in
542 4059 676 4125 feriaV
702 4080 811 4126 coram
836 4061 934 4127 88ῶο
958 4062 1174 4147 congregatio
1198 4062 1370 4147 aliquando
1394 4061 1511 4127 haberi

327 4185 409 4250 solet
421 4204 480 4267 pro
493 4186 629 4270 negotiis
643 4186 848 4271 gravioribus
865 4185 1083 4261 discutiendis,
1098 4193 1130 4252 et
1142 4186 1357 4273 approbandis
1369 4186 1512 4252 decretis

327 4308 430 4373 seriae
455 4309 522 4383 1V;
547 4313 678 4393 quaesi
703 4330 768 4373 uon
793 4310 966 4383 habeatur,
992 4310 1108 4375 relatio
1131 4310 1399 4375 deliberationum
1424 4309 1511 4375 Gon·

329 4432 529 4517 gregationis
544 4428 769 4497 cardinalium
784 4429 820 4497 tlt
835 4432 934 4498 SSmo
950 4451 1009 4517 per
1025 4436 1230 4499 Assossorem
1247 4433 1286 4498 ad
1304 4432 1511 4499 obtinendam
