<?xml version="1.0" encoding="UTF-8"?>
<!DOCTYPE html PUBLIC "-//W3C//DTD XHTML 1.0 Transitional//EN"
    "http://www.w3.org/TR/xhtml1/DTD/xhtml1-transitional.dtd">
<html xmlns="http://www.w3.org/1999/xhtml" xml:lang="en" lang="en">
 <head>
  <title>
</title>
<meta http-equiv="Content-Type" content="text/html;charset=utf-8" />
  <meta name='ocr-system' content='tesseract 3.04.00' />
  <meta name='ocr-capabilities' content='ocr_page ocr_carea ocr_par ocr_line ocrx_word'/>
</head>
<body>
  <div class='ocr_page' id='page_1' title='image "./praelectionesin00legagoog_0113.png"; bbox 0 0 3350 5100; ppageno 0'>
   <div class='ocr_carea' id='block_1_1' title="bbox 527 301 1335 370">
    <p class='ocr_par' dir='ltr' id='par_1_1' title="bbox 527 301 1335 370">
     <span class='ocr_line' id='line_1_1' title="bbox 527 301 1335 370; baseline -0.002 -2"><span class='ocrx_word' id='word_1_1' title='bbox 527 321 572 368; x_wconf 83' lang='lat' dir='ltr'><strong>ns</strong></span> <span class='ocrx_word' id='word_1_2' title='bbox 595 320 750 370; x_wconf 80' lang='lat' dir='ltr'><strong>unnicrrs</strong></span> <span class='ocrx_word' id='word_1_3' title='bbox 772 321 817 367; x_wconf 84' lang='lat' dir='ltr'><strong>nr</strong></span> <span class='ocrx_word' id='word_1_4' title='bbox 841 319 961 368; x_wconf 76' lang='lat' dir='ltr'><strong>nonnis</strong></span> <span class='ocrx_word' id='word_1_5' title='bbox 1268 301 1335 366; x_wconf 83' lang='lat'><strong>109</strong></span> 
     </span>
    </p>
   </div>
   <div class='ocr_carea' id='block_1_2' title="bbox 159 442 1341 2150">
    <p class='ocr_par' dir='ltr' id='par_1_2' title="bbox 159 442 1341 2150">
     <span class='ocr_line' id='line_1_2' title="bbox 246 442 1335 530; baseline 0.003 -24"><span class='ocrx_word' id='word_1_6' title='bbox 246 443 297 507; x_wconf 83' lang='lat'><strong>80.</strong></span> <span class='ocrx_word' id='word_1_7' title='bbox 316 445 354 507; x_wconf 90' lang='lat' dir='ltr'><strong>ln</strong></span> <span class='ocrx_word' id='word_1_8' title='bbox 365 442 449 508; x_wconf 91' lang='lat' dir='ltr'><strong>libro</strong></span> <span class='ocrx_word' id='word_1_9' title='bbox 462 445 504 516; x_wconf 84' lang='lat' dir='ltr'><strong>V,</strong></span> <span class='ocrx_word' id='word_1_10' title='bbox 518 445 648 512; x_wconf 87' lang='lat' dir='ltr'><strong>Decret.</strong></span> <span class='ocrx_word' id='word_1_11' title='bbox 662 445 761 530; x_wconf 86' lang='lat' dir='ltr'><strong>Greg.</strong></span> <span class='ocrx_word' id='word_1_12' title='bbox 776 445 835 524; x_wconf 88' lang='lat' dir='ltr'><strong>IX,</strong></span> <span class='ocrx_word' id='word_1_13' title='bbox 847 444 959 512; x_wconf 90' lang='lat' dir='ltr'><strong>titulus</strong></span> <span class='ocrx_word' id='word_1_14' title='bbox 972 444 1010 510; x_wconf 89' lang='lat'><strong>31</strong></span> <span class='ocrx_word' id='word_1_15' title='bbox 1027 443 1232 510; x_wconf 78' lang='lat' dir='ltr'><strong>inscribitur:</strong></span> <span class='ocrx_word' id='word_1_16' title='bbox 1251 463 1269 506; x_wconf 86' lang='lat'><strong>‹</strong></span> <span class='ocrx_word' id='word_1_17' title='bbox 1283 443 1335 509; x_wconf 88' lang='lat' dir='ltr'><strong>De</strong></span> 
     </span>
     <span class='ocr_line' id='line_1_3' title="bbox 163 567 1336 636; baseline -0.001 -3"><span class='ocrx_word' id='word_1_18' title='bbox 163 567 346 634; x_wconf 75' lang='lat' dir='ltr'><strong>eaoesstoas</strong></span> <span class='ocrx_word' id='word_1_19' title='bbox 367 567 610 636; x_wconf 84' lang='lat' dir='ltr'><strong>Praetatoram</strong></span> <span class='ocrx_word' id='word_1_20' title='bbox 632 577 665 636; x_wconf 85' lang='lat' dir='ltr'><strong>et</strong></span> <span class='ocrx_word' id='word_1_21' title='bbox 688 569 910 636; x_wconf 73' lang='lat' dir='ltr'><strong>Subditmum</strong></span> <span class='ocrx_word' id='word_1_22' title='bbox 927 591 956 634; x_wconf 83' lang='lat'><strong>›.</strong></span> <span class='ocrx_word' id='word_1_23' title='bbox 981 568 1078 636; x_wconf 85' lang='lat' dir='ltr'><strong>Cuius</strong></span> <span class='ocrx_word' id='word_1_24' title='bbox 1097 569 1180 634; x_wconf 88' lang='lat' dir='ltr'><strong>tituli</strong></span> <span class='ocrx_word' id='word_1_25' title='bbox 1197 569 1336 635; x_wconf 87' lang='lat' dir='ltr'><strong>intentio</strong></span> 
     </span>
     <span class='ocr_line' id='line_1_4' title="bbox 162 691 1334 777; baseline 0.003 -23"><span class='ocrx_word' id='word_1_26' title='bbox 162 695 208 756; x_wconf 86' lang='lat' dir='ltr'><strong>est</strong></span> <span class='ocrx_word' id='word_1_27' title='bbox 221 691 496 776; x_wconf 64' lang='lat' dir='ltr'><strong>comprehendere</strong></span> <span class='ocrx_word' id='word_1_28' title='bbox 510 693 569 758; x_wconf 91' lang='lat' dir='ltr'><strong>sub</strong></span> <span class='ocrx_word' id='word_1_29' title='bbox 584 694 640 760; x_wconf 88' lang='lat' dir='ltr'><strong>tali</strong></span> <span class='ocrx_word' id='word_1_30' title='bbox 658 692 789 760; x_wconf 80' lang='lat' dir='ltr'><strong>rubrica</strong></span> <span class='ocrx_word' id='word_1_31' title='bbox 804 713 845 758; x_wconf 89' lang='lat' dir='ltr'><strong>ea</strong></span> <span class='ocrx_word' id='word_1_32' title='bbox 860 694 967 758; x_wconf 91' lang='lat' dir='ltr'><strong>omnia</strong></span> <span class='ocrx_word' id='word_1_33' title='bbox 982 694 1121 758; x_wconf 92' lang='lat' dir='ltr'><strong>crimina</strong></span> <span class='ocrx_word' id='word_1_34' title='bbox 1136 712 1219 777; x_wconf 90' lang='lat' dir='ltr'><strong>quae</strong></span> <span class='ocrx_word' id='word_1_35' title='bbox 1235 692 1334 758; x_wconf 88' lang='lat' dir='ltr'><strong>Prae·</strong></span> 
     </span>
     <span class='ocr_line' id='line_1_5' title="bbox 161 813 1336 904; baseline 0.005 -28"><span class='ocrx_word' id='word_1_36' title='bbox 161 813 214 877; x_wconf 91' lang='lat' dir='ltr'><strong>lati</strong></span> <span class='ocrx_word' id='word_1_37' title='bbox 235 817 438 881; x_wconf 86' lang='lat' dir='ltr'><strong>committere</strong></span> <span class='ocrx_word' id='word_1_38' title='bbox 461 823 596 902; x_wconf 89' lang='lat' dir='ltr'><strong>possunt</strong></span> <span class='ocrx_word' id='word_1_39' title='bbox 618 838 677 902; x_wconf 88' lang='lat' dir='ltr'><strong>per</strong></span> <span class='ocrx_word' id='word_1_40' title='bbox 700 818 834 883; x_wconf 87' lang='lat' dir='ltr'><strong>abusum</strong></span> <span class='ocrx_word' id='word_1_41' title='bbox 865 839 942 885; x_wconf 92' lang='lat' dir='ltr'><strong>suae</strong></span> <span class='ocrx_word' id='word_1_42' title='bbox 964 818 1127 904; x_wconf 88' lang='lat' dir='ltr'><strong>legitimae</strong></span> <span class='ocrx_word' id='word_1_43' title='bbox 1151 819 1336 904; x_wconf 85' lang='lat' dir='ltr'><strong>potestatis;</strong></span> 
     </span>
     <span class='ocr_line' id='line_1_6' title="bbox 160 939 1336 1029; baseline 0.004 -26"><span class='ocrx_word' id='word_1_44' title='bbox 160 939 316 1014; x_wconf 87' lang='lat' dir='ltr'><strong>nimirum,</strong></span> <span class='ocrx_word' id='word_1_45' title='bbox 332 959 403 1026; x_wconf 86' lang='lat' dir='ltr'><strong>arg.</strong></span> <span class='ocrx_word' id='word_1_46' title='bbox 421 943 542 1024; x_wconf 82' lang='lat' dir='ltr'><strong>cap.1‚</strong></span> <span class='ocrx_word' id='word_1_47' title='bbox 567 943 599 1007; x_wconf 85' lang='lat' dir='ltr'><strong>b.</strong></span> <span class='ocrx_word' id='word_1_48' title='bbox 616 949 649 1024; x_wconf 85' lang='lat' dir='ltr'><strong>t,</strong></span> <span class='ocrx_word' id='word_1_49' title='bbox 672 945 725 1008; x_wconf 80' lang='lat' dir='ltr'><strong>vel</strong></span> <span class='ocrx_word' id='word_1_50' title='bbox 748 945 951 1029; x_wconf 81' lang='lat' dir='ltr'><strong>imponentes</strong></span> <span class='ocrx_word' id='word_1_51' title='bbox 971 943 1129 1010; x_wconf 85' lang='lat' dir='ltr'><strong>indebitas</strong></span> <span class='ocrx_word' id='word_1_52' title='bbox 1145 945 1336 1009; x_wconf 84' lang='lat' dir='ltr'><strong>exactiones</strong></span> 
     </span>
     <span class='ocr_line' id='line_1_7' title="bbox 159 1065 1337 1154; baseline 0.004 -27"><span class='ocrx_word' id='word_1_53' title='bbox 159 1071 211 1128; x_wconf 88' lang='lat' dir='ltr'><strong>aut</strong></span> <span class='ocrx_word' id='word_1_54' title='bbox 224 1084 347 1148; x_wconf 87' lang='lat' dir='ltr'><strong>poenas</strong></span> <span class='ocrx_word' id='word_1_55' title='bbox 367 1067 502 1132; x_wconf 88' lang='lat' dir='ltr'><strong>iniustas</strong></span> <span class='ocrx_word' id='word_1_56' title='bbox 517 1065 718 1154; x_wconf 89' lang='lat' dir='ltr'><strong>infligentes;</strong></span> <span class='ocrx_word' id='word_1_57' title='bbox 741 1069 805 1150; x_wconf 87' lang='lat' dir='ltr'><strong>vel,</strong></span> <span class='ocrx_word' id='word_1_58' title='bbox 821 1087 892 1154; x_wconf 86' lang='lat' dir='ltr'><strong>arg.</strong></span> <span class='ocrx_word' id='word_1_59' title='bbox 909 1087 984 1152; x_wconf 85' lang='lat' dir='ltr'><strong>cap.</strong></span> <span class='ocrx_word' id='word_1_60' title='bbox 1001 1069 1037 1140; x_wconf 81' lang='lat'><strong>2,</strong></span> <span class='ocrx_word' id='word_1_61' title='bbox 1062 1069 1093 1133; x_wconf 75' lang='lat' dir='ltr'><strong>li.</strong></span> <span class='ocrx_word' id='word_1_62' title='bbox 1111 1074 1145 1144; x_wconf 84' lang='lat' dir='ltr'><strong>t,</strong></span> <span class='ocrx_word' id='word_1_63' title='bbox 1168 1068 1337 1134; x_wconf 85' lang='lat' dir='ltr'><strong>laedentes</strong></span> 
     </span>
     <span class='ocr_line' id='line_1_8' title="bbox 160 1189 1335 1280; baseline 0.005 -28"><span class='ocrx_word' id='word_1_64' title='bbox 160 1189 229 1252; x_wconf 89' lang='lat' dir='ltr'><strong>iura</strong></span> <span class='ocrx_word' id='word_1_65' title='bbox 243 1191 457 1258; x_wconf 86' lang='lat' dir='ltr'><strong>immunitatis</strong></span> <span class='ocrx_word' id='word_1_66' title='bbox 470 1193 539 1256; x_wconf 86' lang='lat' dir='ltr'><strong>sive</strong></span> <span class='ocrx_word' id='word_1_67' title='bbox 556 1193 769 1279; x_wconf 86' lang='lat' dir='ltr'><strong>Regularium</strong></span> <span class='ocrx_word' id='word_1_68' title='bbox 792 1195 860 1258; x_wconf 87' lang='lat' dir='ltr'><strong>sive</strong></span> <span class='ocrx_word' id='word_1_69' title='bbox 884 1193 1021 1260; x_wconf 87' lang='lat' dir='ltr'><strong>aliorum</strong></span> <span class='ocrx_word' id='word_1_70' title='bbox 1038 1193 1335 1280; x_wconf 64' lang='lat' dir='ltr'><strong>privilegiatorum</strong></span> 
     </span>
     <span class='ocr_line' id='line_1_9' title="bbox 161 1313 1338 1404; baseline 0.008 -29"><span class='ocrx_word' id='word_1_71' title='bbox 161 1313 209 1378; x_wconf 84' lang='lat' dir='ltr'><strong>vel</strong></span> <span class='ocrx_word' id='word_1_72' title='bbox 222 1314 324 1398; x_wconf 90' lang='lat' dir='ltr'><strong>(quod</strong></span> <span class='ocrx_word' id='word_1_73' title='bbox 338 1318 482 1401; x_wconf 83' lang='lat' dir='ltr'><strong>pertinet</strong></span> <span class='ocrx_word' id='word_1_74' title='bbox 495 1317 535 1384; x_wconf 87' lang='lat' dir='ltr'><strong>ad</strong></span> <span class='ocrx_word' id='word_1_75' title='bbox 550 1318 719 1384; x_wconf 87' lang='lat' dir='ltr'><strong>Praelatos</strong></span> <span class='ocrx_word' id='word_1_76' title='bbox 733 1319 892 1404; x_wconf 85' lang='lat' dir='ltr'><strong>Episcopo</strong></span> <span class='ocrx_word' id='word_1_77' title='bbox 905 1318 1094 1398; x_wconf 83' lang='lat' dir='ltr'><strong>inferiores)</strong></span> <span class='ocrx_word' id='word_1_78' title='bbox 1109 1319 1136 1384; x_wconf 86' lang='lat' dir='ltr'><strong>si</strong></span> <span class='ocrx_word' id='word_1_79' title='bbox 1152 1338 1237 1382; x_wconf 89' lang='lat' dir='ltr'><strong>nova</strong></span> <span class='ocrx_word' id='word_1_80' title='bbox 1252 1319 1338 1384; x_wconf 90' lang='lat' dir='ltr'><strong>aedi-</strong></span> 
     </span>
     <span class='ocr_line' id='line_1_10' title="bbox 160 1436 1332 1530; baseline 0.004 -28"><span class='ocrx_word' id='word_1_81' title='bbox 160 1436 296 1504; x_wconf 86' lang='lat' dir='ltr'><strong>ficentur</strong></span> <span class='ocrx_word' id='word_1_82' title='bbox 307 1444 504 1507; x_wconf 89' lang='lat' dir='ltr'><strong>monasteria</strong></span> <span class='ocrx_word' id='word_1_83' title='bbox 515 1442 636 1529; x_wconf 84' lang='lat' dir='ltr'><strong>absque</strong></span> <span class='ocrx_word' id='word_1_84' title='bbox 648 1463 809 1509; x_wconf 88' lang='lat' dir='ltr'><strong>consensu</strong></span> <span class='ocrx_word' id='word_1_85' title='bbox 821 1443 988 1529; x_wconf 84' lang='lat' dir='ltr'><strong>Episcopi;</strong></span> <span class='ocrx_word' id='word_1_86' title='bbox 1005 1445 1110 1530; x_wconf 91' lang='lat' dir='ltr'><strong>prouti</strong></span> <span class='ocrx_word' id='word_1_87' title='bbox 1122 1445 1226 1510; x_wconf 83' lang='lat' dir='ltr'><strong>vetuit</strong></span> <span class='ocrx_word' id='word_1_88' title='bbox 1238 1444 1332 1510; x_wconf 88' lang='lat' dir='ltr'><strong>Gonc.</strong></span> 
     </span>
     <span class='ocr_line' id='line_1_11' title="bbox 160 1564 1337 1656; baseline 0.005 -30"><span class='ocrx_word' id='word_1_89' title='bbox 160 1564 241 1628; x_wconf 85' lang='lat' dir='ltr'><strong>Trid.</strong></span> <span class='ocrx_word' id='word_1_90' title='bbox 264 1585 347 1632; x_wconf 79' lang='lat' dir='ltr'><strong>sess.</strong></span> <span class='ocrx_word' id='word_1_91' title='bbox 363 1566 425 1639; x_wconf 79' lang='lat'><strong>25,</strong></span> <span class='ocrx_word' id='word_1_92' title='bbox 448 1567 499 1633; x_wconf 85' lang='lat' dir='ltr'><strong>De</strong></span> <span class='ocrx_word' id='word_1_93' title='bbox 521 1588 604 1656; x_wconf 68' lang='lat' dir='ltr'><strong>req„</strong></span> <span class='ocrx_word' id='word_1_94' title='bbox 624 1588 702 1652; x_wconf 80' lang='lat' dir='ltr'><strong>cap.</strong></span> <span class='ocrx_word' id='word_1_95' title='bbox 718 1568 751 1634; x_wconf 90' lang='lat'><strong>5.</strong></span> <span class='ocrx_word' id='word_1_96' title='bbox 771 1603 789 1616; x_wconf 89' lang='lat'><strong>·</strong></span> <span class='ocrx_word' id='word_1_97' title='bbox 805 1567 943 1650; x_wconf 90' lang='lat' dir='ltr'><strong>Subditi,</strong></span> <span class='ocrx_word' id='word_1_98' title='bbox 967 1589 1011 1634; x_wconf 85' lang='lat' dir='ltr'><strong>ex</strong></span> <span class='ocrx_word' id='word_1_99' title='bbox 1033 1568 1181 1650; x_wconf 84' lang='lat' dir='ltr'><strong>adverso,</strong></span> <span class='ocrx_word' id='word_1_100' title='bbox 1205 1575 1337 1653; x_wconf 89' lang='lat' dir='ltr'><strong>patrant</strong></span> 
     </span>
     <span class='ocr_line' id='line_1_12' title="bbox 160 1693 1336 1778; baseline 0.003 -26"><span class='ocrx_word' id='word_1_101' title='bbox 160 1709 311 1756; x_wconf 85' lang='lat' dir='ltr'><strong>excessus</strong></span> <span class='ocrx_word' id='word_1_102' title='bbox 342 1693 603 1778; x_wconf 78' lang='lat' dir='ltr'><strong>quotiescumque</strong></span> <span class='ocrx_word' id='word_1_103' title='bbox 633 1694 685 1759; x_wconf 88' lang='lat' dir='ltr'><strong>vel</strong></span> <span class='ocrx_word' id='word_1_104' title='bbox 717 1713 837 1778; x_wconf 88' lang='lat' dir='ltr'><strong>poenas</strong></span> <span class='ocrx_word' id='word_1_105' title='bbox 868 1699 1079 1760; x_wconf 87' lang='lat' dir='ltr'><strong>contemnunt</strong></span> <span class='ocrx_word' id='word_1_106' title='bbox 1109 1693 1149 1759; x_wconf 92' lang='lat' dir='ltr'><strong>ab</strong></span> <span class='ocrx_word' id='word_1_107' title='bbox 1177 1694 1336 1778; x_wconf 89' lang='lat' dir='ltr'><strong>Episcopo</strong></span> 
     </span>
     <span class='ocr_line' id='line_1_13' title="bbox 159 1811 1338 1902; baseline 0.003 -27"><span class='ocrx_word' id='word_1_108' title='bbox 159 1811 301 1896; x_wconf 82' lang='lat' dir='ltr'><strong>legitime</strong></span> <span class='ocrx_word' id='word_1_109' title='bbox 322 1811 476 1887; x_wconf 85' lang='lat' dir='ltr'><strong>inflictas,</strong></span> <span class='ocrx_word' id='word_1_110' title='bbox 500 1834 570 1901; x_wconf 89' lang='lat' dir='ltr'><strong>arg.</strong></span> <span class='ocrx_word' id='word_1_111' title='bbox 595 1835 669 1899; x_wconf 83' lang='lat' dir='ltr'><strong>cap.</strong></span> <span class='ocrx_word' id='word_1_112' title='bbox 692 1817 753 1881; x_wconf 83' lang='lat' dir='ltr'><strong>alt.</strong></span> <span class='ocrx_word' id='word_1_113' title='bbox 778 1816 810 1880; x_wconf 88' lang='lat' dir='ltr'><strong>b.</strong></span> <span class='ocrx_word' id='word_1_114' title='bbox 834 1821 868 1890; x_wconf 90' lang='lat' dir='ltr'><strong>t.,</strong></span> <span class='ocrx_word' id='word_1_115' title='bbox 892 1817 944 1882; x_wconf 84' lang='lat' dir='ltr'><strong>rel</strong></span> <span class='ocrx_word' id='word_1_116' title='bbox 969 1817 996 1881; x_wconf 89' lang='lat' dir='ltr'><strong>si</strong></span> <span class='ocrx_word' id='word_1_117' title='bbox 1019 1817 1099 1881; x_wconf 88' lang='lat' dir='ltr'><strong>alias</strong></span> <span class='ocrx_word' id='word_1_118' title='bbox 1128 1815 1338 1902; x_wconf 81' lang='lat' dir='ltr'><strong>refragentur</strong></span> 
     </span>
     <span class='ocr_line' id='line_1_14' title="bbox 159 1936 1336 2025; baseline 0.003 -26"><span class='ocrx_word' id='word_1_119' title='bbox 159 1936 278 2002; x_wconf 90' lang='lat' dir='ltr'><strong>iuribus</strong></span> <span class='ocrx_word' id='word_1_120' title='bbox 303 1938 569 2023; x_wconf 87' lang='lat' dir='ltr'><strong>sui.Superioris‚</strong></span> <span class='ocrx_word' id='word_1_121' title='bbox 594 1959 663 2025; x_wconf 85' lang='lat' dir='ltr'><strong>arg.</strong></span> <span class='ocrx_word' id='word_1_122' title='bbox 686 1960 713 2006; x_wconf 89' lang='lat' dir='ltr'><strong>o.</strong></span> <span class='ocrx_word' id='word_1_123' title='bbox 738 1961 765 2006; x_wconf 88' lang='lat' dir='ltr'><strong>c.</strong></span> <span class='ocrx_word' id='word_1_124' title='bbox 790 1941 823 2020; x_wconf 88' lang='lat'><strong>6,</strong></span> <span class='ocrx_word' id='word_1_125' title='bbox 841 1939 892 2014; x_wconf 68' lang='lat'><strong>14,</strong></span> <span class='ocrx_word' id='word_1_126' title='bbox 910 1941 963 2021; x_wconf 84' lang='lat'><strong>15,</strong></span> <span class='ocrx_word' id='word_1_127' title='bbox 988 1939 1019 2003; x_wconf 85' lang='lat' dir='ltr'><strong>b.</strong></span> <span class='ocrx_word' id='word_1_128' title='bbox 1037 1945 1081 2022; x_wconf 88' lang='lat' dir='ltr'><strong>t.‚·</strong></span> <span class='ocrx_word' id='word_1_129' title='bbox 1104 1941 1203 2006; x_wconf 87' lang='lat' dir='ltr'><strong>etita</strong></span> <span class='ocrx_word' id='word_1_130' title='bbox 1225 1959 1336 2025; x_wconf 81' lang='lat' dir='ltr'><strong>porra.</strong></span> 
     </span>
     <span class='ocr_line' id='line_1_15' title="bbox 161 2060 1341 2150; baseline 0.003 -26"><span class='ocrx_word' id='word_1_131' title='bbox 161 2060 302 2127; x_wconf 88' lang='lat' dir='ltr'><strong>Proinde</strong></span> <span class='ocrx_word' id='word_1_132' title='bbox 324 2063 390 2128; x_wconf 92' lang='lat' dir='ltr'><strong>hoc</strong></span> <span class='ocrx_word' id='word_1_133' title='bbox 412 2063 505 2129; x_wconf 89' lang='lat' dir='ltr'><strong>titulo</strong></span> <span class='ocrx_word' id='word_1_134' title='bbox 527 2065 684 2150; x_wconf 72' lang='lat' dir='ltr'><strong>generice</strong></span> <span class='ocrx_word' id='word_1_135' title='bbox 715 2064 1033 2149; x_wconf 87' lang='lat' dir='ltr'><strong>comprehenduntur</strong></span> <span class='ocrx_word' id='word_1_136' title='bbox 1063 2065 1170 2129; x_wconf 83' lang='lat' dir='ltr'><strong>omnia</strong></span> <span class='ocrx_word' id='word_1_137' title='bbox 1201 2065 1341 2129; x_wconf 89' lang='lat' dir='ltr'><strong>crimina</strong></span> 
     </span>
    </p>
   </div>
   <div class='ocr_carea' id='block_1_3' title="bbox 160 2163 1340 2275">
    <p class='ocr_par' dir='ltr' id='par_1_3' title="bbox 160 2163 1340 2275">
     <span class='ocr_line' id='line_1_16' title="bbox 160 2163 1340 2275; baseline 0.003 -25"><span class='ocrx_word' id='word_1_138' title='bbox 160 2204 238 2269; x_wconf 88' lang='lat' dir='ltr'><strong>quae</strong></span> <span class='ocrx_word' id='word_1_139' title='bbox 260 2206 281 2251; x_wconf 90' lang='lat' dir='ltr'><strong>a</strong></span> <span class='ocrx_word' id='word_1_140' title='bbox 306 2187 470 2253; x_wconf 82' lang='lat' dir='ltr'><strong>Praelatio</strong></span> <span class='ocrx_word' id='word_1_141' title='bbox 499 2183 744 2254; x_wconf 86' lang='lat' dir='ltr'><strong>committuntur</strong></span> <span class='ocrx_word' id='word_1_142' title='bbox 765 2209 826 2275; x_wconf 88' lang='lat' dir='ltr'><strong>per</strong></span> <span class='ocrx_word' id='word_1_143' title='bbox 853 2189 987 2254; x_wconf 89' lang='lat' dir='ltr'><strong>abusum</strong></span> <span class='ocrx_word' id='word_1_144' title='bbox 1017 2209 1093 2253; x_wconf 89' lang='lat' dir='ltr'><strong>suae</strong></span> <span class='ocrx_word' id='word_1_145' title='bbox 1116 2163 1282 2275; x_wconf 82' lang='lat' dir='ltr'><strong>potestatis</strong></span> <span class='ocrx_word' id='word_1_146' title='bbox 1305 2194 1340 2254; x_wconf 89' lang='lat' dir='ltr'><strong>et</strong></span> 
     </span>
    </p>
   </div>
   <div class='ocr_carea' id='block_1_4' title="bbox 159 2311 1344 3641">
    <p class='ocr_par' dir='ltr' id='par_1_4' title="bbox 159 2311 1340 2629">
     <span class='ocr_line' id='line_1_17' title="bbox 160 2311 1338 2399; baseline 0.004 -26"><span class='ocrx_word' id='word_1_147' title='bbox 160 2330 179 2373; x_wconf 92' lang='lat' dir='ltr'><strong>a</strong></span> <span class='ocrx_word' id='word_1_148' title='bbox 198 2311 335 2377; x_wconf 87' lang='lat' dir='ltr'><strong>subditis</strong></span> <span class='ocrx_word' id='word_1_149' title='bbox 366 2332 425 2397; x_wconf 90' lang='lat' dir='ltr'><strong>per</strong></span> <span class='ocrx_word' id='word_1_150' title='bbox 448 2311 641 2399; x_wconf 82' lang='lat' dir='ltr'><strong>denegatam</strong></span> <span class='ocrx_word' id='word_1_151' title='bbox 666 2314 845 2399; x_wconf 84' lang='lat' dir='ltr'><strong>legitimam</strong></span> <span class='ocrx_word' id='word_1_152' title='bbox 876 2314 1108 2380; x_wconf 87' lang='lat' dir='ltr'><strong>subiectionem</strong></span> <span class='ocrx_word' id='word_1_153' title='bbox 1131 2319 1164 2379; x_wconf 89' lang='lat' dir='ltr'><strong>et</strong></span> <span class='ocrx_word' id='word_1_154' title='bbox 1186 2313 1338 2380; x_wconf 91' lang='lat' dir='ltr'><strong>obedien·</strong></span> 
     </span>
     <span class='ocr_line' id='line_1_18' title="bbox 159 2435 1340 2522; baseline 0.003 -24"><span class='ocrx_word' id='word_1_155' title='bbox 159 2435 232 2499; x_wconf 87' lang='lat' dir='ltr'><strong>tiam</strong></span> <span class='ocrx_word' id='word_1_156' title='bbox 256 2436 290 2499; x_wconf 91' lang='lat' dir='ltr'><strong>in</strong></span> <span class='ocrx_word' id='word_1_157' title='bbox 315 2435 518 2520; x_wconf 85' lang='lat' dir='ltr'><strong>Superiores.</strong></span> <span class='ocrx_word' id='word_1_158' title='bbox 545 2471 563 2484; x_wconf 96' lang='lat'><em>-</em></span> <span class='ocrx_word' id='word_1_159' title='bbox 590 2437 719 2502; x_wconf 88' lang='lat' dir='ltr'><strong>Poenae</strong></span> <span class='ocrx_word' id='word_1_160' title='bbox 743 2437 965 2506; x_wconf 86' lang='lat' dir='ltr'><strong>decernuntur</strong></span> <span class='ocrx_word' id='word_1_161' title='bbox 986 2439 1051 2522; x_wconf 75' lang='lat' dir='ltr'><strong>fer.</strong></span> <span class='ocrx_word' id='word_1_162' title='bbox 1075 2443 1157 2504; x_wconf 81' lang='lat' dir='ltr'><strong>reat.</strong></span> <span class='ocrx_word' id='word_1_163' title='bbox 1183 2446 1215 2502; x_wconf 86' lang='lat' dir='ltr'><strong>et</strong></span> <span class='ocrx_word' id='word_1_164' title='bbox 1242 2436 1340 2502; x_wconf 88' lang='lat' dir='ltr'><strong>hodie</strong></span> 
     </span>
     <span class='ocr_line' id='line_1_19' title="bbox 161 2559 689 2629; baseline 0.008 -6"><span class='ocrx_word' id='word_1_165' title='bbox 161 2559 220 2625; x_wconf 91' lang='lat' dir='ltr'><strong>hae</strong></span> <span class='ocrx_word' id='word_1_166' title='bbox 241 2567 322 2627; x_wconf 88' lang='lat' dir='ltr'><strong>sunt</strong></span> <span class='ocrx_word' id='word_1_167' title='bbox 344 2562 449 2628; x_wconf 86' lang='lat' dir='ltr'><strong>ferme</strong></span> <span class='ocrx_word' id='word_1_168' title='bbox 472 2562 689 2629; x_wconf 81' lang='lat' dir='ltr'><strong>arbitrariae.</strong></span> 
     </span>
    </p>

    <p class='ocr_par' dir='ltr' id='par_1_5' title="bbox 160 2685 1344 3641">
     <span class='ocr_line' id='line_1_20' title="bbox 245 2685 1342 2773; baseline 0 -20"><span class='ocrx_word' id='word_1_169' title='bbox 245 2685 462 2769; x_wconf 88' lang='lat' dir='ltr'><strong>Subsequitur</strong></span> <span class='ocrx_word' id='word_1_170' title='bbox 484 2688 518 2751; x_wconf 92' lang='lat' dir='ltr'><strong>in</strong></span> <span class='ocrx_word' id='word_1_171' title='bbox 540 2686 596 2751; x_wconf 91' lang='lat' dir='ltr'><strong>lib.</strong></span> <span class='ocrx_word' id='word_1_172' title='bbox 613 2688 656 2762; x_wconf 85' lang='lat' dir='ltr'><strong>V,</strong></span> <span class='ocrx_word' id='word_1_173' title='bbox 679 2689 791 2753; x_wconf 87' lang='lat' dir='ltr'><strong>titulus</strong></span> <span class='ocrx_word' id='word_1_174' title='bbox 807 2688 861 2770; x_wconf 89' lang='lat'><strong>33,</strong></span> <span class='ocrx_word' id='word_1_175' title='bbox 878 2690 1070 2773; x_wconf 87' lang='lat' dir='ltr'><strong>inscriptus:</strong></span> <span class='ocrx_word' id='word_1_176' title='bbox 1087 2688 1138 2754; x_wconf 87' lang='lat' dir='ltr'><strong>Da</strong></span> <span class='ocrx_word' id='word_1_177' title='bbox 1148 2688 1342 2773; x_wconf 68' lang='lat' dir='ltr'><strong>privilegiis</strong></span> 
     </span>
     <span class='ocr_line' id='line_1_21' title="bbox 160 2807 1341 2897; baseline 0.002 -26"><span class='ocrx_word' id='word_1_178' title='bbox 160 2811 189 2871; x_wconf 85' lang='lat' dir='ltr'><strong>et</strong></span> <span class='ocrx_word' id='word_1_179' title='bbox 204 2807 401 2875; x_wconf 65' lang='lat' dir='ltr'><strong>exaesam</strong></span> <span class='ocrx_word' id='word_1_180' title='bbox 411 2810 742 2895; x_wconf 75' lang='lat' dir='ltr'><strong>privilegiatorum»</strong></span> <span class='ocrx_word' id='word_1_181' title='bbox 761 2813 794 2875; x_wconf 88' lang='lat' dir='ltr'><strong>in</strong></span> <span class='ocrx_word' id='word_1_182' title='bbox 810 2830 874 2895; x_wconf 91' lang='lat' dir='ltr'><strong>quo</strong></span> <span class='ocrx_word' id='word_1_183' title='bbox 888 2813 980 2875; x_wconf 91' lang='lat' dir='ltr'><strong>titulo</strong></span> <span class='ocrx_word' id='word_1_184' title='bbox 995 2810 1151 2897; x_wconf 73' lang='lat' dir='ltr'><strong>perreriae</strong></span> <span class='ocrx_word' id='word_1_185' title='bbox 1162 2810 1341 2876; x_wconf 89' lang='lat' dir='ltr'><strong>innuuntur</strong></span> 
     </span>
     <span class='ocr_line' id='line_1_22' title="bbox 161 2933 1344 3020; baseline 0.003 -25"><span class='ocrx_word' id='word_1_186' title='bbox 161 2948 198 2995; x_wconf 88' lang='lat' dir='ltr'><strong>ea</strong></span> <span class='ocrx_word' id='word_1_187' title='bbox 219 2933 361 2997; x_wconf 85' lang='lat' dir='ltr'><strong>crimina</strong></span> <span class='ocrx_word' id='word_1_188' title='bbox 376 2951 459 3015; x_wconf 88' lang='lat' dir='ltr'><strong>quae</strong></span> <span class='ocrx_word' id='word_1_189' title='bbox 474 2939 606 3018; x_wconf 87' lang='lat' dir='ltr'><strong>patrant</strong></span> <span class='ocrx_word' id='word_1_190' title='bbox 622 2934 817 3020; x_wconf 86' lang='lat' dir='ltr'><strong>privilegiati</strong></span> <span class='ocrx_word' id='word_1_191' title='bbox 833 2934 960 3018; x_wconf 90' lang='lat' dir='ltr'><strong>quando</strong></span> <span class='ocrx_word' id='word_1_192' title='bbox 976 2936 1027 3001; x_wconf 89' lang='lat' dir='ltr'><strong>isti</strong></span> <span class='ocrx_word' id='word_1_193' title='bbox 1044 2934 1208 3001; x_wconf 86' lang='lat' dir='ltr'><strong>excedunt</strong></span> <span class='ocrx_word' id='word_1_194' title='bbox 1223 2935 1344 2999; x_wconf 84' lang='lat' dir='ltr'><strong>limites</strong></span> 
     </span>
     <span class='ocr_line' id='line_1_23' title="bbox 161 3058 1342 3146; baseline 0.003 -24"><span class='ocrx_word' id='word_1_195' title='bbox 161 3078 292 3123; x_wconf 90' lang='lat' dir='ltr'><strong>suorum</strong></span> <span class='ocrx_word' id='word_1_196' title='bbox 308 3058 564 3143; x_wconf 86' lang='lat' dir='ltr'><strong>privilegiorum,</strong></span> <span class='ocrx_word' id='word_1_197' title='bbox 579 3058 756 3144; x_wconf 89' lang='lat' dir='ltr'><strong>iisdemque</strong></span> <span class='ocrx_word' id='word_1_198' title='bbox 775 3059 963 3125; x_wconf 87' lang='lat' dir='ltr'><strong>abutuntur.</strong></span> <span class='ocrx_word' id='word_1_199' title='bbox 982 3060 1191 3146; x_wconf 84' lang='lat' dir='ltr'><strong>Privilegium</strong></span> <span class='ocrx_word' id='word_1_200' title='bbox 1216 3066 1265 3127; x_wconf 91' lang='lat' dir='ltr'><strong>est</strong></span> <span class='ocrx_word' id='word_1_201' title='bbox 1286 3062 1342 3125; x_wconf 82' lang='lat' dir='ltr'><strong>iae</strong></span> 
     </span>
     <span class='ocr_line' id='line_1_24' title="bbox 160 3181 1343 3268; baseline 0.003 -22"><span class='ocrx_word' id='word_1_202' title='bbox 160 3181 339 3267; x_wconf 69' lang='lat' dir='ltr'><strong>sinputare</strong></span> <span class='ocrx_word' id='word_1_203' title='bbox 361 3188 394 3247; x_wconf 91' lang='lat' dir='ltr'><strong>et</strong></span> <span class='ocrx_word' id='word_1_204' title='bbox 417 3182 495 3246; x_wconf 91' lang='lat' dir='ltr'><strong>hinc</strong></span> <span class='ocrx_word' id='word_1_205' title='bbox 517 3184 569 3249; x_wconf 81' lang='lat' dir='ltr'><strong>vel</strong></span> <span class='ocrx_word' id='word_1_206' title='bbox 591 3184 794 3259; x_wconf 81' lang='lat' dir='ltr'><strong>secandum,</strong></span> <span class='ocrx_word' id='word_1_207' title='bbox 818 3184 871 3249; x_wconf 86' lang='lat' dir='ltr'><strong>vel</strong></span> <span class='ocrx_word' id='word_1_208' title='bbox 899 3193 1042 3268; x_wconf 86' lang='lat' dir='ltr'><strong>praeter</strong></span> <span class='ocrx_word' id='word_1_209' title='bbox 1064 3186 1117 3252; x_wconf 88' lang='lat' dir='ltr'><strong>vel</strong></span> <span class='ocrx_word' id='word_1_210' title='bbox 1149 3192 1268 3253; x_wconf 84' lang='lat' dir='ltr'><strong>contra</strong></span> <span class='ocrx_word' id='word_1_211' title='bbox 1292 3188 1343 3251; x_wconf 86' lang='lat' dir='ltr'><strong>ius</strong></span> 
     </span>
     <span class='ocr_line' id='line_1_25' title="bbox 162 3306 1341 3397; baseline 0.003 -26"><span class='ocrx_word' id='word_1_212' title='bbox 162 3324 353 3379; x_wconf 84' lang='lat' dir='ltr'><strong>commune,</strong></span> <span class='ocrx_word' id='word_1_213' title='bbox 370 3306 426 3372; x_wconf 90' lang='lat' dir='ltr'><strong>sod</strong></span> <span class='ocrx_word' id='word_1_214' title='bbox 449 3309 680 3394; x_wconf 85' lang='lat' dir='ltr'><strong>privilegiatus,</strong></span> <span class='ocrx_word' id='word_1_215' title='bbox 698 3316 871 3394; x_wconf 84' lang='lat' dir='ltr'><strong>praetextu</strong></span> <span class='ocrx_word' id='word_1_216' title='bbox 895 3312 943 3376; x_wconf 87' lang='lat' dir='ltr'><strong>sui</strong></span> <span class='ocrx_word' id='word_1_217' title='bbox 965 3310 1138 3397; x_wconf 83' lang='lat' dir='ltr'><strong>privilegii,</strong></span> <span class='ocrx_word' id='word_1_218' title='bbox 1158 3330 1223 3375; x_wconf 92' lang='lat' dir='ltr'><strong>non</strong></span> <span class='ocrx_word' id='word_1_219' title='bbox 1247 3310 1341 3376; x_wconf 91' lang='lat' dir='ltr'><strong>debet</strong></span> 
     </span>
     <span class='ocr_line' id='line_1_26' title="bbox 162 3432 1344 3521; baseline 0.004 -25"><span class='ocrx_word' id='word_1_220' title='bbox 162 3432 210 3496; x_wconf 91' lang='lat' dir='ltr'><strong>ius</strong></span> <span class='ocrx_word' id='word_1_221' title='bbox 239 3452 414 3498; x_wconf 91' lang='lat' dir='ltr'><strong>commuue</strong></span> <span class='ocrx_word' id='word_1_222' title='bbox 444 3438 646 3519; x_wconf 87' lang='lat' dir='ltr'><strong>pervertere.</strong></span> <span class='ocrx_word' id='word_1_223' title='bbox 672 3433 777 3508; x_wconf 89' lang='lat' dir='ltr'><strong>-Qui</strong></span> <span class='ocrx_word' id='word_1_224' title='bbox 803 3435 864 3500; x_wconf 91' lang='lat' dir='ltr'><strong>hos</strong></span> <span class='ocrx_word' id='word_1_225' title='bbox 892 3441 999 3521; x_wconf 87' lang='lat' dir='ltr'><strong>patrat</strong></span> <span class='ocrx_word' id='word_1_226' title='bbox 1029 3456 1182 3502; x_wconf 86' lang='lat' dir='ltr'><strong>excessus</strong></span> <span class='ocrx_word' id='word_1_227' title='bbox 1213 3455 1344 3521; x_wconf 89' lang='lat' dir='ltr'><strong>compe·</strong></span> 
     </span>
     <span class='ocr_line' id='line_1_27' title="bbox 162 3557 735 3641; baseline 0 -20"><span class='ocrx_word' id='word_1_228' title='bbox 162 3557 302 3623; x_wconf 89' lang='lat' dir='ltr'><strong>scendus</strong></span> <span class='ocrx_word' id='word_1_229' title='bbox 324 3561 376 3621; x_wconf 85' lang='lat' dir='ltr'><strong>est</strong></span> <span class='ocrx_word' id='word_1_230' title='bbox 397 3557 508 3641; x_wconf 89' lang='lat' dir='ltr'><strong>poenis</strong></span> <span class='ocrx_word' id='word_1_231' title='bbox 530 3557 735 3623; x_wconf 72' lang='lat' dir='ltr'><strong>arbitrariis.</strong></span> 
     </span>
    </p>
   </div>
   <div class='ocr_carea' id='block_1_5' title="bbox 0 0 1681 5100">
    <p class='ocr_par' dir='ltr' id='par_1_6' title="bbox 0 0 1681 5100">
     <span class='ocr_line' id='line_1_28' title="bbox 0 0 1681 5100; baseline 0 0"><span class='ocrx_word' id='word_1_232' title='bbox 0 0 1681 5100; x_wconf 95' lang='lat' dir='ltr'><strong> </strong></span> 
     </span>
    </p>
   </div>
  </div>
 </body>
</html>
