3350 5100
370 286 437 353 578
826 303 1033 351 insanarum
1059 302 1095 347 ιι.

372 426 562 492 Matrimonia
579 426 653 481 alter
672 442 747 491 vero,
760 427 807 497 qui
827 432 926 481 contra
944 426 1011 494 agit,
1025 424 1167 480 enuntia
1178 424 1212 477 de
1228 422 1361 476 nullitate
1378 418 1539 476 Matrimonii

372 534 489 603 prolata,
509 533 604 587 nullus
623 534 741 605 estqui
760 534 794 587 ed
813 534 986 605 superiorem
1004 531 1127 587 ludicem
1145 529 1364 600 appellationem
1384 530 1542 597 interponat

370 640 416 697 vel
435 642 502 711 qnia
519 640 666 710 litigantes
685 642 713 693 in
733 641 825 710 specie
844 640 957 711 qnidam
975 638 1124 705 discordes,
1136 652 1166 693 re
1178 654 1246 693 vera
1264 638 1340 690 inter
1356 653 1387 691 ee
1404 632 1544 689 concordes

371 752 450 814 sunt,
470 752 499 802 et
518 748 637 801 invicem
662 746 834 801 colludentes
859 749 1036 801 contractum
1061 743 1273 799 Matrimonium
1291 742 1405 796 dissolri
1422 740 1546 809 copiunt:

372 854 415 909 vel
434 854 502 926 qnia
520 854 598 919 Pars,
617 870 690 926 qnae
708 870 758 923 pro
777 854 923 926 validitate
941 852 1115 907 Matrimonii
1133 854 1241 918 stabat,
1259 852 1375 921 eiusque
1393 848 1546 903 nullitatam

371 964 475 1016 acriter
499 966 597 1016 contra
623 961 815 1017 advenientum
840 962 1040 1031 impugnabat,
1059 960 1154 1015 latae
1177 960 1270 1014 lodice
1291 956 1432 1013 mutantia
1455 960 1549 1009 contra
1643 1039 1645 1042 Ι

372 1067 598 1135 Matrimonium,
618 1071 710 1121 mutat
733 1067 923 1133 voluntatem,
940 1067 985 1121 vel
1005 1068 1124 1136 pecnnia
1144 1067 1198 1120 eibi
1218 1066 1251 1119 ad
1270 1069 1397 1133 sumptus
1421 1063 1480 1117 litis
1496 1076 1549 1115 non
1643 1069 1645 1096 ³

370 1179 549 1245 suppetente,
568 1174 612 1229 vel
635 1174 699 1228 aliie
724 1174 917 1229 deficientibus
942 1174 1055 1228 auxiliis
1074 1174 1108 1227 ad
1133 1172 1301 1242 litigandum
1326 1170 1504 1235 necessariis,
1522 1174 1549 1221 et

370 1283 529 1351 incoeptum
548 1298 632 1351 opus,
651 1298 683 1337 ac
703 1298 814 1336 caumm
835 1286 898 1351 poet
916 1282 1034 1350 primam
1057 1281 1227 1335 sententiam
1245 1279 1358 1333 deserit.
1382 1276 1443 1337 Quo
1461 1277 1503 1340 lit,
1522 1280 1550 1325 ot

370 1389 469 1443 deinde
487 1390 569 1443 ambo
589 1387 737 1457 Coniuges,
751 1388 797 1443 vel
818 1406 889 1442 unua
908 1404 1003 1442 eornm
1023 1388 1056 1441 ad
1075 1388 1152 1442 alind
1171 1385 1391 1441 contrahendum
1409 1383 1552 1438 Matrimo-

371 1495 448 1548 nium
468 1511 499 1549 se
518 1496 652 1549 conferat.

459 1604 477 1663 ἓ
498 1599 544 1653 lV.
564 1600 641 1660 Quod
659 1606 753 1653 autem
772 1600 807 1653 ad
827 1600 933 1653 ludices
952 1601 1090 1668 pertinet,
1108 1599 1210 1669 quibua
1227 1604 1308 1652 extra
1327 1596 1484 1651 Romanam
1502 1594 1553 1648 Cu·

371 1708 441 1759 riam
455 1721 504 1774 pro
518 1705 691 1774 litigantium
705 1704 849 1759 commodo
858 1682 959 1759 cauma
971 1704 1194 1758 matrimoniales
1205 1703 1427 1777 committuntur,
1437 1707 1552 1770 paterna

370 1811 421 1864 illa
434 1812 591 1880 vigilantia,
605 1828 660 1881 qua
672 1810 706 1865 de
718 1811 828 1865 iustitia
841 1811 990 1881 unicuique
1003 1811 1114 1878 integre
1125 1809 1323 1880 sapienterque
1335 1805 1553 1863 administranda

370 1918 485 1971 solliciti
506 1934 566 1971 esse
585 1918 724 1985 debemus,
744 1917 898 1989 encyclicis
916 1916 1020 1972 litteris
1037 1917 1073 1970 ad
1091 1914 1277 1971 Venerabilea
1300 1915 1414 1969 Fratres
1432 1913 1554 1968 Patriac-
1643 1961 1644 1988 ἦ

371 2022 447 2089 chae,
460 2025 606 2089 Primatea
619 2023 859 2093 archiepiscopos,
868 2029 898 2077 et
911 2024 1062 2094 Episcopus
1074 2023 1186 2092 scriptis
1199 2023 1333 2077 vicesima
1344 2024 1424 2077 sexta
1434 2018 1553 2089 Augusti

371 2145 445 2185 anno
463 2131 584 2185 secundo
604 2132 787 2185 Pontificatus
807 2132 911 2199 Nostri,
925 2132 1072 2200 providere
1090 2130 1257 2196 curavimus,
1269 2131 1298 2185 in
1311 2130 1412 2200 quibus
1429 2144 1465 2183 ea
1478 2142 1555 2197 prae·

371 2236 542 2305 scripsimus,
557 2253 628 2307 quae
648 2236 741 2291 Sacris
759 2236 928 2301 (lenonibus,
941 2241 970 2290 ct
983 2238 1100 2291 concilii
1121 2236 1277 2291 Tridentini
1290 2236 1411 2291 decretis
1424 2250 1555 2290 consone,

370 2344 393 2396 si
413 2343 574 2413 diligenter,
587 2348 620 2399 ut
637 2361 789 2413 speramus,
802 2349 958 2410 serventur,
971 2345 1002 2400 in
1021 2349 1161 2413 posterum
1180 2361 1282 2400 causae
1294 2360 1349 2397 non
1363 2342 1417 2445 niti
1430 2342 1554 2412 personis

372 2466 496 2520 congrua
515 2452 584 2505 iuris
603 2452 713 2521 peritia,
732 2455 761 2507 et
781 2453 939 2507 necessario
956 2453 1120 2521 probitatis,
1139 2456 1338 2522 spectataeque
1357 2451 1421 2505 ndei
1440 2449 1555 2505 munitis

372 2559 510 2627 praesidio
530 2561 750 2615 committantur.
771 2560 887 2629 Insuper
904 2561 939 2615 ad
958 2577 1000 2626 ea,
1018 2561 1138 2631 quaein
1157 2560 1253 2615 iisdem
1275 2559 1429 2630 encyclicis
1452 2559 1554 2613 litteris

372 2666 527 2720 constituta
545 2671 618 2734 sunt,
632 2667 659 2718 id
679 2668 763 2720 etiam
783 2668 811 2719 in
831 2668 972 2734 praesenti
992 2667 1185 2736 adiungimns3
1203 2667 1284 2738 qnod,
1297 2667 1425 2738 quamvis
1436 2664 1552 2720 Concilii

372 2769 527 2824 Tridentini
544 2771 699 2856 decretum,
712 2787 767 2842 qno
779 2787 881 2825 cauma
899 2771 1121 2825 matrimoniales
1138 2772 1300 2826 subtractae
1316 2775 1430 2828 luerunt
1443 2771 1554 2832 Duceni,

371 2875 578 2942 Archidiaconi,
597 2877 764 2932 stallorum
784 2877 947 2932 inferiorum
966 2876 1078 2938 indicio,
1098 2883 1127 2930 et
1146 2877 1345 2946 Episcopumm
1364 2882 1475 2930 tantem
1493 2891 1555 2929 exe-

372 2983 449 3051 mini,
468 2989 498 3038 et
517 2982 702 3038 iurisdictioni
721 2989 890 3048 reservatae,
902 2984 1048 3038 dumtaxat
1066 2982 1199 3053 procedat
1215 2983 1250 3038 de
1269 2982 1556 3048 archidiaconialia
1643 2998 1644 3043 l

372 3091 458 3156 cenis,
471 3089 590 3161 aliisque
608 3091 795 3154 inferioribus,
808 3091 856 3161 qui
870 3091 898 3144 io
914 3091 1010 3146 amem
1029 3091 1155 3145 Dioecesi
1173 3091 1329 3156 constituti,
1342 3089 1385 3143 vel
1408 3090 1555 3159 privilegiu
1643 3062 1644 3071 ἵ

372 3198 467 3266 aliquo
487 3197 529 3252 vel
551 3199 778 3268 praescriptione,
790 3197 890 3252 saltem
909 3199 939 3250 in
958 3199 1130 3263 visitatione,
1142 3214 1289 3252 causarum
1308 3197 1554 3251 matrimonialium

371 3303 562 3372 cognitionem
582 3305 636 3358 sibi
654 3304 843 3374 adrogabaut;
861 3304 966 3358 idcirco
983 3305 1099 3359 minime
1118 3306 1212 3359 obstet
1223 3303 1473 3369 commissionibus,
1485 3320 1555 3374 qnae

373 3423 422 3477 pru
446 3407 543 3463 iisdem
568 3408 660 3461 censis
686 3397 941 3462 matrimonialibus
964 3408 1127 3462 definiendis
1151 3425 1169 3461 a
1193 3407 1264 3463 Sede
1284 3407 1447 3478 Apostolica
1471 3408 1554 3462 alicui

372 3530 469 3569 eorum
481 3515 512 3568 iu
524 3515 645 3569 secennda
662 3516 798 3569 instantia
810 3518 927 3582 fierent,
939 3515 1122 3570 nihilominus
1140 3516 1333 3584 praecipimus,
1345 3533 1379 3569 ac
1394 3515 1555 3570 mandamns

371 3621 415 3684 iie,
433 3620 468 3673 ed
487 3637 557 3690 quus
578 3620 733 3675 huiusmodi
757 3622 999 3685 commissionum,
1019 3637 1069 3676 sen
1087 3621 1297 3690 delegationem
1322 3621 1553 3691 expediendamm

372 3745 440 3782 cura
458 3729 591 3798 pertinet,
611 3733 641 3781 ut
659 3729 832 3782 infuturum
852 3745 997 3782 causarum
1020 3728 1271 3782 matrimonialium
1293 3728 1483 3797 cognitionem
1501 3743 1552 3782 non

372 3837 550 3891 committant
569 3835 622 3889 nisi
641 3836 785 3906 Episcopis
803 3837 967 3905 praesertim
985 3837 1180 3901 vicinioribus,
1199 3835 1247 3890 vel
1266 3837 1290 3889 ei
1319 3835 1414 3890 nullm
1434 3837 1473 3890 sit
1491 3837 1555 3905 Epi·

371 3957 480 4011 scopus,
498 3943 543 3996 cui
565 3959 600 3997 ex
619 3942 747 4012 legitima
771 3960 856 3997 cansa
875 3943 1018 3998 commode
1036 3944 1172 3998 committi
1194 3943 1294 4012 possit,
1311 3949 1371 3997 tum
1390 3945 1554 4007 commissio,

373 4053 401 4100 et
414 4047 555 4116 delegatio
573 4047 711 4116 dirigatur
731 4049 776 4102 nni
791 4065 825 4102 ex
838 4049 883 4112 iis,
896 4050 943 4119 qni
963 4048 1113 4102 secundum
1129 4049 1263 4115 ordinem,
1276 4048 1428 4104 atmodum
1441 4048 1555 4102 ellubie

373 4141 401 4206 in
422 4155 556 4220 praelatis
574 4153 727 4224 encyclicis
744 4153 850 4211 litteris
869 4155 1071 4224 praescriptum
1084 4173 1135 4224 pro
1149 4155 1241 4210 ludica
1252 4155 1353 4210 idoneo
1365 4156 1400 4209 ab
1420 4155 1553 4223 Episcopo

372 4259 570 4314 cumconsilio
589 4261 631 4313 sni
653 4260 775 4330 Capituli
797 4263 956 4316 nominatus
975 4263 1067 4316 luerit.

462 4371 479 4430 ἓ
501 4365 532 4418 V.
552 4365 628 4426 Quod
648 4383 714 4421 vero
732 4367 766 4420 ad
784 4369 925 4433 ordinem,
944 4373 974 4422 et
990 4369 1091 4423 seriem
1110 4368 1278 4423 iudiciorum
1297 4370 1325 4421 in
1344 4369 1436 4422 causis
1459 4368 1552 4421 matri·
