3350 5100
324 365 390 431 556
832 383 917 432 raas
940 383 990 430 111.

412 509 487 575 542.
511 510 559 574 De
581 508 771 596 probatione
794 508 1005 594 exquirenda,
1030 509 1113 574 baec
1135 508 1233 575 habet
1257 509 1355 576 lustr.
1380 507 1469 590 510.
1487 543 1501 552 -

322 631 468 717 Accepta
496 631 744 700 denunciatione
771 653 836 698 non
869 633 955 698 illico
985 632 1172 719 proceditur
1202 631 1259 698 sed
1285 651 1305 696 a
1328 631 1503 716 Superiora

325 755 441 821 eccles.
465 758 584 840 inquiri
607 757 717 823 sedulo
742 757 837 824 debet
864 762 972 823 utrum
995 777 1135 843 persona
1158 757 1357 822 denuncians
1378 755 1418 821 sit
1440 751 1504 819 fide

324 881 454 966 digna...
479 881 684 968 privilegium
709 886 810 947 estut
828 881 880 947 liis
903 883 1019 963 causis,
1043 900 1125 965 quae
1153 885 1268 946 contra
1291 880 1355 945 hoc
1378 879 1502 944 crimen

324 1007 544 1080 instituuntur,
553 1005 594 1070 ad
604 1006 732 1091 plenam
745 1005 966 1093 probationem
979 1004 1159 1070 faciendam
1172 1005 1394 1071 attestationes
1407 1004 1501 1067 etiam

325 1130 506 1217 singulares
527 1129 749 1197 admittantur.
766 1132 808 1196 At
833 1133 866 1195 in
891 1130 1077 1196 memoratis
1101 1129 1155 1196 SS.
1175 1125 1366 1195 Pontificum
1384 1129 1500 1194 consti-

324 1257 498 1324 tutionibus
513 1257 749 1344 praescribitur
765 1278 806 1323 ne
822 1279 896 1324 cum
918 1257 1057 1324 testibus.
1068 1256 1285 1344 singularibus
1307 1254 1503 1341 procedatur

323 1383 384 1448 nisi
412 1384 728 1467 praantmptienes,
759 1383 888 1451 indicia
919 1389 952 1448 et
981 1383 1045 1448 alia
1075 1381 1269 1448 adminicula
1292 1384 1500 1447 concurrant.

326 1504 458 1570 Pondus
487 1507 588 1592 igitur
617 1508 774 1589 cuiusque
804 1504 1077 1578 denunciationis,
1102 1505 1273 1589 qualitates
1303 1507 1337 1568 et
1363 1504 1502 1568 circmc-

326 1631 463 1695 stantiae
478 1631 564 1695 serio
581 1635 799 1714 accurateque
810 1629 1059 1717 perpendendae
1071 1635 1146 1696 sunt
1158 1634 1191 1694 et
1202 1633 1375 1712 antequam
1387 1633 1503 1693 contra

326 1752 551 1821 denunciatum
574 1753 770 1840 procedatur
793 1759 997 1840 perspectum
1022 1754 1290 1839 exploratumque
1314 1752 1412 1818 iudici
1428 1771 1502 1818 esse

326 1876 420 1943 debet
448 1879 532 1962 quod
559 1880 713 1946 mulieres
735 1880 787 1945 vel
811 1881 874 1944 viri
902 1879 1135 1946 denunciantes
1164 1880 1229 1945 sint
1258 1877 1331 1943 boni
1366 1878 1503 1942 nominis

327 2003 500 2088 nequead
528 2002 745 2070 accusandum
769 2004 822 2070 vel
854 2005 1020 2087 inimicitia
1043 2004 1095 2068 vel
1122 2004 1187 2068 elio
1216 2003 1357 2068 humano
1384 1997 1502 2066 affectu

327 2126 529 2192 adducantur
545 2147 575 2190 a.
600 2127 670 2202 Quo
693 2127 822 2194 facilius
847 2127 1012 2196 Ordinarii
1036 2127 1184 2194 valerent
1206 2127 1282 2193 huic
1306 2127 1502 2211 inquisitioni

324 2250 515 2317 satisfacere
536 2253 607 2336 ipsa
623 2252 743 2338 Gongr.
767 2257 953 2336 sequentem
976 2253 1221 2318 instructionem
1246 2250 1387 2316 confecit
1406 2255 1503 2333 atque

324 2373 423 2440 edidit
444 2373 499 2440 die
522 2374 546 2440 6
567 2371 658 2461 Aaq.
682 2374 774 2441 189⁷
796 2393 901 2459 super
923 2374 1106 2461 diliqentiis
1127 2375 1165 2441 in
1189 2374 1302 2441 causis
1324 2392 1368 2439 nn
1392 2391 1501 2440 sonni-

324 2515 512 2566 ctrsrtortis
536 2516 678 2567 citimus
703 2517 928 2566 ecmannum.

414 2691 433 2745 l.
453 2690 647 2747 instructionis
666 2692 693 2746 S.
714 2692 855 2747 Romanae
868 2698 897 2747 et
911 2690 1086 2747 Universalis
1105 2690 1296 2763 inquisitionis
1314 2692 1389 2753 circa
1407 2692 1504 2745 obser-

323 2795 448 2850 vantiam
469 2797 648 2865 Apostolicae
672 2796 889 2851 constitutionis
907 2796 1151 2853 «Sacramentum
1176 2796 1396 2850 Paenitentiam
1415 2795 1447 2848 N.
1470 2794 1503 2849 10

323 2903 495 2973 praecipitur
523 2909 567 2970 ut,
594 2914 744 2975 antequam
771 2914 869 2959 contra
895 2906 1094 2961 denunciatum
1118 2906 1297 2973 procedatur,
1320 2912 1502 2973 perspectauit

326 3012 559 3082 enptoratumqne
576 3013 665 3067 iudici
682 3028 743 3067 esse
761 3014 868 3078 dotem,
896 3015 969 3083 qued
992 3012 1130 3066 mulieres
1153 3011 1201 3065 ael
1223 3012 1280 3065 uiri
1303 3010 1503 3065 denunciantes

323 3120 380 3171 tint
398 3118 461 3172 boni
478 3122 606 3185 nominis,
624 3136 714 3190 neque
732 3121 770 3174 ad
787 3122 977 3173 armandum
998 3119 1045 3173 uel
1063 3118 1217 3183 inimicitia,
1235 3118 1283 3171 uel
1300 3118 1358 3171 alic
1381 3119 1502 3171 bumana

323 3226 426 3294 affectu
443 3228 560 3279 addumi
575 3228 694 3296 fuerint.

412 3328 445 3384 ΙΙ,
464 3331 648 3401 Praeceptum
666 3331 833 3397 huiusmodi,
852 3332 893 3385 uti
912 3332 1006 3386 omnia
1024 3346 1096 3403 ques
1109 3330 1143 3385 ad
1155 3330 1238 3385 huius
1257 3330 1384 3400 Supremi
1404 3330 1503 3385 Tribu-

323 3437 397 3491 nalis
414 3438 579 3509 procedendi
598 3440 736 3495 rationem
760 3444 898 3509 spectant,
917 3438 1087 3493 strictissimi
1113 3439 1181 3493 iuris
1205 3438 1372 3495 censendum
1391 3444 1443 3505 est,
1461 3439 1503 3492 ita

324 3550 364 3609 ut,
383 3560 417 3600 eo
437 3546 574 3615 neglecto,
592 3545 627 3598 ad
645 3543 782 3599 ulteriora
801 3546 912 3615 procedi
931 3552 1060 3617 nequeat.

412 3650 457 3705 lll.
476 3650 535 3705 Nec
553 3652 656 3705 sufficit
674 3656 705 3705 ut
723 3651 751 3705 id
770 3656 934 3722 utcumque,
959 3651 1006 3707 sed
1031 3651 1145 3705 omnino
1160 3663 1281 3706 ‘neeesse
1305 3655 1348 3705 est
1372 3656 1403 3703 ut
1424 3657 1502 3705 carta

322 3758 447 3813 iudiciali
465 3759 555 3812 forma
567 3757 651 3812 iudici
664 3758 839 3825 innotescst3
857 3758 930 3829 quod
943 3758 1055 3827 propria
1065 3757 1202 3813 dictione:
1222 3758 1414 3827 ‹diliqentias
1427 3760 1503 3812 cirea

324 3866 522 3920 &nannetum
540 3866 655 3935 eiusque
672 3867 874 3920 denunciantes
889 3879 1061 3935 peraque»
1078 3864 1231 3935 significari
1251 3864 1280 3917 in
1296 3864 1357 3917 foro
1369 3862 1397 3917 S.
1412 3862 1502 3917 Officii

324 3989 389 4026 usus
407 3972 538 4027 obtinuit.

412 4077 458 4132 1v.
477 4078 602 4134 lamvaro
620 4096 684 4133 cum
699 4094 756 4134 non
768 4096 878 4148 semper
896 4096 948 4135 nec
967 4079 1001 4132 ab
1020 4078 1149 4133 omnibus
1167 4076 1212 4133 rel
1231 4083 1340 4133 tantum
1361 4083 1424 4148 post
1442 4078 1503 4131 lon·

324 4200 390 4253 gum
408 4189 528 4255 tempus,
546 4201 610 4239 cum
628 4202 729 4255 nempe
754 4186 979 4241 testimoniorum
1002 4186 1128 4255 receptio
1150 4185 1271 4240 difficilis
1289 4189 1318 4241 et
1336 4184 1502 4257 quandoque

323 4289 505 4360 impossibilis
517 4295 569 4356 est,
581 4290 747 4361 Supremam
767 4290 819 4345 boc
837 4291 973 4347 Tribunal
987 4292 1014 4345 id
1026 4292 1132 4346 servari
1146 4294 1296 4363 perspexit,
1309 4292 1381 4346 hanc
1393 4292 1428 4345 ad
1441 4308 1500 4347 rem

322 4392 545 4462 Instructionem,
564 4412 614 4466 pro
634 4393 766 4450 Rr’fiorum
785 4396 997 4451 Ordinarierum
1015 4412 1121 4467 norme,
1141 4397 1274 4453 edendam
1293 4389 1446 4453 mandarit.

412 4501 443 4556 ll.
463 4502 625 4558 Ordinarius
638 4504 725 4574 igitur
738 4504 823 4559 toties
841 4506 952 4575 quoties
969 4504 1092 4576 aliquam
1112 4505 1146 4560 de
1159 4504 1272 4559 infando
1291 4503 1501 4559 sollicitationis
