3350 5100
331 294 397 359 280
845 312 929 358 rans
954 312 989 357 11.

330 442 389 501 nat
416 436 629 503 innocentem
659 434 855 500 iudicialiter
878 436 924 500 uti
952 440 1127 501 nocentem
1158 436 1350 499 convictum.
1378 468 1395 482 -
1429 435 1507 497 Iam·
1542 426 1545 435 ’

330 581 410 625 vero
430 560 535 635 iudex,
553 567 720 646 postquam
743 560 928 628 adhibuerit
950 560 1054 625 media
1071 560 1252 626 ordinaria
1268 559 1308 624 ad
1326 559 1507 625 evitandam

330 705 443 751 necem
468 687 658 767 innocentia,
678 704 744 749 non
767 684 907 766 videtur,
928 704 1001 750 cum
1017 686 1144 751 iactura
1166 686 1213 749 sui
1238 682 1336 749 officii
1355 703 1412 749 seu
1435 702 1507 747 cum

328 810 520 895 gravissimo
542 828 600 875 suo
626 808 830 875 incommodo
860 812 894 873 et
925 828 997 873 oum
1027 806 1212 873 discrimine
1243 807 1391 893 publicae
1421 813 1507 872 trau·

328 932 504 1015 quillitatia
529 932 600 1017 cogi
624 930 666 995 ad
693 927 909 995 deserendum
933 928 1095 1011 iudicium,
1120 949 1164 995 ne
1188 930 1354 996 muamodi
1377 936 1507 1005 seuten-

329 1058 405 1121 tiam
429 1056 521 1121 terre
543 1055 704 1141 adigatur.
722 1052 873 1121 Officium
897 1054 1059 1121 dimittere
1080 1074 1195 1139 reapse
1210 1060 1393 1139 cogeretur,
1411 1056 1438 1119 si
1454 1075 1508 1120 res

330 1185 415 1245 esset
436 1179 619 1245 intrinsece
642 1178 736 1243 mala
760 1180 805 1243 At
833 1179 882 1244 uti
905 1182 1087 1250 nocentem,
1111 1177 1329 1243 condemnare
1359 1176 1507 1263 aliquem

328 1306 428 1371 iunio
451 1310 529 1371 acta
544 1310 577 1369 et
589 1304 738 1387 probato
754 1304 794 1369 de
809 1305 948 1369 crimine
961 1304 1156 1375 convictum,
1173 1323 1269 1387 quem
1284 1308 1392 1367 mmen
1409 1302 1508 1369 iudex

328 1430 504 1514 cognoscit,
520 1429 657 1494 scientia
672 1429 810 1513 privata,
828 1430 1044 1501 innocentem,
1061 1448 1127 1492 non
1148 1433 1198 1493 est
1209 1426 1420 1517 mendacium,
1434 1428 1508 1511 quia

329 1570 449 1617 revera
470 1552 562 1616 iuxta
576 1556 654 1618 octo
670 1556 703 1616 et
714 1550 864 1633 probato
880 1556 929 1615 est
944 1570 1070 1617 nocens
1077 1570 1091 1633 ,·
1107 1568 1212 1634 neque
1232 1556 1281 1616 est
1300 1550 1508 1617 homicidium

262 1651 272 1667 x
328 1678 504 1758 iniustum,
527 1677 603 1760 quia
624 1674 704 1741 ordo
728 1676 919 1741 iudiciorum
944 1680 992 1740 est
1016 1677 1048 1741 in
1072 1677 1227 1741 societate
1251 1676 1453 1741 necessarius
1476 1661 1527 1739 ot¹

328 1800 427 1867 iudex
449 1802 517 1887 agit
537 1819 709 1885 personam
725 1800 896 1886 publicam,
913 1803 946 1865 vi
967 1802 1058 1865 ouius
1074 1802 1191 1885 exequi
1207 1800 1303 1869 debet
1318 1800 1507 1867 iudiciorum

329 1925 564 1991 ordinationem
581 1931 614 1990 et
630 1931 738 1991 actum
762 1932 849 1991 esset
864 1925 904 1990 de
923 1922 1067 1991 efficacia
1086 1925 1287 1997 iudiciorum,
1305 1927 1332 1990 si
1348 1924 1441 1990 iudici
1459 1924 1508 1989 fas

328 2055 415 2115 esset
441 2051 675 2115 sententiarum
699 2048 856 2134 impedire
878 2049 1092 2133 prolationem
1116 2055 1148 2114 et
1171 2050 1394 2115 executionem
1419 2068 1508 2134 prae·

329 2179 422 2241 textu
443 2173 604 2241 scientiae
622 2175 823 2257 privatae·
845 2173 934 2254 Inde,
959 2176 1032 2239 iure
1054 2174 1181 2246 merito,
1206 2172 1279 2239 fluit
1302 2175 1465 2239 conclusio
1488 2194 1508 2237 a

328 2294 363 2362 S.
388 2297 513 2363 Thoma
535 2297 655 2364 tradita
681 2334 694 2344 ·
720 2297 869 2363 iudicem
901 2317 972 2363 non
1000 2316 1154 2379 peccare.
1180 2296 1228 2361 Gt.
1254 2296 1402 2362 Maschat
1426 2298 1506 2361 Inst.

331 2423 415 2489 Can.
433 2422 462 2495 l,
487 2422 541 2489 tib.
565 2422 593 2503 1,
618 2422 664 2486 tit.
688 2421 750 2496 22,
774 2441 850 2504 cop.
874 2421 927 2487 15.

419 2546 536 2631 Opiuio
559 2546 596 2610 D.
622 2544 764 2611 Thomae
792 2520 1028 2612 est'absuacte
1055 2546 1175 2616 verior,
1200 2553 1233 2612 at
1258 2544 1433 2612 referenda
1458 2553 1508 2612 est

327 2673 369 2738 ad
392 2678 536 2759 systema
557 2671 757 2757 probationis
772 2672 902 2758 tepulae.
921 2673 1002 2737 Nam
1026 2674 1058 2737 in
1083 2677 1259 2758 systemate
1275 2672 1416 2738 intimae
1427 2691 1507 2755 per-

325 2789 608 2865 auosionis'iudici
625 2799 787 2882 integrum
811 2817 876 2861 non
901 2798 1018 2862 astuti
1043 2796 1211 2882 probatum
1235 2817 1401 2862 assumere
1424 2795 1507 2880 quod

328 2943 374 2988 eto
396 2923 480 2988 actis
502 2941 567 2987 non
590 2923 760 2994 evincitur,
785 2928 818 2986 at
843 2922 888 3014 illi
913 2923 989 2988 licet
1007 2923 1150 3005 plenam
1173 2923 1274 3008 fldem
1297 2941 1369 2988 non
1383 2921 1507 2987 odiun-

327 3064 408 3130 9cre
423 3027 680 3111 attestationibus
695 3051 751 3110 aut
766 3043 977 3127 documentis,
991 3065 1074 3128 quaa
1090 3042 1250 3110 infirmari
1265 3051 1321 3110 aut
1336 3047 1507 3110 extenuari

329 3169 389 3236 sibi
412 3170 564 3236 videntur
593 3191 654 3256 per
684 3172 868 3236 contrarias
897 3173 1121 3238 attestationes
1144 3177 1201 3236 aut
1222 3171 1423 3242 documenta,
1448 3171 1508 3256 ipsi

328 3296 431 3379 magis
462 3293 641 3379 probabilia
668 3299 702 3361 et
730 3301 911 3380 perspecta.
937 3329 956 3344 ·
981 3295 1149 3369 Merenda,
1179 3293 1333 3368 Controc.
1357 3295 1445 3362 iuris
1469 3295 1504 3378 V,

329 3438 357 3484 c.
381 3418 405 3484 8
426 3438 476 3503 sq.
502 3418 684 3492 Bruxelles
713 3418 809 3484 1745.

419 3543 528 3617 Quare
551 3546 585 3610 iu
607 3543 680 3608 toro
704 3545 819 3610 eccles.
846 3564 918 3610 cum
942 3547 1039 3631 plene
1062 3547 1172 3631 vigeat
1197 3551 1340 3631 systema
1366 3545 1508 3610 intimae

325 3637 688 3752 persuasionisiudex
715 3685 780 3731 non
808 3666 992 3752 implicatur
1023 3668 1086 3734 hac
1113 3666 1311 3736 difficultate.
1337 3703 1351 3716 -
1376 3668 1508 3735 Praete·

329 3815 388 3859 rea
403 3813 560 3877 casuque
574 3797 652 3858 octa
667 3799 701 3858 et
712 3792 862 3878 prototo
884 3813 967 3878 pene
983 3793 1153 3860 evidenter
1169 3795 1210 3860 de
1226 3796 1363 3860 crimine
1379 3795 1508 3859 convin-

328 3925 444 3985 cerent
465 3927 661 3993 accusatum,
678 3938 772 4002 quem
795 3923 905 3984 umen
929 3921 1087 3985 insontem
1112 3941 1183 3986 esse
1207 3922 1307 3986 sciret
1330 3918 1438 4001 iudex,
1455 3919 1508 3984 hic

330 4043 502 4109 declarans
524 4043 683 4108 intimam
701 4042 964 4126 persuasionem
989 4046 1092 4128 ipsum
1115 4043 1250 4111 haurire
1274 4064 1319 4110 en
1342 4045 1435 4127 aaut,
1456 4045 1509 4110 vel

330 4168 516 4234 absolveret
537 4187 629 4233 reum
649 4167 703 4232 vel
726 4187 761 4232 se
785 4166 965 4235 abstineret
987 4187 1007 4234 a
1029 4166 1201 4234 iudicando
1225 4167 1312 4255 (Vol.
1331 4172 1356 4244 Ι,
1382 4189 1414 4233 n.
1430 4167 1508 4255 549)

329 4297 442 4376 petens
465 4293 569 4358 audiri
594 4294 641 4359 uti
664 4296 779 4360 testem
802 4297 860 4358 aut
883 4291 1157 4360 denuntiatorem.

419 4415 496 4480 211.
522 4415 666 4498 Denique
689 4415 903 4482 certitudinis
926 4417 1067 4484 inmotis
1091 4436 1147 4482 seu
1167 4415 1382 4500 probotionis
1404 4415 1509 4482 tontes
