3350 5100
440 267 483 311 nn
508 265 646 312 runicus
663 264 912 332 „onrurnanrnus
939 265 974 310 ru
998 262 1114 310 srucru
1303 244 1368 309 559
1404 235 1408 242 ’

279 396 354 461 543.
372 398 434 460 Ast
447 393 713 458 denunciationes
735 393 860 458 directe
884 391 954 457 fieri
971 393 1076 458 solent
1098 392 1182 478 apud
1200 391 1231 458 S.
1249 393 1388 477 Congu·

190 521 222 586 S.
233 519 342 586 Officii
353 519 406 582 vel
418 518 459 582 ad
472 517 567 582 Hanc
582 518 713 583 acuriis
725 520 1005 592 transmittuntur;
1023 517 1096 582 inde
1108 519 1219 602 praxis
1233 517 1273 580 H.
1288 517 1318 582 S.
1333 517 1368 584 G.

191 651 241 708 est
255 641 401 707 breviter
415 639 617 725 explicanda.
631 641 805 706 instructio
820 660 849 704 a.
866 639 952 705 1876
967 639 1047 722 511,
1064 639 1146 704 haec
1162 639 1273 705 habet:
1290 661 1306 700 ‹
1322 641 1370 704 Ea

191 773 239 832 est
261 765 356 830 huius
379 765 473 848 Supr.
498 764 567 846 Inq.
585 762 782 828 consuetudo
799 767 834 829 ut
849 768 920 847 post
943 781 1041 826 unam
1055 762 1235 827 alteramve
1249 761 1369 827 denun-

191 889 361 953 ciationem
385 883 586 950 rescribatur
609 884 693 967 quod
715 883 928 949 denunciatus
940 883 1145 960 cosmetur,
1163 885 1208 948 ita
1220 883 1369 948 videlicet

190 1031 288 1100 super
310 1012 417 1077 delato
440 1011 580 1076 crimine
600 1015 770 1096 suspectus
791 1009 952 1074 habeatur
975 1015 1009 1074 ut
1027 991 1128 1093 *quum
1152 1011 1290 1094 primum
1311 1029 1370 1093 per

189 1156 291 1202 novas
314 1136 581 1204 denunciationes
603 1155 659 1201 res
682 1135 854 1220 explorata
877 1135 949 1212 erit,
972 1137 1006 1198 in
1029 1134 1180 1200 iudicium
1206 1133 1368 1200 vocandus

191 1265 241 1329 sit.
261 1263 301 1328 Ut
324 1261 496 1346 plurimum
521 1262 649 1326 nonnisi
666 1279 686 1324 a
701 1261 798 1324 tertia
820 1259 1069 1325 denunciatione
1092 1260 1224 1344 procedi
1239 1260 1321 1325 solet
1339 1281 1367 1324 ›.

191 1386 321 1452 Scilicet
336 1387 433 1449 etiarn
457 1387 568 1450 curiae
584 1383 661 1449 huic
684 1385 780 1470 praxi
803 1382 922 1449 bonum
939 1388 1034 1448 estut
1050 1382 1278 1469 obsequantur,
1295 1387 1370 1468 quia

192 1515 297 1597 prima
320 1509 533 1579 denunciatio,
550 1509 802 1592 utplurimum,
815 1529 880 1572 non
904 1509 981 1574 satis
1004 1528 1105 1594 grave
1128 1508 1263 1594 praebet
1277 1529 1372 1595 a1·gu·

192 1644 334 1702 mentum
349 1641 383 1701 ut
399 1634 593 1720 procedatur
606 1634 647 1698 ad
660 1635 799 1718 inquisiti
817 1654 968 1699 examen.
981 1633 1029 1700 cf.
1043 1653 1142 1719 supra
1154 1635 1230 1700 534.
1248 1670 1265 1682 -
1285 1635 1326 1699 Et
1337 1637 1369 1700 in

195 1763 218 1845 g
235 1760 277 1826 12
289 1766 424 1826 cavetur
435 1782 453 1822 ‹
465 1758 599 1833 Quando
611 1767 783 1844 perspecta
796 1761 941 1825 evaserit
952 1761 1069 1844 patrati
1082 1761 1226 1824 criminis
1238 1761 1370 1841 veritas,

193 1906 250 1951 reo
266 1885 305 1949 ad
322 1884 553 1956 defensionem,
568 1891 664 1969 prout
680 1886 752 1949 iura
775 1891 957 1968 exposcunt
971 1883 1120 1957 admisso,
1137 1883 1370 1948 deveniendum

193 2014 257 2078 erit
272 2011 312 2077 ad
325 2011 369 2076 illi
386 2010 644 2076 interdicendum
658 2012 691 2075 in
705 2016 896 2095 perpetuum
915 2029 955 2074 ne
968 2010 1186 2076 confessiones
1199 2011 1370 2094 excipiat...

194 2135 385 2202 Huiusmodi
397 2136 588 2235 senteutiam
602 2135 780 2219 Episcopus
792 2137 860 2219 ipse
878 2142 912 2199 et
925 2153 989 2197 non
1001 2135 1083 2199 alius
1098 2133 1138 2199 ab
1152 2153 1189 2198 eo
1207 2133 1372 2220 delegatus

193 2259 372 2345 proferat...
400 2259 575 2322 Praeterea
601 2259 628 2321 si
653 2278 728 2322 reus
751 2259 784 2320 in
808 2256 925 2323 iudicio
943 2259 1065 2322 crimen
1090 2256 1257 2321 coufessus
1273 2257 1372 2322 fuerit

194 2401 372 2466 congruam
395 2380 491 2445 debet
512 2381 662 2445 emittere
685 2379 936 2446 obturationem
955 2387 989 2443 ut
1013 2399 1047 2444 se
1071 2381 1116 2443 ita
1139 2384 1254 2464 purget
1278 2379 1318 2444 ab
1334 2399 1373 2444 ea

194 2525 288 2590 quam
318 2507 455 2572 incurrit
486 2505 635 2572 haerens
665 2503 902 2589 suspicione».
932 2503 993 2569 Sed
1027 2501 1252 2570 adiurationis
1280 2512 1373 2570 actus

194 2634 369 2717 imponitur
392 2635 514 2695 tantum
532 2650 589 2694 reo
605 2629 772 2703 coufesso;
796 2649 871 2693 nam
897 2648 972 2713 reus
997 2627 1190 2693 iudicialiter
1206 2630 1372 2694 convictus

195 2754 235 2819 de
258 2755 393 2819 crimine
416 2752 650 2818 sollicitationis
673 2755 826 2837 congruis
848 2754 961 2836 poenis
984 2754 1198 2838 compescitur
1228 2752 1282 2816 sed
1307 2771 1373 2819 non

195 2873 335 2957 adigitur
359 2871 458 2937 edere
480 2871 741 2939 obturationem.
773 2872 883 2946 Quare
907 2872 1078 2940 adiunctio
1108 2893 1172 2938 non
1200 2875 1373 2960 imponitur

195 2997 221 3060 si
246 3015 322 3060 reus
344 3014 410 3059 non
433 2995 599 3061 confessus
614 3002 648 3059 at
662 2996 745 3060 alias
763 2998 899 3095 crimine
923 3000 1089 3063 convictus
1112 2994 1276 3062 definitiva
1298 3017 1372 3062 sen-

195 3123 297 3201 tentia
318 3119 499 3201 damnetur,
523 3121 569 3185 uti
593 3123 646 3185 cit.
669 3121 750 3203 §12
773 3123 981 3208 praecipitur.
1007 3158 1018 3169 -
1043 3124 1221 3189 Praeterea
1244 3130 1371 3189 cautum

195 3252 245 3311 est
268 3250 303 3311 ut
325 3246 379 3310 ille
403 3241 537 3330 effugiat
557 3266 685 3311 omnem
710 3267 846 3334 poenam
869 3248 922 3330 qui
946 3267 1017 3314 non
1040 3248 1265 3315 denunciatus
1291 3248 1375 3314 sistit

195 3390 306 3435 coram
335 3368 442 3434 iudice
472 3390 564 3435 suum
599 3371 724 3434 crimen
759 3370 915 3435 fassurus.
949 3370 1050 3436 Secus
1080 3390 1159 3437 vero
1191 3372 1216 3435 si
1248 3374 1372 3437 crimen

194 3492 334 3558 fateatur
358 3498 431 3578 post
453 3493 748 3559 denunciationem
771 3493 805 3557 in
823 3494 846 3575 S
861 3492 906 3559 13
929 3493 1070 3559 iubetur:
1089 3514 1107 3555 ‹
1125 3493 1187 3568 Qui
1203 3514 1282 3559 vero
1298 3494 1375 3559 iudi·

196 3617 297 3681 ciaria
319 3617 425 3681 forma
454 3617 517 3682 iam
548 3619 736 3703 praeventi,
767 3617 823 3683 sed
851 3618 1004 3685 noudum
1028 3618 1129 3700 citati,
1153 3638 1212 3683 sua
1242 3627 1373 3703 sponte,

196 3759 231 3803 se
254 3742 385 3816 sistunt;
410 3743 488 3809 etii
511 3745 636 3827 pariter
651 3764 731 3827 quos
745 3744 915 3808 veritatem
940 3764 1004 3807 non
1028 3745 1188 3829 integram
1212 3742 1268 3809 sed
1287 3743 1374 3809 dimi-

197 3867 306 3926 nutam
329 3865 361 3927 in
385 3870 563 3949 spontanea
585 3866 787 3951 apparitione
810 3864 977 3931 confessos
999 3884 1070 3929 esse
1094 3865 1287 3931 Ordinarius
1310 3867 1394 3951 loci¹

197 4006 240 4050 ex
269 3988 410 4072 acceptis
440 3994 551 4072 postea
585 3987 884 4054 denunciationibus
919 3988 1186 4074 deprehenderit,
1217 3988 1373 4057 beneflcio

196 4110 392 4195 impunitatis
416 4131 481 4175 non
495 4112 645 4199 gaudent,
662 4120 886 4179 verumtamen
911 4134 969 4199 pro
993 4116 1091 4199 ipsius
1107 4114 1273 4180 Ordinarii
1297 4136 1372 4201 pru·

197 4233 305 4299 dentia
327 4235 434 4300 mitius
456 4238 677 4320 puniantur».
703 4238 846 4320 Denique
869 4236 902 4302 iu
925 4240 947 4321 ἓ
967 4238 1008 4301 14
1025 4240 1222 4324 praecipitur
1249 4240 1372 4315 «Quod

197 4360 229 4421 in
264 4357 355 4422 hisce
386 4361 491 4424 causis
524 4360 577 4425 vel
609 4382 651 4425 ex
681 4362 904 4427 commissione
938 4364 1114 4447 apostolica
1141 4364 1199 4431 ¹val
1230 4384 1272 4429 ex
1303 4366 1373 4431 iure
