3350 5100
535 351 579 396 na
602 349 756 398 nnnrcrrs
781 351 823 396 nr
849 349 968 397 renuis
1297 331 1342 397 53

243 471 372 537 Verum
397 472 547 557 Episcopi
571 491 636 536 non
659 477 796 558 peccant
826 473 860 535 in
888 469 1070 537 huiusmodi
1093 470 1342 556 prohibitiones,

150 615 227 660 cum
251 598 453 662 constituunt
475 593 627 664 Vicarios
646 598 715 662 sive
739 597 911 683 generales
937 599 1006 662 sire
1028 595 1245 682 particulares
1267 598 1343 680 quia

151 735 218 785 noir
242 721 303 806 ipsi
329 721 464 806 exigunt
486 741 643 788 annnam
666 741 814 804 caesana,
831 722 888 788 sed
904 723 1040 788 Vicarie
1059 723 1260 788 constituunt
1282 741 1340 786 an·

151 861 253 910 nuum
277 846 482 931 stipendium.
508 881 527 894 ·
552 845 644 912 Unde
666 866 709 912 ne
739 847 865 932 species
887 845 1014 930 quidem
1042 845 1153 912 subest
1174 848 1340 912 simoniae.

245 969 359 1046 Quoad
390 970 475 1036 bona
506 949 708 1036 beneficiata
741 971 879 1037 locande
914 977 970 1037 aut
1000 969 1210 1037 concedenda
1244 971 1341 1037 hodie

148 1096 317 1161 servanda
340 1101 416 1162 sunt
439 1115 478 1161 ea
501 1097 608 1162 omnia
631 1113 714 1179 quae
736 1095 1006 1182 praescribuntur
1020 1096 1116 1162 titulo
1142 1095 1340 1166 ‹Derebns

148 1220 268 1287 eccles.
293 1221 396 1286 alien.
420 1220 473 1286 ael
496 1240 567 1287 non
583 1242 614 1283 ».

243 1343 295 1411 Ob
319 1345 480 1429 legitimas
504 1345 648 1410 rationes
671 1344 790 1431 publici
812 1343 900 1426 boni,
916 1364 977 1430 per
1000 1347 1257 1411 reservationem
1284 1343 1338 1409 vel

150 1469 316 1538 redituum
345 1470 564 1536 venditionem
588 1471 641 1536 vel
665 1471 894 1536 universorum
917 1470 969 1536 rel
994 1470 1175 1555 aliquorum
1198 1475 1334 1549 tantum,

149 1592 259 1659 officia
283 1595 381 1658 etiam
401 1593 623 1660 ecclesiastica
646 1592 772 1658 reddita
795 1600 871 1660 sunt
890 1593 1063 1661 Vacabitia
1083 1594 1180 1662 idest
1201 1595 1338 1662 natalia

150 1721 183 1783 in
209 1718 304 1784 curia
329 1718 485 1783 Romana.
510 1719 557 1785 Gi.
582 1719 657 1785 Vol.
684 1720 726 1791 ΙΙ,
751 1738 782 1784 n.
806 1720 883 1784 240.

242 1845 376 1909 Poenae
405 1845 596 1928 privationis
619 1861 701 1928 quae
730 1845 944 1909 comminatae
974 1850 1049 1910 sunt
1072 1844 1104 1908 b.
1128 1849 1150 1909 t.
1174 1847 1250 1912 snut
1270 1843 1335 1927 ser.

149 1968 351 2034 sententiae.

242 2091 296 2156 38.
324 2091 436 2156 Prima
452 2111 528 2177 pars
544 2091 627 2157 tituli
643 2092 789 2176 inscripti
805 2115 824 2152 a
841 2091 891 2157 De
910 2092 1084 2178 mapistris
1099 2097 1130 2157 et
1145 2109 1189 2158 ne
1202 2093 1337 2178 aliquid

147 2217 316 2303 emipatar
334 2234 403 2298 pro
427 2216 562 2282 licentia
586 2215 777 2289 docendi»,
794 2214 882 2281 iubet
904 2217 1165 2283 constitutionem
1184 2217 1334 2304 Magistri

148 2362 209 2407 seu
243 2340 397 2406 Canonici
423 2339 597 2426 Theolom'‚
622 2341 728 2424 prouti
759 2343 966 2405 constitutum
991 2347 1040 2407 est
1069 2341 1146 2407 inre
1174 2359 1274 2422 nova,
1302 2348 1335 2407 et

148 2461 234 2530 haec
258 2464 298 2530 ad
322 2469 468 2530 nostram
490 2465 717 2529 tractationem
741 2484 805 2530 non
828 2471 986 2553 spectant.

240 2588 361 2655 Altera
392 2590 475 2655 tituli
507 2610 600 2675 pars.
626 2590 665 2657 de
696 2590 830 2656 licentia
863 2610 981 2675 nempe
1010 2590 1163 2661 docendi,
1191 2592 1333 2675 pertinet

149 2717 254 2801 magis
278 2715 319 2779 ad
344 2713 512 2779 historiam
543 2716 622 2780 iuris
646 2722 678 2780 et
701 2714 786 2779 hanc
817 2716 881 2779 iam
904 2715 1069 2799 attigimus
1100 2733 1200 2799 snpra
1222 2735 1254 2778 n.
1279 2714 1333 2781 30.

147 2838 312 2924 Siquidem
330 2838 450 2922 aliquid
466 2839 605 2924 ccipere
623 2857 691 2922 pro
708 2838 844 2904 licentia
864 2839 1009 2906 docendi
1029 2840 1102 2904 iure
1118 2838 1333 2904 Decretelinm

147 2964 209 3029 tuit
232 2964 442 3049 prohibitum,
470 2969 503 3029 et
525 2964 691 3031 simoniae
714 2982 854 3028 censura
877 2969 1020 3029 notatum
1045 2936 1120 3047 quia
1149 2970 1229 3029 tunc
1251 2968 1332 3029 tem·

147 3088 236 3173 poris
251 3086 400 3152 homines
416 3086 532 3153 divites
547 3086 659 3153 studiis
675 3090 739 3151 no'n
756 3086 916 3151 vacabant
931 3094 963 3152 et
979 3106 1149 3173 pauperes,
1161 3088 1202 3153 ob
1217 3093 1329 3154 texam

144 3196 338 3277 solvendam
362 3230 422 3296 pro
454 3210 609 3276 eiusmodi
633 3210 781 3291 licentia,
806 3230 826 3275 a
852 3210 965 3276 studiis
988 3211 1253 3278 retrahebantur.
1278 3214 1333 3278 Ait

146 3334 242 3401 Pnnt.
256 3338 328 3402 lnn.
343 3337 403 3404 ΙΙΙ,
422 3356 449 3401 c.
465 3338 493 3407 l.
512 3336 542 3400 b.
558 3342 578 3401 t.
599 3358 618 3399 s
631 3334 701 3403 Pro
719 3337 854 3403 licentia
869 3356 949 3403 vere
962 3337 1108 3403 docendi
1122 3340 1239 3405 nullus
1251 3358 1330 3423 pre·

146 3462 234 3526 tinne
256 3466 377 3547 accipet
398 3462 450 3527 ael
473 3460 535 3527 snb
555 3460 690 3528 obtentu
713 3462 859 3527 alicuius
882 3460 1135 3528 consuetudinis
1150 3461 1194 3529 ab
1209 3463 1258 3529 eis
1272 3464 1332 3548 qni

144 3585 277 3657 docent,
295 3585 429 3669 aliquid
445 3591 589 3671 qnamat
604 3604 666 3651 nec
681 3586 802 3652 docere
817 3604 1026 3671 picemquam
1043 3583 1109 3670 (qni
1125 3586 1167 3651 sit
1185 3586 1332 3672 idoneus)

142 3708 251 3789 petita
275 3708 411 3774 licentia
434 3708 624 3776 interdicat.
648 3710 844 3781 Quianam
867 3716 987 3777 contra
1013 3710 1075 3777 hoc
1096 3711 1213 3776 senine
1231 3728 1331 3793 prae·

145 3830 331 3913 sumpserit
362 3830 405 3897 ab
436 3832 548 3898 eccles.
579 3832 639 3917 fiat
667 3830 825 3917 beneficio
853 3832 996 3897 alienas.
1021 3832 1175 3918 Dianam
1204 3833 1332 3918 qnippe

145 3954 281 4021 uidetur
303 3960 342 4020 at
363 3956 400 4021 in
424 3956 575 4023 Ecclesia
601 3955 756 4038 fractane
786 3957 842 4021 sai
869 3955 995 4023 lebonis
1017 3966 1089 4023 non
1113 3957 1247 4032 hahet,
1272 3960 1332 4044 pai

145 4078 332 4161 cupiditate
347 4058 457 4143 aniani
471 4079 556 4145 dnm
571 4080 685 4145 cendit
709 4080 881 4145 licentiam
898 4082 1051 4152 docendi.
1068 4080 1329 4149 ecclesiasticam

141 4202 336 4283 profectum
361 4204 481 4268 nititur
503 4202 671 4286 impedire
688 4224 718 4266 r.
741 4206 805 4268 Per
828 4204 886 4269 illa
909 4206 1012 4271 verba
1029 4240 1047 4254 ·
1064 4206 1108 4272 ab
1132 4209 1245 4274 eccles.
1270 4210 1332 4293 fiat

144 4324 305 4413 beneflcio
327 4328 460 4393 alienas
478 4362 495 4375 -
512 4326 717 4412 significatur
739 4330 879 4413 privatio
902 4327 1061 4402 beneficii,
1085 4330 1142 4397 sed
1164 4332 1229 4415 fer.
1246 4340 1328 4400 sent.

235 4451 291 4516 39.
318 4448 459 4535 Propter
489 4452 734 4515 venerationem
762 4451 860 4518 rebus
890 4456 995 4519 sacris
1023 4454 1162 4520 debitam
1194 4458 1226 4520 in
1249 4459 1330 4522 arti·
