3350 5100
514 321 556 365 un
581 322 722 369 romeus
745 324 999 375 carismatibus.
1062 344 1067 353 ·
1277 315 1343 379 aba

159 442 267 505 ciente
299 443 476 527 productas
499 454 532 510 et
554 447 644 511 bisce
676 452 774 531 atque
804 450 875 515 aliis
899 452 1024 517 indiciis
1047 460 1080 517 et
1102 458 1301 539 argumentis
1324 476 1344 521 a

160 582 196 625 se
219 564 376 638 collectis,
394 569 531 633 instituit
554 570 704 635 iudicium
728 576 761 635 in
781 573 1020 645 denunciatum,
1037 585 1204 661 postquam
1221 578 1343 645 frustra

161 707 239 751 usus
261 690 306 753 sit
328 690 607 762 admonitionibus,
625 694 665 759 ad
689 715 837 761 normam
862 699 913 763 cit.
934 699 1015 763 Inst.
1032 706 1097 764 ort.
1113 702 1159 765 11.
1186 702 1343 767 ludebas

160 809 268 877 fluunt
290 816 443 901 regulae:

252 941 288 1025 a)
313 942 476 1008 Eiusmodi
499 944 704 1009 denunciatio
726 943 799 1011 fleri
821 953 926 1032 potest
948 950 1016 1013 sive
1039 950 1280 1017 denunciandus
1303 953 1346 1016 sit

160 1062 304 1129 clericus
320 1068 389 1131 sive
403 1067 516 1140 laicus,
529 1071 790 1154 quotiescumque
806 1074 930 1137 crimen
944 1094 1007 1139 non
1025 1076 1066 1139 sit
1080 1074 1160 1140 adeo
1176 1078 1342 1143 occultum

162 1195 197 1252 nt
212 1191 391 1257 nullimode
405 1196 439 1258 in
454 1195 571 1261 iudicio
591 1196 721 1279 probari
745 1201 853 1283 possit.
874 1200 943 1263 Hoc
960 1200 1115 1285 intellige,
1135 1204 1203 1265 sive
1219 1201 1341 1266 denun-

160 1312 261 1377 ciatio
289 1316 331 1378 sit
354 1317 525 1383 iudicialis
546 1318 588 1381 ad
611 1318 769 1402 publicam
793 1320 979 1393 vindictam,
1003 1324 1072 1387 sive
1095 1322 1135 1387 ad
1165 1326 1341 1413 queretam

159 1440 265 1521 partis
287 1439 405 1504 laesae,
432 1477 450 1489 -
475 1445 520 1506 At
542 1442 616 1507 dum
644 1446 819 1527 walam
844 1447 876 1509 in
900 1446 1054 1511 clericum
1082 1448 1184 1513 laicus
1211 1470 1343 1515 morere

159 1570 277 1647 potest,
292 1568 433 1651 itemque
455 1567 496 1632 de
518 1570 656 1634 crimine
671 1570 784 1635 clerici
798 1570 840 1635 ad
854 1571 992 1637 iudicem
1008 1574 1122 1638 eccles.
1140 1574 1343 1641 delationem

159 1690 292 1766 tacere;
324 1693 621 1759 denunciationem
650 1700 757 1761 autem
785 1696 999 1767 iudicialem,
1032 1700 1064 1761 in
1096 1717 1235 1782 genere,
1259 1701 1342 1766 laico

158 1819 349 1883 instaurare
378 1817 535 1883 adversus
564 1819 720 1883 clericum
750 1840 815 1884 non
848 1829 896 1885 est
927 1822 1105 1904 integrum,
1131 1822 1170 1885 ob
1199 1822 1341 1889 eamdem

158 1942 324 2007 rationem
346 1943 546 2027 suspicionis,
563 1962 627 2027 qna
649 1944 750 2008 laicus
766 1945 936 2029 repellitur
950 1944 991 2011 ab
1014 1946 1195 2011 accusando
1212 1948 1341 2015 clerico.

253 2064 286 2147 b)
308 2065 525 2130 Nihilominus
552 2068 578 2130 si
603 2086 647 2131 ex
677 2068 814 2132 crimine
845 2068 981 2139 occulto,
1006 2069 1106 2133 veluti
1138 2088 1180 2133 cx
1211 2070 1342 2135 haeresi
1427 2138 1433 2152 ,

159 2198 217 2255 aut
241 2211 284 2256 ex
308 2194 445 2257 secretis
468 2192 768 2265 machinationibus,
792 2214 894 2279 grave
915 2194 1065 2259 damnum
1089 2196 1254 2261 immineat
1276 2198 1341 2259 rei·
1438 2173 1441 2190 ¹

158 2318 311 2403 publicae
335 2318 542 2400 christianae,
559 2321 684 2385 crimen
706 2340 772 2385 non
791 2321 926 2405 proprie
948 2320 1153 2387 iudicialiter
1168 2320 1224 2385 sed
1246 2340 1342 2389 cano·

156 2445 237 2510 nice
259 2444 519 2508 denunciandum
544 2451 607 2515 est,
633 2464 691 2510 seu
706 2444 748 2509 ad
764 2446 877 2511 indicis
893 2447 1038 2511 notitiam
1054 2444 1243 2530 simpliciter
1258 2445 1343 2511 dele

159 2569 300 2634 rendum
317 2575 417 2634 estut
432 2569 559 2654 publico
574 2569 660 2634 bono
676 2571 832 2658 invigilet.
852 2572 940 2652 Nam,
954 2573 1015 2638 etsi
1031 2572 1156 2636 crimen
1171 2577 1220 2636 est
1235 2571 1341 2636 occul-

157 2702 241 2763 tum.
264 2699 408 2759 attamen
432 2695 530 2760 iudici
552 2716 611 2760 seu
641 2669 818 2781 promotori
850 2695 951 2762 fiscali
985 2697 1117 2782 suggeri
1141 2703 1274 2780 possunt
1304 2717 1342 2762 ea

157 2820 291 2892 indicia,
307 2839 391 2903 quae
409 2821 606 2902 inquisitioni
622 2821 762 2904 spectati
777 2825 927 2886 sternunt
942 2823 1046 2896 viam3
1064 2825 1098 2885 at
1118 2826 1208 2887 certe
1224 2820 1343 2886 denun-

157 2949 291 3013 ciationi
315 2948 448 3032 proprie
468 2947 625 3013 iudiciali
647 2967 712 3011 non
737 2953 787 3012 est
808 2949 909 3014 locus.
926 2948 973 3013 Oi.
994 2945 1161 3014 Reiffenst.
1187 2947 1217 3012 b.
1244 2953 1263 3012 t.
1283 2947 1340 3013 93.

251 3071 282 3156 c)
307 3070 357 3135 Ad
384 3069 478 3151 baec,
501 3071 576 3154 quia
603 3071 636 3133 in
667 3072 767 3135 curiis
797 3072 1003 3137 constituitur
1029 3077 1196 3157 promotor
1222 3068 1342 3140 fiscalis

159 3199 194 3260 in
208 3196 293 3280 legis
315 3199 349 3259 et
370 3194 510 3260 institiae
531 3193 677 3266 tutelam,
694 3195 749 3260 bic
773 3195 946 3260 denunciat
968 3194 1065 3261 iudici
1085 3195 1222 3260 crimina
1245 3196 1340 3260 etiam

159 3323 294 3390 cendio
318 3319 494 3404 eademque
516 3327 572 3386 aut
594 3321 788 3386 iudicialiter
811 3323 1025 3406 persequitur,
1043 3341 1160 3406 nempe
1182 3324 1209 3387 si
1228 3324 1340 3406 exqui-

160 3449 232 3513 sitis
253 3444 499 3532 probationibus
519 3445 559 3510 de
583 3447 818 3511 crimine'rens
846 3447 995 3510 convinci
1019 3447 1126 3512 valeat
1149 3453 1184 3511 nt
1206 3466 1341 3530 poenam

160 3572 246 3634 luat.
283 3589 380 3652 quum
416 3568 479 3632 boc
512 3569 697 3652 expostulat
733 3568 851 3631 bonnm
889 3567 1102 3651 reipublicae:
1138 3575 1194 3633 aut
1228 3568 1340 3634 saltem

161 3701 257 3759 curat
284 3713 326 3757 ne
355 3692 473 3756 exinde
509 3691 693 3776 respublica
723 3691 798 3775 quid
829 3691 1013 3756 detrimenti
1036 3694 1151 3776 capiat.
1185 3693 1256 3756 Hac
1282 3692 1340 3757 sub

161 3821 288 3883 ratione
320 3819 456 3882 crimina
484 3819 579 3882 etiarn
612 3818 748 3883 occulta.
774 3837 856 3900 qnae
887 3816 1080 3881 iudicialiter
1112 3815 1242 3900 probari
1276 3835 1339 3880 non

159 3951 311 4032 possunt,
337 3945 460 4009 utiliter
486 3944 734 4018 denunciantur,
763 3943 1011 4008 denunciatione
1034 3943 1209 4011 canonico.
1239 3948 1273 4006 nt
1296 3945 1341 4007 ait

162 4070 360 4155 Pellegrini.
386 4069 445 4134 loc.
471 4069 523 4134 cit.
542 4068 626 4133 Sect.
652 4069 678 4132 l.
706 4069 754 4132 De
778 4067 1145 4132 concoenantem
1168 4072 1275 4132 autem
1300 4065 1340 4132 ob

158 4214 253 4278 quarn
278 4195 418 4258 crimina
440 4194 579 4261 occulte,
597 4191 886 4260 indiscriminatim,
901 4187 969 4255 bon
992 4197 1126 4276 possunt
1148 4181 1338 4256 denunciari
1432 4235 1435 4242 ι

158 4327 191 4383 et
214 4317 410 4384 iudicialiter
432 4319 593 4401 persequi.
614 4336 663 4380 esc
685 4317 759 4400 quia
782 4315 921 4381 laellitur
944 4315 1031 4380 sama
1055 4315 1202 4382 hominis,
1220 4317 1244 4377 si
1270 4317 1340 4398 quis

158 4445 197 4510 de
220 4444 363 4510 crimine
386 4442 576 4524 postuletur,
592 4441 675 4524 qnod
695 4449 743 4506 est
759 4441 919 4505 occultum
944 4459 1047 4523 neque
1069 4439 1200 4524 probari
1224 4445 1337 4524 potest.

229 4565 295 4618 Soc.
316 4562 394 4630 Lapa
424 4565 480 4616 Lib.
495 4563 528 4626 ΙΙ,
547 4563 591 4614 troi
615 4562 658 4615 tv,
1237 4561 1267 4610 lt
