3350 5100
698 962 1007 1052 Anonoa'rru
1036 961 1120 1053 IV.

544 1246 743 1293 rusrnuorro
773 1247 815 1293 os
844 1246 1274 1294 1unrcnsacotns1asrrcrs

598 1368 698 1415 ornos
722 1368 843 1417 causas
868 1368 1147 1416 narnrnomanas
1171 1350 1217 1434 (l)

777 1796 876 1881 PARS
905 1796 1037 1881 Pllllll.

668 1972 713 2031 ns
734 1988 891 2047 processu
911 1970 1151 2033 mammonam

408 2176 426 2237 ἓ
448 2172 470 2227 1.
490 2173 597 2228 Causae
619 2174 839 2227 matrimoniales
857 2174 892 2227 ad
910 2174 1029 2228 iudicem
1048 2174 1271 2229 ecclesiasticum
1295 2180 1431 2243 spectant,
1452 2172 1499 2226 cni

319 2280 370 2335 soli
390 2280 525 2349 competit
543 2280 576 2335 de
595 2281 741 2335 validitate
760 2282 930 2353 matrimonii
952 2288 981 2335 et
1003 2282 1226 2351 obligationibus
1247 2298 1282 2336 ex
1306 2279 1402 2335 eodem
1426 2278 1501 2333 deri-

318 2387 450 2441 vantibus
467 2388 635 2442 sententiam
654 2391 734 2443 serre.
750 2388 788 2443 De
802 2390 947 2443 effectibus
960 2390 1130 2443 matrimonii
1143 2404 1220 2444 mere
1232 2386 1361 2442 civilibus
1374 2391 1499 2455 potestas

320 2490 411 2545 civilis
429 2492 542 2546 iudicat.

320 2623 324 2638 ·
408 2603 425 2663 ἓ
444 2600 469 2652 2.
489 2598 628 2668 Coniuges
646 2600 675 2654 in
694 2601 784 2654 causis
804 2600 1058 2655 matrimonialibus
1075 2601 1193 2654 subsunt
1212 2599 1349 2668 Episcopo
1368 2599 1396 2651 in
1418 2596 1499 2650 cuius

319 2703 439 2759 dioecesi
458 2705 576 2759 maritus
593 2705 764 2760 domicilium
784 2705 878 2762 habet.
899 2706 1064 2777 Exceptioni
1078 2708 1156 2760 locus
1168 2713 1211 2760 est
1223 2707 1246 2760 si
1260 2706 1408 2774 coniugale
1420 2705 1498 2758 vitae

319 2812 489 2864 consortium
507 2821 556 2865 aut
576 2829 623 2881 per
643 2813 848 2888 separationem
866 2831 883 2866 a
902 2812 985 2866 thoro
1003 2817 1032 2867 at
1051 2828 1156 2876 mansa,
1175 2818 1225 2866 aut
1247 2827 1295 2881 par
1311 2811 1498 2866 desertionem

318 2918 487 2972 malitiosam
506 2935 524 2972 a
541 2919 642 2972 marito
662 2923 800 2988 patratam
818 2919 960 2974 sublatum
978 2921 1023 2974 sit
1037 2919 1127 2973 Priori
1140 2936 1205 2973 casu
1219 2918 1363 2989 quaelibet
1377 2935 1439 2987 pars
1453 2918 1500 2971 ins

318 3023 465 3078 accusandi
485 3032 583 3077 contra
600 3022 718 3078 alteram
741 3025 793 3093 ipsi
818 3030 980 3093 competens
1005 3039 1098 3078 coram
1124 3025 1261 3093 Episcopo
1285 2994 1427 3089 dioecesis,
1450 3023 1497 3076 ubi

319 3129 421 3185 haecce
439 3129 609 3184 domicilium
629 3130 722 3197 habet,
741 3145 873 3185 exercere
890 3131 981 3185 debet.
1003 3131 1152 3185 Posteriori
1172 3148 1237 3185 casu
1258 3147 1327 3184 uxor
1344 3129 1417 3198 apud
1429 3129 1498 3199 Epi·

319 3251 443 3304 scopum‚
461 3237 535 3290 intra
554 3238 633 3290 cuius
646 3227 801 3292 ¹dioecesim
819 3239 992 3292 domicilium
1011 3238 1071 3292 eius
1088 3239 1174 3292 situm
1194 3242 1246 3302 est,
1259 3237 1398 3291 actionem
1417 3235 1500 3307 insti·

319 3347 398 3396 tuere
417 3345 519 3410 potest.
533 3343 684 3413 Postquam
698 3344 795 3397 citatio
808 3342 948 3397 iudicialis
961 3343 1092 3396 intimata
1100 3348 1152 3409 ast,
1165 3343 1285 3396 mutatio
1297 3341 1387 3412 quoad
1401 3339 1498 3394 coniu-

317 3463 383 3517 gum
403 3447 572 3502 domicilium
598 3451 672 3504 tacta
697 3449 881 3504 mutationem
906 3455 1035 3519 respectu
1060 3449 1159 3502 iudicis
1177 3449 1362 3517 competentis
1380 3447 1496 3504 minime

320 3559 460 3624 operatur.

407 3657 468 3724 §3-
490 3659 529 3715 Ut
546 3661 575 3712 in
598 3660 733 3713 tribunali
759 3659 950 3715 ecclesiastico
975 3677 1059 3714 causa
1086 3659 1183 3729 aliqua
1202 3657 1418 3713 matrimonialia
1437 3663 1496 3714 tra·

319 3767 419 3824 ctanda
438 3766 614 3834 suscipiatur,
633 3781 746 3820 necesse
766 3771 808 3820 est
827 3771 975 3820 utcontra
992 3766 1200 3820 matrimonium
1220 3765 1359 3835 regularis
1378 3768 1407 3818 et
1426 3767 1496 3820 iuri·

406 3975 437 4032 (Ι)
452 3977 514 4018 llaec
528 3977 651 4018 Instructio
672 3976 727 4018 dara
746 3983 783 4019 est
799 3989 821 4019 a.
838 3977 891 4020 1883
905 3989 920 4019 a
935 3977 959 4020 S.
975 3977 1060 4031 cunm.
1075 3975 1103 4018 de
1115 3978 1185 4032 Prop.
1201 3975 1257 4020 Fide
1274 3977 1302 4020 sd
1317 3977 1494 4020 Foederatorum

318 4065 424 4109 statuum
439 4068 554 4109 American
569 4065 712 4118 Ordinurios3
726 4067 850 4122 eademque
868 4080 925 4122 pene
945 4065 974 4110 ad
997 4067 1091 4110 verbum
1104 4067 1151 4120 (stt
1164 4070 1246 4111 videre
1264 4073 1298 4111 est
1311 4068 1339 4110 t‘n
1353 4067 1447 4111 Uellea
1466 4069 1497 4112 de

320 4155 391 4210 Prop.
407 4157 467 4199 Fida
481 4157 542 4200 edita
555 4155 647 4200 Romae
662 4169 684 4198 s.
701 4157 772 4210 18⁹3,
784 4169 841 4212 pap.
857 4158 911 4211 691)
929 4157 1070 4211 transcripta
1087 4161 1125 4198 est
1142 4156 1171 4199 ab
1185 4157 1256 4198 Instr.
1270 4155 1326 4197 data
1343 4167 1359 4196 a
1376 4156 1401 4199 S.
1415 4155 1496 4199 omnio

318 4243 347 4286 ad
362 4243 491 4287 ordinarios
509 4245 594 4287 rituum
615 4245 757 4288 orientalium
776 4248 812 4290 dia
827 4245 862 4288 20
875 4246 944 4288 Iunii
962 4247 1033 4288 1883.
1049 4266 1060 4276 ·
1075 4243 1172 4288 additae
1192 4249 1247 4286 sunt
1266 4245 1289 4286 in
1307 4243 1417 4300 principio
1435 4243 1496 4286 duae

318 4333 456 4388 paragraphi
470 4331 602 4388 desumptae
616 4333 645 4376 nb
661 4333 814 4376 Instructione
829 4335 970 4388 austriam
984 4332 1059 4376 tactae
1073 4344 1128 4374 vero
1142 4338 1199 4375 nunt
1214 4343 1342 4388 perpaucae
1355 4332 1495 4375 mutationes

319 4423 466 4478 respicientes
480 4423 584 4466 diversas
598 4423 737 4466 conditiones
752 4423 885 4479 disciplinae
898 4431 922 4467 et
938 4422 1076 4466 hierarchiae
1089 4421 1172 4464 eccles.
1183 4422 1206 4463 in
1217 4424 1334 4465 Amemcae
1348 4422 1496 4466 civitatibus.
