3350 5100
545 328 591 374 un
615 325 753 373 romans
777 324 1019 372 cnmmnmnns
1304 304 1370 371 279

191 451 276 516 aeus
300 456 332 515 et
359 450 515 533 probatis
541 451 677 515 crimine
705 468 769 514 non
798 449 993 521 convictum,
1018 468 1112 531 quem
1138 452 1247 512 umen
1271 446 1369 513 index

192 576 359 661 cognoscit
381 595 424 639 ex
446 595 505 640 sna
527 576 673 649 scientia,
698 574 843 639 criminis
866 577 1042 639 auctorem.
1061 574 1141 637 Nam
1160 578 1234 637 acta
1250 577 1282 637 et
1298 592 1370 657 pro-

191 700 266 765 bata
294 702 494 765 constituunt
521 699 838 783 praesumptionem
868 697 1203 781 consenescere
1230 698 1372 763 onitate

191 825 330 892 habetur
352 826 386 889 in
407 825 487 907 foro
509 830 661 897 eumue,
686 842 851 909 quousque
874 824 1073 889 contrarium
1098 842 1162 887 nou
1186 822 1350 908 probetur.

281 954 325 1015 At
339 970 404 1014 non
419 949 539 1015 exinde
554 950 699 1033 seqnitur
713 968 808 1035 posse
821 948 1030 1015 condemnari
1046 950 1261 1019 innocentem,
1276 967 1369 1031 quem

191 1079 268 1139 octa
292 1079 326 1139 et
343 1072 494 1157 probata
508 1074 555 1139 uti
575 1090 667 1139 reum
688 1058 874 1138 traducunt.
894 1074 972 1138 Nam
989 1074 1110 1137 veritas
1124 1071 1293 1155 formatas,
1311 1090 1368 1137 seu

191 1201 294 1287 iurata
302 1206 390 1273 aeto,
402 1206 452 1266 est
462 1201 701 1284 praesumptio
712 1201 814 1283 iuris5
828 1206 863 1265 at
874 1202 1042 1285 quaeritur
1053 1220 1094 1265 an
1107 1198 1225 1265 cedere
1238 1198 1371 1264 deberet

191 1326 326 1391 annoti
339 1325 563 1399 nascamini,
576 1324 703 1409 quaudo
719 1329 875 1411 ageretur
890 1324 930 1391 de
944 1323 1163 1410 proculcanda
1179 1325 1256 1391 ture
1270 1323 1370 1389 homi·

192 1448 243 1513 nis
258 1452 357 1514 certa.
375 1448 418 1512 Et
433 1449 465 1521 iu
481 1447 545 1511 hoc
560 1448 625 1512 DD.
642 1447 763 1531 triplex
786 1446 957 1511 sententia.
976 1446 1132 1529 Equidem
1150 1446 1214 1510 Di).
1231 1464 1369 1510 numero

191 1572 313 1657 plures,
330 1571 374 1636 uti
390 1571 503 1637 videre
527 1577 576 1637 est
598 1571 682 1657 apud
705 1570 885 1656 Schmalzg.
912 1572 939 1651 I,
964 1569 1024 1645 32.
1048 1590 1082 1636 n.
1106 1570 1164 1643 26,
1190 1574 1368 1649 autumant,

191 1695 288 1761 iudici
303 1695 354 1762 fas
368 1715 433 1760 non
457 1715 537 1768 esse,
553 1696 707 1770 scienter,
732 1694 950 1762 condemnare
974 1696 1188 1760 innocentem.
1213 1695 1279 1759 Alii
1303 1694 1366 1759 DD.

192 1821 329 1886 mediam
353 1823 466 1886 ineunt
479 1822 565 1885 viam
580 1820 816 1906 distinguentes
834 1840 949 1886 causas
964 1820 1149 1885 criminales
1172 1819 1325 1884 minores
1346 1838 1366 1881 a

191 1946 388 2019 maturatus,
405 1944 520 2030 quibus
538 1945 644 2011 fertur
667 1964 772 2030 poena
794 1946 941 2030 capitalis
960 1950 1016 2010 aut
1037 1945 1102 2011 alia
1124 1945 1201 2009 huic
1216 1945 1367 2027 aequiva-

192 2069 271 2134 lens.
285 2107 297 2117 ·
312 2070 408 2135 Ratio
419 2070 632 2134 distinctionis
648 2074 697 2134 est
712 2070 796 2153 quia,
812 2070 847 2133 in
863 2068 1042 2133 mitioribus
1057 2067 1236 2134 inferendis
1247 2054 1388 2153 poeuis'

192 2212 246 2257 res
269 2192 396 2277 publica
418 2194 488 2257 sive
510 2193 615 2257 civilis
638 2193 707 2256 sive
730 2192 885 2277 relig'osa
914 2192 1133 2276 praesumitur
1160 2210 1224 2255 non
1257 2192 1369 2275 exqui-

192 2336 268 2383 rere
292 2320 353 2383 nisi
377 2320 548 2384 veritatem
570 2316 764 2399 formatem,
782 2318 814 2380 iu
829 2315 902 2381 aliis
922 2335 1001 2381 vero
1025 2316 1229 2403 gravioribus
1254 2317 1366 2400 poenis

192 2444 368 2527 exquirere
387 2443 559 2508 veritatem
575 2441 833 2508 substantialem
848 2460 906 2507 seu
922 2440 1119 2507 obiectioam
1141 2444 1274 2525 praeter
1297 2438 1369 2521 for-

191 2570 327 2635 matem.
346 2604 363 2616 -
382 2568 433 2634 Uti
450 2573 538 2652 patet
553 2569 635 2632 ratio
656 2569 750 2633 huius
770 2569 1014 2633 controversiae
1030 2571 1154 2653 spectat
1169 2566 1209 2630 ad
1225 2569 1368 2651 systema

189 2691 402 2776 probationis
418 2691 547 2777 tepolis,
564 2690 647 2774 quod
673 2709 790 2755 revera
813 2690 953 2754 maxime
968 2687 1097 2774 vigebat
1117 2687 1243 2772 quando
1264 2689 1366 2754 Cano·

191 2818 294 2882 nistae
309 2822 343 2880 et
358 2816 515 2900 'theologi
531 2817 693 2880 acerrime
709 2814 854 2878 dehisce
871 2812 1109 2914 quaestionibus
1125 2803 1212 2880 inter
1235 2833 1270 2878 se
1295 2833 1369 2878 con-

193 2940 370 3006 certabant.

280 3065 423 3130 Pm'mae
431 3064 642 3131 etsecundae
649 3065 830 3128 sententiae
837 3060 1031 3128 contradicit
1039 3063 1069 3128 S.
1077 3063 1217 3128 Thomas
1227 3061 1370 3150 (2.⁰2⁰⁶.

187 3185 223 3270 ‘q.
238 3186 294 3258 64,
310 3205 343 3251 a.
360 3187 393 3260 6,
405 3187 454 3252 od
468 3185 504 3272 3)
521 3188 574 3270 qui
590 3185 721 3250 tradit«
737 3183 851 3252 tuden
867 3185 896 3250 si
914 3186 975 3250 sctt
991 3187 1140 3270 aliquem
1155 3186 1368 3252 innocentem

191 3329 270 3386 esse,
284 3313 344 3395 qui
358 3311 458 3394 falsis
470 3311 606 3377 testibus
617 3311 839 3383 convincitur,
852 3309 947 3376 debet
959 3311 1154 3396 ditiqentius
1166 3311 1372 3378 examinare

193 3441 287 3502 testes
301 3441 338 3501 ut
353 3436 505 3502 inveniat
519 3435 732 3502 occasionem
748 3435 920 3501 liberandi
935 3435 1127 3516 iunoniam,
1144 3435 1232 3502 sicut
1245 3435 1368 3500 Daniel

190 3555 280 3640 fecit.
297 3559 336 3624 Si
351 3564 465 3625 autem
481 3559 542 3624 hoc
555 3538 627 3625 non
638 3563 757 3642 potest,
775 3557 871 3624 debet
887 3577 965 3624 eum
982 3557 1161 3641 Sopater-2·
1175 3559 1369 3643 relinquere

190 3682 425 3750 iudicandum.
443 3681 481 3748 Si
496 3690 610 3749 autem
634 3684 697 3749 hoc
717 3703 789 3749 non
808 3688 928 3765 potest,
945 3702 1016 3748 non
1034 3689 1163 3766 peceat,
1181 3683 1368 3750 seeundum

191 3809 338 3894 atteqata
362 3814 392 3874 et
411 3808 560 3892 probata
583 3809 786 3875 sententium
808 3808 933 3891 sereres,
955 3808 1038 3893 quia
1060 3810 1133 3892 ipse
1154 3829 1225 3876 non
1249 3809 1370 3875 oceidit

190 3931 413 4006 innocentem,
425 3933 486 3998 sed
500 3933 552 3998 itti
564 3933 713 4018 quicum
725 3938 884 3998 asserunt
897 3939 1073 4000 nocentem
1086 3955 1115 3997 s.
1135 3933 1229 3999 Hanc
1242 3933 1370 3998 conclu·

190 4056 316 4120 sionem
336 4055 499 4121 mordicus
523 4058 730 4141 impetierunt
753 4058 818 4122 DD.
843 4058 1029 4123 contrariae
1052 4059 1233 4124 sententiae
1250 4063 1282 4123 et
1298 4077 1368 4122 earn

190 4197 273 4264 pene
296 4180 496 4244 immoralem
520 4180 712 4246 habuerunt.
727 4215 744 4227 ·
762 4184 805 4246 At
820 4183 1049 4265 quaestionem,
1068 4182 1099 4245 in
1123 4182 1270 4247 terminis
1290 4183 1370 4268 posi-

189 4308 255 4366 tam
278 4321 298 4365 a
321 4302 395 4367 divo
418 4302 541 4368 Thema
564 4306 789 4388 praesignatis.
807 4325 872 4369 non
889 4305 1010 4370 haereo
1027 4305 1138 4370 eadem
1162 4307 1369 4373 conclusione

191 4425 337 4492 definire.
363 4428 441 4492 Nam
465 4428 495 4493 S.
522 4430 642 4494 Ductor
665 4430 792 4512 quaerit
815 4448 862 4494 on
886 4435 1002 4512 peccet
1029 4431 1081 4514 qui
1110 4430 1252 4494 scienter
1284 4431 1368 4496 dam·
