3350 5100
527 312 571 360 or
598 313 751 363 nanterre
775 315 817 362 ur
841 314 961 363 porris
1288 297 1334 364 85

242 431 461 506 Quamobrem
488 435 518 516 l)
541 437 646 521 posita
666 436 730 504 hae
753 435 892 522 eligendi
917 437 1080 512 facultate,
1105 437 1221 504 electio
1245 457 1332 504 oom-

151 559 237 643 petit
257 561 447 644 stupratori.
469 565 632 645 tamquam
655 560 792 628 debitori
812 561 870 649 (1).
895 599 913 610 -
937 561 1114 648 impeditur
1136 566 1244 628 autem
1266 563 1333 629 hoo

149 680 323 746 electionis
337 682 397 755 ius,
420 683 449 748 si
472 687 617 768 stuprata
632 685 712 749 nolit
726 686 757 750 ei
771 685 908 764 nubere,
931 691 1067 751 autnon
1082 687 1182 770 possit
1196 689 1335 771 propter

149 804 286 889 aliquod
307 805 577 890 impedimentum.
593 813 626 873 et
644 813 722 875 tune
744 814 910 894 stuprator
932 813 1062 874 tenetur
1085 810 1186 894 ipsam
1210 779 1337 891 dotare'

150 930 290 1014 quodsi
313 951 378 996 non
401 932 510 997 valeat
532 938 711 1018 praestare,
735 934 768 999 iu
791 951 959 998 carcerem
983 932 1201 1000 detrudendus
1231 939 1334 1010 esset;
1425 947 1427 954 '

152 1055 242 1120 unde
263 1056 367 1123 tribus
389 1057 542 1123 membris
564 1062 692 1126 oonstat
713 1059 919 1124 comminatio
944 1059 1015 1125 iure
1038 1033 1125 1126 iactu
1155 1061 1335 1146 stupratori

155 1201 177 1244 a
193 1187 257 1246 aret
278 1183 362 1254 duc,
386 1181 566 1259 aetatula,
590 1189 653 1249 aut
679 1184 727 1250 ad
757 1184 910 1251 triremes
930 1204 962 1260 »3
988 1183 1030 1250 cf.
1062 1183 1267 1268 rhoeam,
1291 1185 1335 1258 ΙΙ,

153 1325 188 1370 r.
214 1305 391 1392 Stuprum.
418 1343 436 1356 ·
461 1307 566 1374 Hodie
588 1327 711 1394 poenae
734 1309 892 1394 spirituali
915 1309 1007 1374 locus
1029 1305 1075 1374 dt.

293 1431 328 1514 2)
351 1431 384 1498 Si
408 1431 526 1516 puella,
542 1438 656 1518 sponte
671 1452 739 1506 sua,
756 1434 805 1498 sui
829 1435 977 1519 eorporis
994 1433 1120 1518 copiam
1137 1432 1225 1514 feeit,
1241 1432 1340 1498 viola·

153 1563 213 1622 tor
234 1561 269 1622 et
287 1557 395 1642 puella
410 1561 563 1624 tenentur
577 1558 615 1623 in
629 1558 778 1625 solidum
791 1558 916 1643 prolem
940 1557 1025 1623 forts
1051 1563 1158 1624 natam
1174 1555 1265 1622 alere
1281 1555 1338 1643 (2),

153 1682 218 1748 sed
239 1683 381 1750 violator
410 1703 472 1750 neo
501 1684 614 1750 dotare
637 1703 699 1750 neo
722 1683 851 1758 ducere.
876 1703 937 1771 per
960 1703 1007 1758 se,
1029 1685 1158 1770 cogitur
1188 1681 1338 1769 puellam.

158 1807 308 1892 loquum,
320 1827 389 1892 per
402 1827 448 1891 re,
464 1827 539 1875 nam
558 1814 711 1895 parentes
732 1811 786 1894 qui
802 1811 941 1896 puellam
962 1809 1123 1874 collocare
1146 1828 1211 1873 non
1231 1805 1342 1873 valent

158 1932 223 1996 nisi
253 1937 356 1998 aucto
382 1933 469 2005 dote,
498 1931 692 1999 iudicialiter
720 1933 917 2019 compellere
946 1932 1058 1997 valent
1086 1932 1279 1998 violatorem
1306 1937 1345 1998 ut

156 2056 270 2123 dotem
292 2058 361 2142 ipse
383 2063 510 2144 augeat.
534 2058 582 2124 cf.
607 2058 639 2124 S.
663 2057 771 2143 Alpi„
796 2059 863 2130 HI,
888 2077 922 2122 n.
948 2057 1030 2122 640.

298 2184 331 2268 3)
363 2184 396 2250 Si
427 2185 535 2269 puella
563 2186 613 2250 sui
635 2183 799 2250 violationi
831 2185 995 2249 consensit
1026 2182 1066 2248 ob
1098 2173 1343 2269 promissionem

161 2327 283 2374 oerum
305 2315 361 2373 aut
382 2309 496 2392 flotam
510 2309 570 2374 sibi
592 2329 613 2372 a
627 2308 786 2374 violatore
808 2308 937 2380 factam.
953 2308 1097 2373 violator
1113 2313 1244 2374 tenetur
1258 2307 1344 2392 puel·

163 2423 229 2496 lam
252 2433 374 2498 ducere
397 2435 430 2497 in
446 2451 592 2498 uxorem.
610 2433 731 2498 'lamen
755 2435 780 2498 si
797 2435 865 2518 ipse
882 2433 922 2498 ob
937 2451 1060 2519 pravas
1080 2434 1231 2499 rationes
1250 2434 1343 2496 istam

162 2559 244 2625 nolit
264 2559 384 2625 ducere
400 2565 536 2626 autnon
552 2562 660 2645 possit,
676 2565 755 2625 tuno
770 2566 820 2626 est
833 2561 924 2625 loeus
940 2560 1140 2625 indemnitati
1158 2578 1218 2644 per
1237 2558 1344 2623 dotem

159 2686 432 2752 constituendam.
462 2685 553 2760 Quod
584 2687 664 2751 iuris
694 2687 721 2751 si
752 2686 860 2771 puella
890 2690 958 2771 ipsa
989 2686 1073 2751 nolit
1104 2682 1249 2750 nuberet
1276 2684 1345 2749 Etsi

163 2810 289 2876 nubere
321 2819 452 2877 recuset
481 2809 521 2875 ob
552 2817 662 2895 postea
689 2811 834 2877 detectus
863 2830 987 2897 praees
1014 2810 1178 2890 rationer,
1206 2808 1348 2874 violator

160 2940 296 3002 tenetur
325 2936 465 3021 puellam
496 2936 678 3001 indemnem
709 2936 860 3011 reddere,
890 2936 1061 3000 constituta
1093 2934 1166 2998 dote
1196 2940 1256 2999 aut
1283 2934 1347 2998 alia

164 3062 312 3137 ratiune;
334 3062 362 3125 si
377 3080 458 3126 vero
480 3060 598 3145 puella,
612 3061 652 3126 ob
673 3066 828 3126 mutatum
843 3060 1018 3127 voluntatis
1047 3060 1252 3144 propositum,
1270 3059 1346 3142 quin

274 3274 315 3343 (l)
335 3272 517 3339 D‘Annibale,
536 3272 575 3339 II,
588 3273 665 3339 277,
684 3272 778 3326 docet:
797 3272 936 3326 ‹Electio
950 3282 1044 3326 autem
1056 3270 1189 3325 mulieris
1207 3280 1265 3335 εεις
1284 3287 1351 3323 num

164 3384 232 3451 copi
242 3398 300 3435 non
309 3391 411 3451 potest,
422 3398 474 3435 nec
486 3381 548 3434 viro
560 3382 715 3443 Μαι-Π,
726 3396 779 3434 nec
790 3382 884 3433 dotem
895 3381 1023 3450 accipere
1033 3380 1134 3449 quippe
1147 3394 1201 3448 quo
1216 3378 1352 3431 domnum

168 3488 291 3555 illatum,
309 3488 434 3541 murima
451 3488 477 3539 si
493 3503 550 3541 non
568 3488 711 3550 consentit,
730 3488 767 3538 ud
785 3484 982 3553 aequalitatem
994 3487 1129 3554 reparari
1146 3500 1202 3536 non
1220 3490 1313 3551 potere
1326 3496 1351 3531 s.

170 3592 275 3648 Verum
294 3593 364 3648 haec
382 3594 509 3650 doctrina
526 3592 624 3648 reeidit
642 3592 671 3647 in
689 3580 775 3645 ali'am
793 3608 810 3644 a
829 3591 909 3645 nobis
923 3590 1065 3657 traditam,
1078 3588 1145 3660 quia
1158 3604 1249 3658 neque
1262 3586 1352 3640 virum

168 3698 283 3769 expedit
295 3698 415 3752 invitum
428 3712 528 3767 eogere
542 3701 574 3751 ut
585 3696 669 3751 ducat
682 3696 852 3751 defloratam.
866 3722 879 3736 ·
893 3694 990 3748 Cessat
1003 3698 1096 3748 autam
1113 3691 1265 3746 necessitas
1283 3704 1354 3743 con·

169 3804 329 3859 stitnendae
342 3804 415 3857 dotis
433 3805 457 3857 si
475 3802 577 3857 mulier
589 3802 701 3873 quando
718 3807 845 3871 stuprum
865 3816 945 3869 passa
963 3804 1006 3854 est
1025 3800 1053 3852 in
1073 3814 1107 3852 ea
1123 3794 1285 3850 conditione
1298 3808 1354 3847 nou

170 3910 258 3964 fuerit
281 3916 315 3965 ut
337 3912 446 3965 nubere
470 3914 577 3979 possat3
599 3909 669 3964 item
693 3909 717 3963 si
741 3912 869 3977 stuprum
893 3907 935 3961 ita
956 3906 994 3959 sit
1017 3902 1158 3959 occultum
1188 3904 1220 3955 ut
1243 3914 1279 3953 ex
1302 3898 1356 3952 hoe

172 4014 282 4069 nullum
300 4016 431 4069 dammm
450 4016 574 4085 patiatur
592 4014 701 4069 mulier.
722 4011 904 4077 D'Anuibada
926 4012 945 4063 l.
964 4028 987 4065 c.

263 4125 303 4193 (2)
322 4124 385 4177 lure
405 4124 530 4177 Romano
548 4122 594 4191 (ef.
608 4121 777 4190 Sohmaizgr.
789 4123 818 4175 ta.
833 4130 851 4173 t.
868 4136 894 4172 n.
907 4120 964 4186 55),
983 4121 1075 4171 mater
1094 4116 1248 4184 cogebatur
1267 4113 1356 4167 fliium

170 4246 224 4283 suo
244 4230 315 4285 lucta
333 4230 411 4286 alere
437 4245 523 4300 usque
547 4228 582 4282 ad
607 4228 772 4290 triennium
792 4224 908 4295 posthae
929 4221 1016 4291 patris
1034 4226 1096 4275 erat
1114 4220 1189 4275 filios
1212 4220 1297 4275 alere.
1317 4218 1358 4272 Ex

176 4339 237 4391 iure
254 4336 398 4400 hodierno,
417 4336 504 4391 veluti
524 4352 560 4391 ex
578 4336 639 4391 iure
657 4333 775 4398 Gallico,
791 4332 858 4403 quia
877 4329 950 4384 istud
970 4328 1075 4383 iussum
1094 4344 1149 4383 non
1168 4330 1209 4396 dt,
1229 4330 1309 4397 pater
1327 4330 1358 4380 et

176 4448 275 4510 mater,
292 4446 321 4499 in
340 4444 468 4511 solidum,
488 4447 621 4499 tenantur
639 4442 709 4513 proli
729 4439 886 4495 consulare.
