3350 5100
324 290 391 355 364
838 312 920 357 raas
945 312 995 355 111.

324 432 369 494 ita
384 432 528 517 explicat
543 433 639 496 ritum
660 434 879 518 pascationis
902 453 977 499 can.
996 454 1014 495 a
1031 433 1143 500 Porro
1161 433 1381 519 pascationis
1405 440 1501 497 tutor

323 557 389 622 crit
411 555 616 622 huiusmodi:
632 557 821 641 Episcopus
840 557 1023 642 (accusatus
1046 558 1085 622 de
1109 561 1246 624 crimine
1265 558 1422 623 simoniae
1444 555 1500 623 sed

323 680 524 746 iudicialibus
540 682 782 767 probationibus
797 684 927 748 omnino
947 680 1181 767 deficientibus)
1201 681 1328 747 iurabit
1343 682 1500 765 primum

322 812 569 887 supersecuta
592 806 655 871 Dei
676 806 856 891 eoanpelio
878 806 971 889 quod
991 825 1058 889 pro
1083 806 1234 872 Erotem
1254 806 1289 869 S.
1305 804 1501 886 Pimpra-

321 928 455 1013 sbytcro
478 930 517 994 P.
543 925 672 1009 danda
695 950 759 996 uec
779 932 853 1013 ipse
874 950 942 1013 par
966 950 1003 995 sc
1028 949 1091 996 uec
1109 950 1176 1013 per
1197 929 1400 997 submissam
1420 946 1497 1011 per-

323 1071 444 1118 sonam
459 1072 522 1119 nec
535 1054 662 1140 aliquis
674 1074 742 1139 pro
765 1074 815 1129 eo,
831 1074 868 1120 sc
889 1057 1023 1135 amente,
1035 1056 1187 1137 pretium
1210 1055 1355 1136 recepit:
1378 1054 1502 1120 danda

324 1184 604 1264 compurpato'rcs
625 1197 731 1261 aspar
752 1184 872 1244 sancta
903 1178 966 1245 Dei
995 1179 1186 1264 Eoonpetia
1215 1178 1379 1243 iurabant
1409 1177 1501 1261 quod

323 1301 391 1383 ipsi
409 1302 553 1388 madunt
570 1320 691 1367 oerum
705 1322 776 1369 essa
793 1324 822 1366 a.
841 1304 966 1368 Verum
990 1304 1065 1387 quia
1086 1302 1303 1388 pascationis
1327 1304 1407 1366 ritus
1429 1301 1501 1366 ado·

324 1432 431 1512 ptatus
446 1427 508 1493 tuit
522 1430 613 1511 quasi
628 1427 775 1513 probatio
797 1429 969 1495 iudicialis
993 1427 1177 1494 exbibenda
1198 1428 1238 1492 ab
1264 1430 1331 1513 ipso
1351 1435 1502 1493 accusato

323 1552 411 1636 (dum
434 1554 536 1616 actori
561 1572 618 1617 seu
641 1556 824 1618 accusatori
849 1556 933 1619 inest
948 1574 1029 1618 onus
1046 1553 1213 1637 probandi,
1230 1572 1294 1617 non
1310 1572 1390 1619 vero
1405 1570 1502 1617 accu-

324 1677 416 1761 sato),
434 1677 567 1743 deflexit
586 1697 606 1741 a
624 1697 682 1743 suo
702 1680 847 1743 instituto
868 1681 963 1743 etita
985 1678 1207 1763 reprobandus
1222 1666 1276 1742 vest
1299 1684 1331 1743 et
1354 1676 1395 1741 ob
1418 1678 1504 1741 hanc

326 1804 590 1888 reprehensionis
615 1811 723 1871 notam
741 1825 802 1869 nec
818 1824 882 1870 non
899 1811 1033 1889 propter
1047 1804 1210 1868 fallaciam
1226 1804 1399 1868 iuramenti
1416 1822 1503 1887 prae-

324 1930 389 1993 stiti
412 1928 454 1994 ab
478 1931 546 2013 ipso·
573 1937 728 1995 accusem
755 1932 899 1995 reiectus
923 1930 986 1995 tuit
1015 1932 1112 1995 etiam
1137 1949 1156 1993 a
1180 1929 1251 1993 loro
1274 1929 1389 1993 eccles.
1417 1928 1502 1991 Malo

324 2052 392 2117 fato
415 2048 582 2119 suffectum
607 2053 667 2117 luit
690 2056 781 2138 peius
805 2053 993 2123 remedium.
1018 2028 1162 2120 tortura.

413 2177 490 2242 294.
516 2179 672 2264 Purgatio
695 2181 863 2245 cononica
889 2181 997 2265 prouti
1020 2184 1069 2243 est
1095 2178 1286 2244 remedium
1312 2178 1500 2243 castratum·-

324 2303 409 2366 ciate
432 2304 529 2366 etiam
553 2302 649 2367 hodie
672 2303 796 2369 utiliter
819 2303 1020 2387 frequentari
1053 2322 1147 2388 posse
1177 2302 1322 2377 videtum
1346 2301 1501 2385 siquidem

323 2436 450 2492 certum
474 2438 523 2492 est
549 2428 725 2512 simplicem
756 2424 1002 2495 absolutionem
1033 2427 1214 2493 iudicialem
1238 2429 1413 2493 autetiam
1437 2445 1502 2492 non

323 2555 535 2618 instauratam
562 2553 757 2619 iudicialem
788 2556 973 2620 instantiam
1002 2552 1041 2618 ob
1072 2553 1234 2618 defectum
1266 2552 1500 2638 probationum,

323 2696 388 2741 non
411 2697 513 2762 usque
539 2677 691 2743 sufficere
720 2677 762 2742 ad
791 2678 1025 2743 conciliandam
1057 2676 1259 2763 presbyteris
1289 2697 1360 2742 eam
1392 2679 1503 2742 existi-

323 2803 498 2866 mationem
514 2804 619 2867 omnis
635 2803 781 2867 maculae
796 2811 975 2888 expertem,
993 2822 1056 2887 qua
1073 2805 1134 2868 nisi
1151 2803 1303 2867 fruantur
1316 2803 1392 2866 utile
1407 2803 1502 2866 mini·

323 2926 456 2991 sterium
471 2945 590 3011 gerere
606 2945 670 2990 non
687 2927 807 2991 valent.
825 2925 977 2992 Ceterum
994 2946 1088 2992 nemo
1105 2926 1190 2992 dicet
1212 2926 1333 2991 nullius
1352 2924 1503 3009 ponderis

324 3073 395 3117 esse
421 3054 637 3116 iuramentum
669 3054 858 3136 praestitum
890 3053 1079 3118 solemniter
1106 3072 1126 3116 a
1153 3052 1338 3130 sacerdote,
1363 3052 1503 3116 maxime

324 3195 397 3239 cnm
412 3195 490 3240 suae
508 3177 695 3241 assertionis
710 3175 843 3240 adhibet
857 3185 956 3241 testes
972 3179 1057 3241 omni
1075 3179 1269 3261 exceptione
1293 3178 1433 3240 maiores
1449 3177 1500 3258 qui

324 3299 408 3365 idem
425 3302 521 3366 iurati
537 3307 736 3366 asseverant.
752 3339 768 3347 -
781 3299 912 3366 Pondus
924 3302 1018 3366 huius
1031 3301 1230 3387 probationis
1246 3304 1296 3365 ius
1312 3303 1502 3366 canonicum

324 3427 433 3510 magni
463 3426 543 3491 iacit
572 3427 604 3489 in
635 3428 713 3510 ipsis
744 3427 850 3490 causis
877 3424 1182 3506 matrimonialibus,
1206 3446 1302 3510 quum
1330 3427 1439 3512 agitur
1461 3425 1502 3489 de

323 3551 552 3634 impedimento
579 3551 786 3634 impotentiae
815 3550 952 3614 coeundi
982 3558 1038 3616 aut
1065 3551 1105 3616 de
1136 3551 1339 3616 matrimonio
1368 3558 1439 3616 rato
1470 3555 1502 3614 et

324 3695 390 3738 non
417 3681 647 3740 consummato.
672 3674 732 3748 Qui
760 3676 846 3739 enim
875 3675 1028 3740 eiusmodi
1056 3675 1143 3740 facta
1170 3677 1287 3740 asserit
1315 3677 1347 3739 in
1375 3674 1502 3753 iudicio,

220 3860 225 3867 .
323 3801 520 3884 potissimum
544 3798 627 3863 haec
650 3799 765 3884 probat
787 3819 847 3883 per
862 3819 951 3864 suam
974 3801 1127 3866 iuratam
1150 3802 1366 3864 assertionem
1389 3807 1422 3866 et
1445 3819 1504 3884 per

323 3931 423 3988 testes
444 3925 608 4006 septimae
634 3941 768 3999 mcum,
793 3943 874 4007 quos
896 3923 1025 3990 adducit
1056 3926 1089 3988 in
1119 3922 1396 3990 confirmationem
1426 3943 1503 3989 suae

324 4050 547 4115 attestationis.
573 4049 663 4113 Tunc
687 4047 841 4130 eiusmodi
866 4049 1082 4113 iuramentum
1108 4056 1173 4119 est.
1199 4050 1330 4119 merito,
1356 4047 1503 4133 probatio

323 4173 505 4253 iudicialis,
529 4175 645 4257 quippe
671 4173 713 4237 ab
736 4193 774 4237 eo
798 4172 973 4238 exhibetur
996 4175 1047 4238 cui
1072 4176 1225 4257 competit
1249 4171 1389 4257 probare
1412 4192 1502 4237 suam

324 4297 546 4360 assertionem.
572 4296 621 4360 Of.
647 4297 826 4380 Responsio
850 4296 882 4362 S.
898 4295 933 4362 G.
952 4297 985 4362 C.
1010 4297 1047 4361 itt
1070 4315 1142 4362 utta
1168 4295 1365 4362 Varsaot'ert.
1389 4314 1504 4361 ruente

325 4420 427 4486 Iunio
452 4420 550 4485 1894.
