3350 5100
334 325 401 393 502
848 345 931 393 rans
956 345 1003 391 111.

333 464 496 551 dispensat
524 469 557 531 in
590 467 725 552 singulis
756 467 897 541 casibus,
922 467 1036 551 quibus
1067 467 1153 534 banc
1182 470 1322 554 gratiam
1346 471 1514 555 impertire

333 591 450 656 bonum
475 611 546 657 esse
568 593 636 678 ipse
659 591 852 663 arbitratur.
876 592 981 658 Hodie
1005 599 1080 658 sunt
1102 593 1289 677 frequentes
1312 595 1363 659 isti
1386 594 1511 680 dispeu-

332 718 463 781 sationis
493 736 604 792 casus;
637 719 711 801 quia
735 719 998 802 quotiescumque
1021 717 1186 784 dubitatur
1212 738 1253 784 an
1284 718 1387 784 obstet
1417 721 1513 804 impe

331 843 432 906 tentia
455 841 591 907 coeundi
618 843 815 908 antecedens
838 848 871 910 et
894 847 1061 928 perpetua,
1092 842 1145 907 vel
1175 843 1396 928 quodcumque
1426 843 1512 909 aliud

329 966 486 1032 dirimens
509 967 780 1052 impedimentum,
797 970 826 1033 si
843 973 968 1034 constet
984 969 1221 1034 matrimonium
1242 971 1397 1036 mansisse
1413 989 1511 1055 opere

331 1109 396 1155 nou
421 1097 685 1174 consummatum,
710 1093 763 1156 via
789 1093 890 1157 initur
920 1091 1182 1157 extraordinaria
1212 1091 1456 1177 dispensationis
1479 1097 1512 1159 et

330 1215 416 1278 hanc
439 1217 621 1279 concedere
643 1235 708 1279 non
732 1217 842 1281 renuit
865 1215 896 1282 S.
915 1215 1078 1281 Pontifex.
1099 1250 1116 1264 -
1135 1214 1205 1290 Quo
1221 1219 1367 1281 securius
1383 1219 1414 1280 in
1435 1237 1510 1302 pro·

331 1338 411 1402 batis
435 1340 554 1404 existat
576 1341 815 1404 matrimonium
835 1359 900 1404 non
925 1339 1024 1404 fuisse
1048 1344 1314 1413 consummatum,
1338 1339 1510 1406 conficitur

330 1481 510 1546 processus,
527 1465 667 1529 servatis
689 1465 811 1527 normis
834 1463 1045 1548 praescriptis
1067 1482 1088 1526 a
1105 1463 1137 1528 S.
1156 1464 1255 1528 Pont:
1276 1463 1395 1529 Bened.
1414 1463 1507 1548 XIV,

331 1583 437 1648 Consi.
462 1583 525 1649 Dei
546 1584 784 1667 misenatium
807 1591 839 1648 et
862 1585 895 1648 iu
921 1586 1018 1650 Instr.
1035 1584 1098 1650 hac
1113 1585 1153 1649 de
1169 1605 1206 1649 re
1222 1584 1316 1650 editis
1331 1605 1350 1648 a
1366 1584 1398 1650 S.
1416 1585 1508 1651 Sede.

330 1711 373 1773 At
396 1707 591 1774 Ordiuarius
614 1728 679 1773 non
703 1714 752 1774 est
774 1715 972 1794 competens,
996 1709 1036 1774 ad
1059 1729 1245 1795 processum
1271 1708 1505 1786 instruendum,

328 1835 387 1898 nisi
408 1854 451 1899 ex
467 1833 671 1920 delegatione
686 1835 718 1900 S.
735 1834 835 1909 Sedis,
854 1835 899 1898 uti
915 1852 1014 1920 supra
1029 1834 1106 1898 dixi.
1128 1833 1237 1909 Quare
1254 1836 1314 1899 iste
1333 1836 1508 1920 supplicem

327 1964 491 2023 oratorum
515 1959 660 2024 libellum
685 1960 875 2023 transmittit
896 1957 936 2024 ad
959 1957 1252 2044 congregationem
1273 1965 1508 2044 competentem

328 2083 538 2166 eumdemque
561 2089 617 2150 aut
639 2085 705 2148 suis
735 2085 854 2148 litteris
886 2081 1127 2162 commandere,
1151 2089 1207 2148 aut
1236 2082 1382 2148 adductis
1414 2087 1509 2149 ratic·

329 2210 421 2276 nibus
444 2209 588 2276 refutare
613 2208 716 2274 debet.
747 2208 827 2273 Inde
851 2209 1003 2293 optimum
1028 2214 1077 2272 est
1104 2212 1151 2280 ut,
1177 2216 1313 2294 excepta
1343 2211 1507 2294 petitione,

326 2336 564 2418 inquisitionem
588 2335 733 2400 instituat
749 2332 944 2399 Ordinarius
960 2353 1019 2420 pro
1043 2331 1286 2413 informatione
1309 2335 1427 2400 entiae
1450 2353 1506 2400 seu

326 2458 624 2524 eatraindictatem
647 2457 727 2522 adeo
751 2463 787 2523 ut
809 2458 837 2522 si
861 2457 983 2522 nullum
1009 2457 1122 2522 adesse
1154 2456 1395 2523 tundamentum
1421 2461 1506 2543 reri

325 2587 402 2651 tatis
426 2586 662 2670 comperiatur,
687 2584 873 2668 petitionem
903 2584 1039 2658 refutet;
1064 2586 1091 2649 si
1114 2582 1227 2648 adesse
1250 2591 1356 2649 autem
1388 2590 1505 2669 pateat,

325 2711 510 2795 petitionem
535 2710 677 2774 remittat
707 2709 773 2773 suis
803 2708 921 2775 litteris
949 2707 1214 2773 commendatam.
1241 2709 1306 2775 Per
1328 2710 1505 2791 inquisitio·

325 2856 399 2901 uem
421 2841 528 2900 autem
552 2834 850 2899 eoetraindiciatens
877 2852 989 2897 rerum
1022 2834 1135 2900 notitia
1158 2834 1331 2899 assumitur
1361 2834 1506 2918 perquiri

324 2960 417 3025 solita
440 2962 473 3024 in
496 2958 569 3023 aliis
591 2958 728 3043 negotiis
753 2956 1073 3023 estraindicialibns
1097 2977 1156 3042 pro
1176 2959 1337 3043 gravitate¹
1360 2959 1506 3044 singulae

324 3084 528 3167 quaestionis.
554 3082 645 3145 Tunc
673 3082 868 3165 rescriptum
893 3080 1028 3165 recipiet
1058 3080 1279 3166 deleqationis
1310 3082 1504 3148 Ordinarius

324 3207 365 3272 ad
377 3204 613 3273 condolendum
625 3206 795 3271 formalem
811 3224 1009 3289 processum,
1022 3210 1130 3269 minen
1143 3225 1243 3288 usque
1259 3205 1298 3270 ed
1311 3208 1503 3273 sententiam

325 3331 532 3414 definitivam
549 3348 744 3399 nxcuusma,
758 3347 853 3412 quam
870 3330 1089 3412 pronunciare
1105 3329 1163 3395 sibi
1182 3337 1329 3395 reservat
1345 3330 1376 3397 S.
1394 3331 1503 3397 Sedes.

413 3452 488 3516 474.
516 3454 584 3517 Non
608 3451 718 3524 semel,
743 3451 776 3514 in
800 3450 1091 3525 rectractatione,
1123 3455 1371 3518 memoravimus
1397 3461 1503 3519 actum

324 3577 575 3643 contestationis
591 3582 624 3641 et
643 3576 740 3655 hunc,
766 3595 830 3638 nou
856 3577 984 3639 ratione
1006 3576 1237 3647 solemnitatis,
1254 3578 1310 3643 sed
1325 3598 1385 3663 pro
1401 3579 1505 3645 deter-

323 3701 474 3766 minando
497 3700 623 3766 obiecto
647 3702 901 3782 controversiae,
930 3700 1037 3765 bisin
1062 3702 1168 3767 causis
1194 3703 1299 3767 locum
1324 3702 1447 3768 habere
1470 3705 1503 3767 in

322 3832 436 3911 aperto
453 3832 513 3891 est.
530 3828 567 3889 ln
584 3845 739 3911 processu
765 3826 978 3892 accusatorio
995 3822 1031 3890 lit
1045 3825 1389 3909 contestatio-quaudo
1413 3846 1504 3891 accu-

321 3958 410 4017 sator
434 3952 629 4015 matrimonii
654 3951 850 4017 determinat
874 3951 1008 4015 titnlnm
1032 3950 1217 4016 inridtcnm
1240 3952 1456 4017 accusationis
1471 3958 1503 4017 et

321 4063 462 4161 potiores
474 4075 691 4163 probationes,
705 4076 820 4159 quibus
833 4075 895 4140 hoc
909 4077 1062 4139 evincere
1074 4075 1249 4141 contendit.
1263 4078 1298 4140 lu
1312 4078 1380 4161 ipso
1392 4076 1501 4141 libello

321 4201 533 4267 accusatorio
557 4202 619 4266 ista
641 4200 850 4285 explicantur
871 4204 903 4263 et
922 4198 1160 4263 denunciantur
1185 4219 1240 4265 reo
1262 4206 1431 4281 convento,
1448 4203 1500 4283 qui

320 4324 393 4388 dum
417 4323 612 4389 contradicit
627 4329 659 4388 et
675 4325 708 4386 in
732 4342 772 4387 ea
794 4328 899 4406 parte.
918 4340 980 4405 qua
1004 4322 1208 4403 contradicit,
1233 4342 1322 4388 suam
1343 4325 1504 4408 exceptio.

319 4466 393 4511 nem
409 4445 615 4511 iudicialiter
630 4465 665 4509 se
682 4443 891 4530 probaturum
910 4445 1038 4517 asserit,
1052 4450 1084 4509 et
1096 4444 1215 4509 exinde
1228 4446 1314 4511 lacta
1329 4452 1378 4511 est
1390 4451 1500 4513 conic-
1517 4425 1525 4433 ⁸
