3350 5100
420 348 463 394 nn
488 346 627 395 inurens
651 349 894 397 caruissemus
918 348 954 395 ru
977 347 1095 395 sracrs
1282 335 1350 401 465

168 486 285 534 causae
300 474 395 533 matr.
409 468 531 536 habent
546 490 618 534 cum
635 471 866 544 criminalibus,
884 474 973 536 iuvat
992 474 1176 537 constitutio
1192 475 1347 543 modera-

166 593 251 659 toris
272 600 438 661 actornm.
456 595 509 670 nt,
526 596 571 659 uti
591 600 680 661 notat
696 597 799 663 Insm
817 597 852 662 S.
871 596 931 680 Off.
948 597 971 679 ἓ
989 595 1021 669 4,
1044 598 1221 683 EpIscopus
1244 606 1349 686 potest

166 716 224 780 sibi
248 736 414 782 assumere
430 717 495 782 hoc
509 738 635 783 munus.
654 754 672 767 -
690 718 769 785 Eius
784 739 900 785 munus
917 718 1028 785 eadem
1045 718 1219 787 Instructio
1236 721 1347 787 deter-

167 844 267 908 minat
289 844 309 925 ἓ
331 843 363 906 7.

255 964 330 1029 424.
354 964 405 1030 Ad
428 985 585 1051 personas
601 968 632 1030 in
648 965 765 1033 iudicio
783 967 990 1035 necessarias
1011 965 1095 1052 quod
1118 970 1242 1043 attinet,
1262 989 1346 1053 per-
1383 964 1386 970 ’

162 1060 366 1171 pendendae
387 1096 463 1156 sunt
485 1096 595 1176 partes
617 1093 743 1159 actoris
758 1094 792 1157 in
807 1093 899 1159 hisce
922 1093 1037 1173 causis,
1053 1110 1111 1157 seu
1125 1096 1343 1177 accinctionis,

166 1214 210 1279 uti
226 1212 292 1278 tert
307 1212 439 1278 rubrica
462 1214 550 1279 citati
572 1215 656 1280 tituli
682 1237 701 1276 ‹
719 1214 782 1287 Qut
804 1221 906 1281 matr.
927 1234 1091 1281 accusare
1107 1221 1200 1281 etc.»
1227 1219 1344 1305 quippe

165 1339 244 1402 istae
260 1356 387 1413 causae,
402 1340 598 1424 attingentes
614 1338 740 1406 bonam
755 1342 963 1405 sacramenti
978 1342 1144 1425 pertinent
1158 1342 1199 1406 ad
1216 1342 1343 1409 mam

160 1460 336 1544 picbiicnm
359 1467 392 1527 et
415 1469 620 1549 comparatae
643 1471 717 1530 sunt
732 1465 965 1532 accusationes
981 1485 1037 1530 seu
1061 1466 1211 1533 actiones
1229 1486 1343 1551 popm

158 1588 254 1652 iares
275 1588 315 1652 ad
339 1586 459 1652 tuenda
481 1591 625 1673 apposita
646 1590 737 1665 iura;
762 1589 970 1655 nibilominus
992 1590 1175 1673 aliquando,
1191 1593 1291 1673 veluti
1308 1595 1342 1657 in

163 1731 268 1778 caasa
291 1711 331 1775 de
353 1712 551 1796 impotentia
574 1713 709 1779 abeund
732 1733 798 1779 non
821 1714 1022 1799 animmque
1042 1715 1085 1780 de
1102 1718 1234 1799 populo
1257 1736 1342 1782 corn-

163 1840 242 1921 petit
263 1856 427 1904 acaaare
449 1840 698 1912 matrimonium,
722 1840 779 1905 sed
800 1846 926 1907 tantum
949 1841 1027 1925 ipsis
1050 1840 1250 1926 coniugibus.

252 1962 328 2029 425.
351 1963 464 2027 Testes
489 1967 565 2028 sunt
586 1982 746 2049 personae
768 1983 850 2049 quae
872 1984 938 2029 non
969 1966 1134 2049 pertinent
1155 1965 1197 2031 ad
1219 1968 1339 2033 consti-

160 2084 315 2149 tuendum
330 2084 479 2149 iudicium
491 2086 538 2149 uti
550 2104 718 2171 personae,
731 2088 958 2169 necessariam
973 2087 1035 2152 bae
1047 2092 1123 2153 sunt
1134 2089 1219 2153 enim
1231 2090 1339 2155 iadau

160 2214 257 2276 actor
271 2214 416 2292 etreas5
439 2229 544 2293 neque
567 2212 615 2274 uti
639 2229 797 2295 personae
821 2210 1039 2285 accensorias,
1056 2212 1225 2279 ordinatae
1246 2216 1337 2280 nimi·

160 2353 231 2397 rum
260 2352 320 2419 pro
349 2332 537 2399 adiuvandis
568 2336 714 2420 personis
743 2336 945 2402 necessariis
974 2337 1008 2401 in
1039 2339 1104 2401 suis
1131 2338 1336 2409 muneribus.

159 2456 315 2539 siquidem
338 2462 434 2521 testes
448 2456 489 2522 ad
512 2456 664 2522 iudicium
683 2459 849 2544 pertinent
872 2460 999 2523 ratione
1018 2458 1233 2541 probationis
1247 2460 1334 2527 indi·

159 2582 264 2648 eialis.
282 2583 453 2668 singulare
471 2587 578 2648 autem
594 2585 691 2649 estin
707 2584 799 2650 hisce
813 2569 919 2650 causis
935 2589 970 2650 ut
984 2589 1084 2650 testes
1098 2585 1171 2651 tere
1186 2588 1220 2652 in
1236 2590 1336 2653 omni·

158 2707 217 2772 bus
231 2708 449 2791 exquirantur
461 2708 653 2775 necessario
666 2728 709 2772 ex
720 2707 935 2791 praescripto
948 2709 1039 2784 iuris,
1053 2709 1137 2782 dum,
1151 2711 1184 2774 in
1195 2730 1333 2796 genere,

158 2833 303 2917 probatio
325 2852 386 2918 per
406 2836 508 2897 testes
536 2838 585 2897 est
609 2832 716 2897 facilis
739 2837 773 2896 et
794 2832 1010 2920 accommoda,
1036 2833 1092 2898 sed
1116 2853 1180 2899 non
1204 2835 1334 2900 iubetur

158 2956 379 3021 aiure.1tem
402 2956 541 3041 amplam
564 2961 690 3040 partem
714 2954 836 3022 habent
858 2956 1081 3040 testes-periti,
1099 2959 1162 3022 imo
1185 2935 1333 3024 necessa·

158 3081 239 3144 riam
261 3081 294 3145 in
318 3081 423 3146 causis
446 3081 489 3145 de
510 3079 710 3162 impotentia
734 3079 879 3144 cdeundi.

245 3203 321 3270 426.
345 3203 488 3286 Denique
509 3204 638 3287 integer
653 3221 823 3288 processus
842 3203 906 3268 hoc
924 3202 1024 3269 habet
1039 3204 1189 3290 speciale,
1207 3210 1243 3270 ut
1257 3206 1331 3272 dum

155 3335 204 3394 est
226 3347 348 3412 -pene
369 3327 561 3393 necessario
583 3326 795 3393 mammutius
819 3362 836 3375 -
861 3331 1005 3392 attamen
1029 3327 1251 3396 observandae
1266 3333 1331 3399 sint

154 3455 317 3540 appositae
329 3473 464 3546 normae
475 3454 578 3538 magis
590 3435 820 3519 convenientes
833 3454 971 3539 negotiis
983 3455 1219 3522 criminalibus
1234 3476 1330 3540 quarn

154 3576 307 3642 eioilibus
318 3578 387 3642 sive
398 3579 431 3642 in
444 3576 684 3662 interrogandis
696 3576 884 3662 coniugibus
896 3583 930 3643 et
940 3577 1085 3654 testibus,
1098 3580 1167 3644 siva
1179 3580 1212 3644 in
1221 3581 1330 3664 exqui-

155 3699 264 3764 rendis
285 3701 464 3785 peritorum
480 3702 745 3774 attestationibus,
761 3703 880 3766 sivein
896 3701 1126 3768 demandandis
1143 3705 1329 3770 executioni

154 3824 321 3888 sententiis
343 3822 526 3890 definitivis.

241 4052 264 4135 ὃ
289 4052 317 4116 l.
342 4052 391 4118 De
411 4052 490 4135 foro
514 4055 714 4137 competenti
728 4055 767 4120 in
782 4057 895 4122 causis
916 4055 1235 4123 matrimonialibms.

151 4244 367 4302 summarium.
385 4273 422 4286 -
439 4246 500 4298 427.
520 4245 560 4300 De
578 4247 765 4315 competentia
783 4248 893 4302 ratione
912 4249 1025 4316 obiectu
1042 4277 1077 4290 —
1096 4249 1157 4304 428.
1171 4255 1200 4304 et
1218 4251 1326 4307 ratione

238 4353 346 4423 prodas
364 4353 542 4407 hierarchici.
569 4379 604 4392 -
626 4351 688 4405 429.
712 4351 752 4407 De
776 4351 882 4406 Vicsrii
907 4351 1052 4409 Generalis
1076 4359 1270 4426 competentia.
1289 4386 1325 4400 -

240 4458 300 4512 430.
328 4459 372 4512 An
399 4458 553 4529 Episcopus
579 4456 684 4513 babeat
710 4462 877 4528 potestatem
904 4461 1065 4532 detapondi.
1079 4461 1131 4518 has
1156 4481 1261 4519 caussas.
1288 4493 1325 4508 -

223 4568 283 4623 Soc.
302 4567 387 4638 Lapa,
408 4567 468 4622 Lib.
488 4566 521 4634 11,
540 4565 598 4620 vols
614 4565 661 4621 lv.
1218 4573 1253 4627 30
