3350 5100
333 293 401 361 600
783 314 990 366 mundarunt
1013 318 1061 366 nv.

330 438 473 491 ministros
497 436 667 503 haereticos,
690 439 714 491 si
739 438 812 507 apud
839 455 888 494 eos
913 439 1122 495 matrimonium
1147 444 1324 495 seiunctum
1349 440 1514 495 affirmetur.

330 542 462 604 Quamvis
474 542 640 599 documenta
652 544 697 600 vel
716 562 733 599 a
752 545 813 599 sola
825 546 903 600 civili
924 552 1073 616 potestate.
1088 547 1133 603 vel
1147 548 1183 601 ab
1196 546 1349 601 haereticis
1361 546 1515 613 manantia,

331 644 389 704 vim
408 650 512 707 habere
532 652 637 722 possint
655 650 806 723 aliquando
824 653 859 707 ad
876 655 983 709 fuctum
996 655 1030 711 ds
1041 654 1223 709 matrimonio
1235 653 1380 709 celebrato
1392 653 1514 709 extrsin·

331 758 472 815 dicisliter
489 760 717 827 confirmandum,
736 766 832 817 tamen
845 762 930 817 iudex
947 762 1115 828 catholicus,
1134 763 1182 833 qni
1201 762 1236 817 de
1253 762 1405 818 existentia
1422 760 1514 817 valde

332 882 387 921 non
406 868 558 922 existentia
576 868 769 937 impedimenti
789 871 959 924 sententiam
975 870 1084 924 laturus
1096 871 1159 937 erit,
1173 870 1285 924 curabit
1297 874 1328 924 ut
1340 870 1370 923 in
1381 868 1513 923 iudicium

332 980 513 1044 compareant
532 980 635 1044 partes,
656 980 743 1030 testes
762 978 810 1047 qui
830 976 1003 1032 matrimonii
1021 977 1207 1032 celebrationi
1232 977 1431 1044 interfuerunt,
1448 993 1513 1046 pro-

332 1080 430 1151 pinqui
449 1096 546 1135 eorum
565 1082 612 1152 qui
631 1086 841 1147 contraxerunt,
854 1098 906 1137 nec
919 1098 974 1136 non
988 1099 1085 1137 omnes
1097 1099 1167 1155 quos
1184 1082 1300 1137 sciverit
1317 1083 1352 1139 de
1370 1100 1402 1139 rs
1414 1084 1514 1136 instru-

331 1192 400 1251 ctos,
420 1192 451 1240 nt
469 1186 563 1241 omnia
581 1187 688 1256 possint
701 1188 830 1257 cognosci
844 1206 917 1260 quse
930 1189 966 1243 ad
977 1190 1083 1243 factum
1103 1190 1158 1244 rite
1171 1188 1349 1243 iudicandum
1361 1188 1512 1243 conducere

333 1299 474 1363 poterunt.

424 1401 499 1468 234.
518 1400 597 1462 Quod
615 1402 637 1454 si
658 1400 831 1471 praedictum
850 1401 1079 1471 impedimentum
1099 1406 1192 1456 ortum
1211 1370 1353 1455 amaretur
1376 1418 1412 1455 ex
1434 1415 1512 1470 spon·

333 1507 438 1562 salibus
456 1524 519 1561 curn
539 1524 658 1577 persons
674 1508 759 1561 alteri
786 1508 859 1577 parti
885 1509 1095 1577 consanguinea
1119 1509 1148 1561 in
1173 1508 1262 1578 gradu
1286 1508 1512 1577 impedimentum

334 1614 523 1668 constituente
547 1613 756 1679 contractis,ad
780 1614 916 1667 iudicium
943 1615 1139 1683 proterendum
1164 1614 1219 1670 duo
1240 1622 1324 1670 erunt
1343 1614 1513 1685 inquirenda,

337 1696 470 1776 videlieet
499 1726 592 1775 utrum
620 1738 719 1776 revera
750 1726 859 1776 amenta
888 1721 1031 1791 sponsalia
1057 1722 1150 1776 locum
1176 1721 1343 1787 habuerint,
1369 1728 1399 1776 et
1423 1727 1512 1775 utrum

335 1828 431 1883 valida
449 1830 477 1884 in
501 1846 585 1884 sensu
609 1829 744 1884 canonico
770 1828 868 1883 haberi
895 1830 1011 1899 possint
1036 1830 1162 1883 Primum
1187 1829 1377 1885 deducendum
1401 1829 1457 1883 erit
1480 1845 1515 1883 ex

334 1937 455 2004 partium
483 1936 674 2001 corrfessione,
700 1934 851 1989 dnmmodo
877 1934 931 1991 bae
956 1938 1135 2005 exceptiones
1159 1937 1275 1991 minime
1302 1935 1514 2005 patiantur-301

334 2041 508 2096 documentis
525 2042 548 2095 si
577 2042 749 2107 habeantur3
769 2058 804 2096 ex
834 2042 951 2096 testium
976 2043 1060 2097 iidem
1088 2042 1256 2098 merentium
1280 2041 1516 2111 depositionibus3

333 2162 386 2201 nec
405 2162 460 2201 non
479 2164 513 2201 ex
533 2148 650 2214 indiciis,
669 2163 741 2219 quae
760 2148 844 2205 iudex
863 2149 970 2217 peritus
988 2154 1018 2203 et
1039 2154 1173 2219 aspertus
1196 2148 1333 2203 deducere
1352 2148 1457 2216 poterit
1480 2160 1515 2201 ex

333 2254 559 2319 circumstantiis,
572 2270 643 2325 quae
661 2254 738 2308 fecta
756 2256 885 2325 exposita
903 2259 952 2309 aut
970 2260 1183 2325 praecesserunt
1196 2259 1246 2308 aut
1263 2256 1429 2309 subsecutae
1441 2259 1516 2306 sunt

334 2361 378 2415 nd
395 2362 546 2416 secundnm
565 2361 746 2431 probandum,
766 2366 858 2416 utrum
876 2362 1009 2417 videlicet
1027 2368 1135 2417 asserta
1152 2362 1296 2431 sponsalia
1307 2360 1401 2415 valida
1411 2359 1519 2413 fuerint

334 2468 464 2522 insensu
483 2469 624 2535 canonico,
645 2467 726 2538 plura
750 2474 833 2522 erunt
860 2468 958 2523 sedulo
987 2468 1190 2537 perpendenda.
1210 2472 1284 2522 Ante
1312 2466 1407 2521 omnia
1434 2465 1517 2520 iudex

334 2592 401 2646 prae
418 2575 508 2630 oculis
527 2574 638 2641 habeat,
656 2575 729 2645 quod
748 2592 783 2630 ex
807 2593 859 2630 usu
881 2579 912 2629 et
935 2575 1137 2630 consuetudine
1163 2576 1223 2629 tere
1249 2574 1278 2628 in
1304 2575 1424 2643 singulis
1440 2571 1519 2644 {locis

334 2683 471 2753 speciales
489 2681 601 2753 aliquae
619 2684 724 2737 formae
749 2699 798 2753 pro
823 2683 941 2738 solemni
966 2683 1139 2751 sponsalium
1168 2683 1358 2737 celebratione
1385 2681 1519 2736 inductae

334 2791 519 2860 reperiuntur,
537 2806 609 2861 quae
627 2792 813 2844 communiter
831 2795 861 2845 et
880 2790 1050 2859 regulariter
1068 2792 1103 2843 ab
1129 2790 1261 2844 omnibus
1285 2789 1391 2844 servari
1416 2787 1519 2844 solent-

335 2899 431 2969 ltaque
449 2898 643 2968 inquirendum
663 2897 726 2962 erit,
746 2902 840 2951 utrum
858 2898 930 2952 istae
949 2899 1055 2950 formae
1073 2895 1188 2961 fuerint,
1208 2877 1260 2951 n'ec
1280 2912 1324 2964 ue,
1343 2900 1480 2959 servatae3
1492 2895 1520 2949 si

336 3005 465 3075 primum,
484 3005 672 3074 praesumptio
691 3019 741 3072 pro
755 3003 927 3073 sponsalium
940 3004 1036 3058 valore
1050 3003 1151 3070 aderit,
1168 3009 1362 3073 contraquam
1375 3018 1522 3072 nunquam

335 3111 390 3165 erit
407 3109 594 3176 iudicandum,
607 3109 660 3162 nisi
679 3126 715 3165 ex
727 3109 812 3164 certis
824 3114 854 3164 et
866 3110 1042 3164 evidentibus
1055 3109 1230 3180 argumentis
1243 3107 1387 3177 sponsalis
1400 3105 1521 3161 nulliter

336 3220 482 3271 contracta
498 3217 583 3272 fnisse
602 3216 777 3278 constiterit;
796 3216 819 3270 si
832 3216 993 3282 secundum,
1011 3206 1207 3288 inquirendum
1226 3215 1292 3280 erit,
1310 3230 1367 3284 qna
1385 3213 1419 3268 de
1431 3229 1520 3268 causa

339 3327 488 3378 consuetae
506 3323 613 3377 formae
631 3322 738 3376 fuerint
756 3322 883 3388 emissae,
904 3326 934 3376 et
953 3326 1047 3377 utrum
1066 3337 1116 3392 pro
1134 3337 1324 3391 personarum,
1341 3320 1477 3382 locorum,
1489 3325 1522 3374 et

335 3427 566 3484 consuetudinum
576 3427 794 3484 circumstantiis
804 3427 946 3499 sponsalia
955 3428 1137 3483 nihilominus
1146 3427 1239 3483 valide
1248 3430 1353 3483 fuerint
1364 3431 1524 3494 contracta,

336 3552 370 3592 eo
388 3535 461 3608 quod
480 3535 620 3607 utrimque
638 3535 771 3590 voluntas
789 3551 851 3590 sese
869 3535 1014 3604 obligandi
1032 3551 1099 3590 vere
1117 3535 1316 3601 intercesserit,
1330 3539 1415 3604 utque
1433 3532 1475 3586 ita
1487 3539 1523 3587 ut

334 3661 371 3700 ex
388 3645 450 3698 iure
468 3644 696 3714 impedimentum
715 3643 898 3696 constituant.
917 3641 948 3695 ln
968 3639 1042 3695 bunc
1060 3643 1146 3696 finem
1164 3645 1276 3710 praeter
1297 3638 1355 3693 alia
1379 3654 1520 3709 quaeren-

337 3749 402 3804 dum
423 3753 475 3812 ast,
493 3748 594 3819 quibus
618 3747 721 3813 verbis,
739 3748 784 3802 vel
810 3747 894 3800 factis
919 3746 973 3799 sibi
999 3746 1124 3800 futurum
1148 3745 1358 3799 matrimonium
1383 3743 1522 3812 promise·

338 3856 410 3921 rint;
428 3859 522 3908 utrum
543 3853 687 3922 promissio
706 3853 742 3906 ab
762 3857 882 3923 utraque
904 3855 984 3920 parte
1008 3851 1191 3920 processerit,
1214 3855 1244 3904 et
1269 3849 1293 3902 si
1317 3850 1352 3902 ab
1377 3863 1434 3902 una
1457 3853 1525 3902 tun·

336 3966 406 4026 tum,
425 3964 517 4014 utrum
537 3959 594 4012 alia
606 3974 668 4013 eam
681 3958 870 4028 acceptaverit
881 3958 941 4011 sive
954 3957 1055 4023 verbis,
1068 3956 1128 4010 sive
1140 3954 1231 4022 tactis,
1244 3955 1304 4009 sive
1322 3954 1412 4022 signis
1423 3953 1523 4024 aequi·

337 4065 511 4130 valentibus;
529 4069 624 4120 utrum
643 4069 706 4135 post
723 4065 818 4119 datam
836 4064 1048 4134 promissionem
1067 4063 1208 4132 praetensi
1221 4062 1314 4131 sponsi
1327 4061 1522 4130 reputaverint

336 4189 396 4230 sere
413 4172 593 4228 matrimonio
612 4170 805 4227 contrahendo
823 4171 975 4242 obligatos,
994 4187 1031 4224 sn
1049 4169 1161 4226 liberos.
1181 4169 1244 4224 Erit
1255 4185 1366 4240 quoque
1377 4168 1521 4239 inquiren·

338 4279 404 4334 dum
421 4279 456 4333 de
472 4293 636 4348 sponsorum
655 4277 824 4342 conditione,
845 4282 939 4331 utrum
958 4275 1068 4330 scilicet
1086 4293 1121 4331 ea
1134 4276 1199 4329 talis
1218 4277 1256 4329 sit
1267 4281 1300 4329 ut
1312 4273 1453 4345 praesumi
1464 4289 1522 4329 non

336 4387 423 4456 possit
440 4403 536 4442 veram
553 4387 584 4440 in
603 4386 670 4456 ipsis
688 4386 864 4440 voluntatem
882 4401 943 4439 sess
962 4391 1060 4438 mutuo
1078 4383 1223 4454 obligandi
1240 4383 1370 4438 adfuisse.
