3350 5100
328 275 331 285 ’
449 286 493 331 DE
517 285 655 333 lonicus
679 286 922 343 calummaris
947 288 982 335 IN
1006 288 1124 335 sesols
1303 269 1369 335 379

281 408 358 473 310.
381 408 493 475 Codex
516 410 571 474 cit.
595 411 693 495 Greg.
710 412 743 473 in
763 412 857 477 titulo
874 412 921 477 Vl
937 412 1103 496 inscripto:
1123 446 1140 461 ·
1156 410 1211 477 De
1233 410 1369 477 testibus

193 533 253 616 qui
275 552 311 600 se
333 535 483 601 reddunt
504 541 676 619 suspectos
701 570 718 585 ·
739 538 910 623 perpendit
932 539 1152 622 quaestionem
1175 537 1368 604 incidentem

193 664 342 755 exortam
365 680 407 724 ex
431 661 613 745 suspicione
643 660 747 726 falsae
777 668 810 727 ct
835 663 988 747 periurae
1018 664 1241 729 attestationis
1274 662 1370 727 Falsa

193 784 354 848 attestatio
375 788 425 849 est
439 803 541 871 grave
557 786 698 861 crimem
723 804 824 869 quare
839 788 940 856 testis,
956 788 1010 870 qui
1027 788 1248 857 convincatur,
1266 787 1369 871 ipsum

192 927 311 972 revera
333 910 476 974 scienter
498 910 669 974 veritatem
692 910 873 976 occultasse
889 916 921 975 et
938 910 1051 977 salsum
1076 916 1262 977 attestatum
1286 930 1367 991 esse,

192 1034 304 1119 poenis
326 1034 528 1100 coercendus
546 1041 605 1099 est.
623 1035 779 1119 Equidem
796 1038 842 1101 ait
857 1042 918 1103 art.
944 1036 1027 1103 303:
1055 1058 1073 1101 ‹
1089 1038 1122 1103 Si
1137 1039 1228 1103 testis
1244 1037 1368 1101 iteratis

193 1158 394 1225 examinibus
416 1159 593 1227 submissus
615 1162 681 1227 suis
704 1161 898 1227 contradicit
921 1167 1017 1229 antea
1041 1161 1172 1229 redditis
1195 1162 1369 1228 attestatio

194 1283 286 1349 nibus
309 1291 342 1351 et
364 1306 442 1351 suae
466 1287 731 1355 contradictionis
753 1288 874 1353 nullam
898 1288 1033 1374 praebet
1063 1288 1238 1375 legitimam
1269 1288 1367 1354 ratio·

193 1433 334 1479 nem...»
360 1414 459 1479 iudex
482 1415 572 1479 illum
596 1382 715 1499 puniat,
741 1416 796 1480 sed
824 1415 909 1481 subs.
934 1420 995 1482 art.
1021 1417 1086 1481 304
1113 1414 1263 1495 advertit,
1294 1418 1367 1482 testi

192 1540 289 1600 antea
311 1535 536 1601 contestandos
567 1556 637 1601 esse
667 1536 822 1602 articulos
850 1535 1131 1609 contradictionis,
1156 1542 1189 1601 et
1220 1538 1367 1601 monitio-

193 1680 266 1724 nem
298 1661 469 1745 praemitti,
494 1660 623 1726 iubens:
650 1660 795 1736 <Quum
825 1681 869 1727 ex
899 1662 980 1727 actis
1010 1666 1120 1745 pateat
1150 1666 1264 1726 testem
1294 1679 1367 1727 cer·

192 1787 306 1850 tiorem
331 1806 401 1851 esse
424 1771 464 1851 de
486 1786 574 1852 facto
600 1792 657 1851 aut
678 1787 793 1854 saltem
822 1787 963 1870 aliquam
996 1787 1139 1851 notitiam
1172 1786 1311 1857 habere,
1334 1792 1369 1851 at

192 1912 261 1996 ipse
282 1910 424 1977 fateatur
438 1932 474 1977 se
489 1912 568 1977 illud
591 1914 755 1999 ignorare,
779 1919 835 1980 aut
859 1918 987 1977 recuset
1010 1912 1139 1977 referre
1162 1912 1313 1977 adiuncta
1328 1911 1368 1977 de

191 2036 305 2121 quibus
327 2038 562 2124 interrogatur,
585 2044 641 2103 aut
665 2039 859 2123 respoudeat
890 2058 961 2105 cum
985 2038 1198 2104 haesitatione
1227 2039 1367 2103 interro·

191 2164 325 2249 gatoriis
348 2163 470 2235 iudicis,
494 2165 668 2245 excutitur,
693 2165 753 2249 ipsi
776 2163 988 2228 manifestatis
1020 2161 1260 2248 probationibus
1291 2181 1368 2228 suae

190 2288 361 2351 assertioni
385 2288 568 2356 contrariis,
586 2293 682 2370 atque
701 2286 925 2353 advertitur...
945 2307 962 2350 n
984 2286 1096 2370 poenis
1111 2285 1300 2351 mulctatum
1317 2287 1367 2357 iri,

191 2414 298 2478 sinon
315 2412 430 2499 probet
452 2434 541 2479 suam
557 2413 673 2500 agendi
698 2415 866 2479 rationem.
891 2413 977 2479 Sane
1001 2413 1095 2479 hodie
1111 2414 1145 2478 in
1161 2412 1233 2477 foro
1250 2413 1366 2479 eccles.

191 2537 296 2604 media
326 2542 474 2606 coactiva
504 2542 538 2604 iu
565 2545 665 2606 testes
695 2540 796 2608 laicos
827 2540 977 2626 periuros
1007 2560 1072 2605 non
1104 2543 1277 2626 suppetunt
1307 2538 1366 2605 nisi

191 2683 350 2730 censurae
365 2671 420 2730 aut
435 2665 573 2730 mulctae
591 2665 678 2746 (Vol.
698 2665 757 2736 ΙΙΙ,
775 2684 806 2728 u.
826 2663 902 2747 182)
925 2684 1007 2748 quae
1031 2671 1137 2728 tamen
1158 2663 1257 2728 facile
1280 2683 1367 2748 sper·

84 2837 90 2857 .
191 2796 322 2855 nuntur.
347 2791 472 2856 Verum
495 2796 594 2858 testes
616 2798 781 2876 suspectos
805 2791 978 2877 diligenter
1009 2794 1166 2856 excutere
1199 2795 1233 2854 ut
1260 2794 1369 2875 pateat

191 2935 233 2980 au
263 2917 328 2980 siut
357 2917 479 3000 periuri
518 2934 652 2982 necesse
686 2923 735 2982 est
764 2916 805 2981 ad
839 2917 1010 2981 veritatem
1046 2913 1275 3002 detegendam,
1307 2915 1367 2980 etsi

190 3041 334 3126 peiurius
356 3044 478 3127 poenis,
503 3044 609 3126 prouti
632 3043 755 3107 crimen
779 3042 1010 3127 expostularet,
1036 3041 1132 3127 plecti
1155 3060 1221 3105 uon
1247 3040 1365 3106 valeat.

279 3167 355 3232 311.
373 3167 456 3240 Quia
471 3187 513 3233 ex
529 3165 662 3232 testibus
684 3169 823 3232 maxime
839 3167 989 3232 hauritur
1011 3167 1142 3237 veritas,
1160 3165 1193 3230 in
1213 3185 1368 3251 processu

191 3289 361 3361 criminali,
385 3308 450 3354 non
474 3295 523 3354 est
550 3290 663 3356 inutile
687 3290 816 3356 referre
844 3292 962 3356 excit.
986 3289 1055 3354 cod.
1081 3290 1179 3374 Greg.
1204 3289 1366 3373 praescri-

190 3417 316 3498 ptiones
344 3414 447 3480 editas
469 3415 512 3481 de
533 3415 820 3500 receperamus
845 3413 1086 3498 personatibus
1117 3420 1177 3479 aot
1205 3413 1366 3482 rectiora.

192 3541 263 3605 Non
285 3541 385 3606 semel
401 3546 509 3614 testes,
526 3546 582 3605 aut
598 3529 693 3606 etiam
709 3545 891 3612 accusator,
909 3545 965 3605 aut
979 3540 1152 3624 querelans
1167 3543 1367 3625 cognoscunt

192 3668 375 3750 inquisitum
398 3665 457 3731 sub
480 3671 571 3734 certo
595 3668 722 3731 nomine
738 3671 771 3731 et
785 3667 987 3752 cognomine,
1003 3685 1067 3730 non
1084 3664 1232 3730 distincte
1248 3665 1280 3728 in
1297 3682 1367 3750 per·

190 3812 310 3864 sonam,
327 3791 383 3856 sed
396 3796 521 3858 tantum
546 3811 604 3876 per
628 3792 799 3877 generales
819 3791 1006 3877 personales
1023 3795 1124 3855 notas.
1141 3792 1232 3856 Tunc
1247 3808 1289 3855 ne
1311 3785 1367 3853 flat

190 3918 411 4002 aequivocatio
422 3919 457 3982 in
469 3937 608 4002 persona
621 3923 654 3982 et
664 3919 888 3984 accusationes
900 3936 959 4002 per
967 3921 1066 3983 testes
1077 3922 1135 3983 aut
1145 3919 1366 3982 accusatorem

190 4044 314 4110 relatae
336 4063 401 4108 nou
425 4044 575 4128 inquisito
598 4042 655 4108 sed
674 4043 770 4110 alteri
787 4043 907 4109 referri
923 4041 1071 4122 debeant,
1087 4043 1179 4108 testis
1198 4045 1253 4105 aut
1274 4060 1366 4105 accu-

189 4175 276 4234 sator
292 4175 489 4254 provocatur
504 4170 544 4235 ad
554 4170 774 4254 personalem
788 4169 1054 4255 recognitionem
1069 4169 1116 4232 ite
1133 4165 1365 4252 expediendam

191 4297 281 4363 iuxta
303 4297 356 4363 cit.
380 4298 546 4364 codicem:
570 4302 632 4362 art
656 4296 738 4361 310:
766 4293 874 4359 ‹Hoc
898 4296 1156 4380 experimentum
1180 4292 1365 4358 faciendum

190 4425 295 4490 estin
319 4425 513 4509 inquisitum,
531 4424 738 4487 commixtum
764 4441 836 4486 cum
860 4419 981 4486 duabus
1004 4420 1240 4506 personisque
1264 4419 1367 4506 magis
