3350 5100
464 375 507 420 nn
534 373 671 421 runicus
695 372 937 420 omninsurnus
962 370 998 415 uu
1022 365 1139 416 srncrn
1327 351 1392 418 525

213 499 356 583 religiosi
373 499 469 563 etiam
485 499 517 562 in
535 498 694 565 institutis
709 501 858 561 votorum
872 495 1080 579 siniplieinm
1096 496 1192 561 etiam
1209 496 1241 558 in
1256 515 1283 560 s.
1300 495 1391 562 ardi-

211 622 312 689 nibns
328 644 392 689 non
416 624 581 688 constituti
603 627 675 707 post
692 620 942 705 professionem
962 623 1167 704 perpetuam
1189 624 1246 684 aut
1269 625 1394 704 tempo·

210 767 357 814 naneam
371 748 433 812 nisi
447 747 590 832 praeuio
606 746 732 814 indicia
748 749 898 829 quamvis
919 743 1109 810 summario
1133 745 1193 807 eici
1209 743 1262 808 vel
1278 741 1392 808 dimitti

212 893 277 938 non
307 881 440 958 possunt
462 877 495 938 et
521 891 565 937 ex
592 871 790 938 dimissione
812 871 866 935 vel
890 869 1050 935 eiectione
1081 886 1146 932 non
1176 865 1212 932 flt
1238 847 1392 935 liberatio

211 1005 360 1064 votorum
376 997 431 1062 sed
445 999 624 1084 requiritur
639 996 857 1080 dispensatio.
872 995 903 1061 S.
916 993 1035 1080 congr.
1050 995 1117 1060 Eli.
1131 999 1164 1058 et
1178 994 1247 1058 RR.
1261 993 1304 1059 10
1315 993 1391 1060 Ian.

212 1123 303 1190 1890
310 1144 324 1206 ;
347 1129 380 1188 et
403 1124 426 1188 «1
450 1123 514 1190 inl.
539 1121 639 1188 1898.
712 1129 716 1136 '

299 1246 376 1312 512.
393 1245 551 1312 Moniales
572 1251 722 1312 votorum
735 1245 939 1311 solemnium
956 1263 1020 1309 non
1036 1244 1206 1312 eiciantur
1219 1245 1281 1308 nisi
1298 1263 1393 1309 ance-

211 1371 308 1438 dente
322 1377 424 1437 venia
441 1372 645 1454 Apostoliea.
663 1368 756 1446 Quod
777 1372 805 1434 si
821 1369 978 1434 moniales
995 1375 1069 1434 vota
1085 1369 1256 1452 simplicia
1272 1389 1392 1434 nuncu·

212 1500 363 1584 paverint
377 1499 409 1561 in
425 1497 586 1564 institutis
601 1496 819 1568 dioeoesania
835 1515 899 1560 non
916 1495 1027 1559 valent
1043 1495 1105 1560 eiei
1120 1494 1173 1559 vel
1189 1495 1313 1559 dimitti
1329 1496 1390 1559 nisi

211 1624 350 1688 servatis
369 1623 492 1687 normis
507 1622 614 1688 const.
635 1619 807 1694 Conditus,
824 1620 872 1685 27
889 1617 975 1686 Nau.
992 1618 1086 1685 1900
1102 1639 1174 1703 cap.
1192 1621 1220 1700 1,
1236 1639 1268 1685 n.
1288 1620 1312 1686 8
1331 1619 1389 1704 (1).

214 1749 251 1812 ln
274 1744 587 1832 congregationibus
610 1765 690 1810 vero
716 1745 780 1809 inm
801 1743 988 1829 approbatis
1011 1762 1031 1807 a
1054 1743 1085 1808 S.
1110 1743 1211 1824 Sede,
1235 1744 1390 1808 moniales

211 1875 282 1956 post
309 1869 396 1935 edita
417 1875 493 1934 vota
522 1873 679 1953 perpetua
704 1869 757 1932 vel
783 1867 922 1933 durante
950 1873 1160 1961 temporanee
1191 1867 1391 1953 professione

212 1997 338 2081 enpelli
360 2001 534 2081 nequeunt.
559 1997 620 2060 nisi
643 1995 683 2059 ob
706 1997 830 2080 gravia.
855 1999 1005 2076 externa,
1029 1994 1158 2080 publica
1180 1993 1299 2059 delicta
1317 2013 1389 2058 oum

211 2121 493 2207 incorrigibilitate
507 2122 688 2202 coniuncta,
705 2126 738 2186 et
752 2120 814 2184 nisi
836 2119 1031 2212 sententiam
1048 2119 1241 2184 dimissionis
1264 2137 1391 2201 appro-

213 2242 340 2335 baverit
355 2244 387 2310 S.
405 2244 439 2309 G.
456 2244 526 2310 1111.
542 2249 576 2310 et
591 2244 660 2309 RR.
678 2277 695 2292 ·
712 2243 858 2307 Dimissio
881 2247 988 2307 autem
1005 2241 1058 2306 vel
1079 2243 1194 2306 eiectio
1214 2246 1291 2323 post
1310 2259 1390 2323 pro·
1455 2283 1458 2292 ·

210 2367 402 2450 sessionem,
426 2388 492 2432 non
517 2368 613 2434 solvit
634 2373 711 2434 vota
732 2367 788 2433 sed
812 2365 1045 2452 expostulanda
1069 2373 1119 2432 est
1140 2366 1391 2448 dispensatius

212 2493 245 2563 S.
267 2493 359 2561 Sede.
385 2493 417 2559 S.
441 2493 561 2580 Gongr.
587 2493 653 2558 Eu.
679 2498 712 2559 et
736 2493 806 2559 RR.
831 2491 881 2558 24
908 2493 994 2578 Anp.
1020 2490 1111 2556 1887
1135 2491 1182 2557 ad
1206 2489 1256 2555 17.

444 2738 513 2821 §2
540 2739 587 2804 De
609 2757 773 2822 processa
793 2740 831 2803 in
854 2740 966 2805 cauas
990 2738 1157 2805 nullitalis

575 2862 806 2945 professionis
827 2862 1018 2947 religiosae.

213 3035 430 3091 summarium.
454 3065 489 3079 -
507 3036 568 3091 513.
588 3037 658 3099 Quid
683 3040 792 3090 statum
817 3037 923 3091 Concil.
951 3036 1026 3092 Trid.
1057 3037 1126 3091 Sese.
1150 3038 1186 3091 25
1208 3054 1268 3105 cap.
1296 3036 1336 3091 19.
1355 3066 1391 3079 --

301 3141 365 3193 511.
381 3141 529 3195 Processus
547 3140 688 3205 iudicialis
700 3142 896 3195 observandus.
906 3170 943 3183 -
953 3142 1013 3195 115.
1028 3141 1067 3197 De
1087 3142 1265 3197 restitutione
1277 3142 1307 3196 in
1321 3142 1390 3196 inte·

300 3264 382 3317 grum
400 3246 533 3303 adversus
550 3248 659 3317 lapsum
677 3250 866 3319 quinquennii.
886 3278 920 3291 -
939 3249 1001 3303 516.
1021 3248 1139 3310 Quinam
1158 3248 1196 3302 sit
1214 3248 1296 3303 iudex
1315 3264 1388 3303 eom·

301 3360 399 3425 petens
423 3357 453 3409 in
472 3356 563 3426 prima
583 3356 727 3411 instantia.
746 3384 782 3399 -
799 3357 861 3410 517.
881 3356 1023 3426 Spaoiales
1048 3372 1163 3411 normae
1182 3356 1335 3413 iudiciales.
1352 3384 1389 3399 -·

299 3463 361 3517 518.
382 3464 421 3518 lle
439 3462 531 3517 iudice
549 3468 726 3533 eompetente
744 3463 773 3517 in
790 3466 915 3519 secunda
927 3467 957 3519 st
970 3463 1100 3519 ulteriori
1120 3464 1264 3519 instantia.
1280 3492 1316 3505 -
1327 3462 1389 3518 519.

299 3572 475 3641 Dispensatio
493 3569 520 3624 S.
540 3570 686 3625 Pontifiois
710 3570 831 3625 consulit
855 3572 965 3625 casibus
992 3571 1092 3625 dubiis.
1111 3598 1147 3612 -
1165 3570 1226 3625 520.
1248 3570 1286 3625 De
1312 3570 1388 3624 hisce

300 3676 391 3729 causis
408 3677 438 3729 in
460 3676 601 3731 institutis
624 3682 753 3731 votorum
770 3676 949 3747 simplicium.

300 3850 374 3915 513.
401 3849 571 3917 Profitenti
588 3854 621 3916 in
639 3853 809 3938 Religione
831 3855 882 3917 ius
905 3853 1062 3939 denegari
1080 3872 1144 3918 non
1169 3858 1273 3939 potest
1287 3854 1388 3939 impu·

210 3973 330 4058 gnandi
341 3994 418 4038 suae
433 3976 643 4060 professionis
655 3977 854 4042 validitatem
871 3980 987 4063 quippe
1003 3978 1111 4062 aliquo
1126 3980 1203 4043 vitio
1219 3978 1387 4053 iniectum

208 4102 318 4163 tamen
342 4099 520 4169 cavendum
543 4105 615 4165 erat
638 4120 680 4165 ne
703 4102 800 4167 huius
823 4102 904 4167 iuris
928 4102 1119 4167 exeuntium
1144 4104 1176 4167 in
1192 4102 1338 4168 fraudem
1356 4109 1388 4167 et

301 4272 341 4344 (l)
359 4273 400 4327 (ll.
414 4274 443 4327 Ρ.
458 4274 582 4341 werna,
597 4276 646 4330 lus
660 4278 769 4332 Deerat.
784 4276 841 4341 Ill,
857 4295 884 4347 p.
903 4278 977 4343 753,
990 4288 1048 4332 not.
1065 4278 1141 4342 579,
1155 4280 1294 4347 opinatur,
1309 4278 1387 4333 insti·

211 4380 280 4434 tutis
296 4381 469 4435 dioecesanis
490 4386 618 4436 virorum
641 4382 733 4453 quoad
756 4382 945 4438 dimissionem
972 4384 998 4437 id
1020 4385 1155 4454 applicari
1180 4386 1252 4456 quod
1275 4391 1388 4441 cnutum

209 4486 482 4542 atlanteum.
505 4489 646 4557 Conditae,
665 4508 725 4561 cap.
746 4490 769 4555 Ι,
789 4509 815 4543 n.
837 4492 866 4555 8,
885 4492 918 4545 de
938 4492 1114 4546 monialibus.
