3350 5100
313 305 377 372 128
835 321 918 370 rans
943 321 965 394 1.

310 448 365 531 qui
387 443 516 512 differat
538 450 651 531 petere
672 442 951 512 confirmationem
974 444 1060 508 inira
1083 461 1237 508 mensem.
1258 442 1321 510 Sed
1345 441 1491 529 singulas

312 571 511 638 conditiones
524 591 590 637 non
604 572 786 637 recolemus
801 569 915 655 quibus
929 569 1188 636 determinantur
1199 568 1263 635 hae
1278 569 1489 654 privationes,

310 717 353 762 ne
367 701 476 762 actum
498 698 532 761 in
553 700 697 764 tractatu
719 695 759 761 de
774 696 930 762 Personis
953 699 986 760 11
1008 693 1047 759 11
1064 692 1173 759 Rebus
1192 712 1292 779 agere
1308 691 1488 760 videamur.

313 824 357 886 At
379 821 536 887 nonnulla
558 823 685 906 potiora
706 820 922 886 subiiciemus.

402 946 455 1011 93.
479 944 596 1013 Clerici
612 964 678 1010 non
695 944 874 1014 residentes
889 941 930 1008 ad
945 961 1091 1008 normam
1107 942 1192 1010 tituli
1208 943 1239 1016 1,
1261 943 1390 1008 Decret.
1407 942 1489 1008 Gre-

314 1089 384 1154 gor.
400 1067 460 1150 tx,
484 1069 539 1135 lib.
562 1070 591 1134 ll
597 1069 612 1135 l
638 1091 656 1132 e
672 1071 723 1136 De
737 1069 870 1136 clericis
887 1087 958 1135 aaa
980 1067 1204 1133 residentibus
1218 1067 1256 1132 in
1270 1067 1422 1132 Ecclesia
1438 1068 1490 1132 111

313 1193 553 1260 Praebeadaa
575 1195 686 1278 poenis
701 1199 906 1259 coercentur.
924 1193 1074 1257 Breviter
1090 1191 1237 1257 dehisce
1256 1211 1399 1276 agamus,
1416 1193 1490 1274 quia

315 1323 461 1385 nostrum
483 1338 548 1383 non
572 1324 621 1384 est
642 1318 808 1404 explicare
823 1320 928 1404 legem
945 1318 1148 1391 residentiae,
1165 1316 1222 1383 sed
1237 1323 1360 1382 lantum
1376 1317 1490 1381 innue-

315 1463 385 1509 mus
407 1461 576 1528 supremas
598 1443 789 1515 sanctiones,
815 1441 930 1526 quibus
954 1443 1015 1506 ista
1036 1442 1093 1506 lex
1116 1438 1307 1506 confirmata
1329 1445 1389 1506 est.

450 1565 481 1653 1)
506 1567 584 1630 lure
607 1566 824 1630 Decretalinm
854 1563 1064 1632 beneficiatus
1095 1566 1228 1649 quisque
1258 1567 1312 1649 qui
1343 1585 1404 1651 per
1429 1583 1494 1632 sear

314 1709 446 1758 menses
461 1689 668 1756 residentiam
683 1709 748 1754 non
764 1691 958 1764 observavit,
975 1696 1143 1776 postquam
1159 1709 1219 1776 per
1234 1691 1419 1756 citationem
1434 1695 1492 1756 aut

311 1817 531 1900 personalem
542 1821 598 1880 aut
609 1816 785 1882 edictalem
796 1815 885 1903 (Vol.
897 1819 922 1899 l,
934 1835 966 1882 n.
980 1817 1058 1902 401)
1070 1817 1133 1881 rite
1145 1817 1293 1896 monitus,
1306 1817 1374 1900 ipse
1386 1834 1493 1900 neque

316 1941 452 2005 redierit
474 1940 515 2005 ad
537 1941 644 2006 locum
659 1941 864 2023 residentiae,
881 1962 985 2026 neque
1001 1961 1115 2006 causas
1131 1940 1317 2027 probaverit
1332 1941 1494 2025 legitimas

315 2062 491 2136 absentiae,
515 2085 572 2129 suo
594 2063 753 2131 beneficio
769 2067 897 2151 privari
909 2072 1052 2151 poterat;
1076 2087 1147 2152 arg.
1172 2087 1199 2132 1.
1216 2066 1284 2132 18
1307 2071 1338 2132 11
1360 2065 1397 2130 11
1419 2065 1451 2162 lt.
1469 2072 1492 2132 1.

256 2229 259 2234 -
318 2186 452 2262 Giraldi,
469 2189 705 2272 1111111111.
718 2195 815 2274 pont.
832 2192 881 2266 II,
897 2211 924 2256 s.
942 2190 998 2255 88.
1012 2225 1031 2238 -
1045 2193 1098 2263 At,
1115 2209 1185 2276 arg.
1200 2191 1222 2272 ᾗ
1236 2190 1264 2254 2
1278 2189 1330 2255 cit.
1352 2208 1427 2273 cap.
1443 2189 1490 2264 11,

316 2318 489 2397 numquam
508 2314 720 2380 deveniretur
742 2314 782 2379 ad
805 2317 1028 2399 privationem,
1045 2334 1186 2382 necnon
1201 2314 1417 2398 antelapsum
1433 2333 1494 2383 sex

317 2439 485 2512 mensium,
502 2439 584 2504 aliae
599 2457 724 2524 poenae
745 2437 864 2503 inferri
879 2443 1038 2523 poterant,
1055 2438 1155 2504 veluti
1172 2457 1329 2503 censurae
1349 2442 1405 2502 aut
1429 2437 1494 2504 iru-

317 2568 425 2629 oiunm
437 2565 644 2649 privationes.
657 2564 770 2649 quibus
782 2564 885 2650 magis
895 2564 1037 2630 absentis
1048 2562 1246 2650 probabatur
1256 2564 1467 2629 contumacia.
1476 2598 1492 2615 ·

317 2688 443 2753 Verum
459 2687 655 2773 prohibitum
677 2688 739 2754 luit
756 2708 799 2753 ne
814 2687 1073 2774 degradarentur
1096 2688 1208 2753 clerici
1223 2687 1263 2753 11
1280 2656 1493 2753 1111111111

316 2812 530 2878 residentiae.

452 2937 485 3023 2)
515 2938 609 3002 Hanc
637 2938 833 3022 procedendi
857 2938 1033 3010 rationem,
1065 2939 1097 3002 vi
1121 2938 1211 3002 cuius
1238 2914 1302 3000 non
1325 2942 1374 3001 111
1397 2935 1493 3001 deve·

318 3059 470 3124 niendnm
492 3059 534 3124 ad
556 3062 768 3145 privationem
783 3060 941 3135 beneficii,
959 3063 1020 3127 nisi
1039 3061 1223 3146 praemissis
1243 3060 1408 3125 fructuum
1431 3061 1495 3143 pri·

319 3182 510 3254 rationibus,
526 3182 661 3258 induxit,
678 3186 724 3249 uti
740 3204 940 3251 communem
957 3190 989 3250 11
1005 3184 1201 3250 ordinariam
1217 3184 1373 3269 regulam,
1392 3182 1491 3248 Conc.

319 3306 407 3372 Trid.
430 3308 464 3369 in
486 3326 566 3373 sess.
590 3308 622 3380 6,
646 3309 771 3390 1112,
797 3309 933 3391 Deras.
959 3315 991 3375 et
1015 3328 1094 3375 sess.
1115 3307 1176 3389 23,
1201 3326 1275 3390 cap.
1293 3308 1322 3381 1,
1346 3307 1396 3371 De
1418 3306 1493 3389 ref..

319 3437 351 3494 et
374 3428 450 3495 alibi
474 3430 559 3495 idem
582 3431 769 3514 Concilium.

452 3554 486 3639 3)
511 3556 650 3620 Haecin
666 3574 796 3642 genere.
814 3590 833 3603 -
852 3557 889 3620 ln
905 3557 1012 3640 specie
1029 3575 1108 3620 vero
1131 3554 1289 3619 adversus
1305 3552 1496 3619 cardinales

319 3699 389 3746 aaa
411 3680 605 3761 residentes,
625 3682 679 3764 qui
696 3680 819 3745 Romae
841 3680 991 3746 residere
1013 3680 1133 3746 debeat
1150 3679 1206 3767 (1),
1232 3679 1429 3764 potissimum
1451 3695 1496 3747 ex

320 3803 427 3869 Consi.
443 3805 516 3868 111.
529 3806 561 3869 X
579 3823 597 3867 1
613 3806 699 3871 Cam
714 3806 814 3871 lanata
827 3832 844 3863 »
862 3804 1098 3870 1911116111
1113 3805 1149 3877 si,
1166 3824 1230 3869 non
1243 3803 1373 3869 obtenta
1387 3803 1497 3887 Papae

319 3928 460 4001 licentia,
489 3950 524 3994 se
546 3930 747 3997 transierant
767 3936 869 3996 extra
891 3934 1016 3997 statam
1042 3929 1311 4000 ecclesiasticam,
1336 3926 1496 4014 gradatim

321 4054 491 4138 privantur
514 4054 660 4120 omnibus
683 4054 813 4128 iuribus,
831 4060 864 4119 et
880 4055 947 4139 ipso
964 4054 1174 4121 cardinalatu.
1196 4054 1317 4137 Nempe
1333 4053 1497 4134 inprime

411 4336 450 4405 (l)
470 4338 610 4409 Siquidem
630 4338 735 4393 Romae
753 4338 874 4393 residere
893 4352 948 4391 non
967 4338 1068 4392 debunt
1086 4340 1132 4409 qui
1147 4337 1275 4391 obtinent
1288 4335 1497 4405 Episcopatum,

322 4441 469 4497 dnmmodo
487 4443 533 4498 hic
551 4461 606 4498 uon
625 4446 662 4497 sit
681 4462 752 4498 unus
770 4461 804 4498 ex
823 4443 1036 4497 Subur-binariis.
