3350 5100
438 321 482 367 DE
506 320 646 367 tauteus
669 320 912 369 catmtnautsstts
937 320 972 367 tu
997 320 1113 367 SPEGIE
1302 301 1362 367 431

188 448 279 513 salvo
293 448 365 511 inre
382 445 586 517 defensionis.
600 445 684 529 quod
700 452 851 511 accusato
868 442 1037 531 competiit
1055 446 1133 509 Nam
1150 449 1301 510 accusato
1318 445 1367 510 ius

188 580 238 639 est
256 575 464 658 exceptiones
486 592 620 637 movere
641 578 709 637 tum
732 574 766 635 in
789 572 1036 643 attestationem,
1054 575 1120 635 tum
1142 571 1174 634 in
1194 588 1367 655 personam
1408 598 1412 607 ·

188 698 279 762 testis
302 701 344 776 et,
369 695 608 781 utplurimum,
633 694 798 759 aestimari
822 712 886 757 non
911 698 1016 778 potest
1035 692 1365 759 valorattestationis.

189 822 250 886 nisi
274 824 489 905 cognoscatur
515 823 584 905 ipse
610 821 709 885 testis.
736 854 753 867 ·
780 819 955 885 Instructio
985 788 1092 883 autem
1115 819 1149 882 in
1180 822 1240 882 art.
1265 818 1365 883 XVII

188 950 291 1017 cavet,
302 980 320 993 ·
330 951 487 1011 acmanto
501 962 638 1011 annnam
651 945 876 1031 capnitionem
890 942 1118 1010 ecltibenttant
1130 960 1201 1009 esse
1212 942 1367 1008 omnium

187 1076 344 1137 actorum
363 1088 543 1153 processus
566 1074 599 1135 et
621 1071 708 1135 banc
726 1070 869 1152 plenam
885 1070 1101 1155 cognitionem
1123 1073 1155 1131 et
1170 1065 1367 1132 defensionis

188 1197 312 1280 copiam
333 1213 393 1261 rea
416 1192 550 1260 concedi
574 1195 605 1257 in
627 1210 791 1276 processu
814 1192 923 1257 mirato
948 1193 1026 1257 satis
1050 1190 1293 1275 explicavimus.

277 1322 353 1385 att.
370 1322 497 1385 Verum
521 1320 547 1385 si
571 1320 716 1403 quaestio
738 1320 829 1384 bisce
852 1318 1000 1383 terminis
1024 1319 1234 1402 concipiatur,
1258 1321 1365 1381 utrum

169 1444 283 1530 'iudici
299 1446 350 1509 fas
365 1447 414 1518 sit,
431 1448 584 1509 accusato
609 1442 752 1529 pandere
775 1442 943 1508 dumtaxat
966 1443 1213 1513 attestationem,
1238 1442 1366 1507 reticita

170 1543 278 1635 >testis
302 1572 441 1636 nornine.
465 1570 661 1651 quaestionis
683 1564 826 1633 definitio
849 1566 955 1631 danda
971 1571 1029 1635 est.
1054 1570 1177 1631 attento
1200 1570 1267 1630 tum
1295 1566 1366 1648 iure

188 1691 351 1763 naturali,
367 1696 433 1755 tum
455 1692 526 1755 iure
545 1690 701 1774 positivo.
728 1725 745 1737 ·
771 1690 825 1754 lus
845 1688 1030 1772 positivum
1053 1686 1216 1753 conditum
1241 1688 1366 1752 Instru-

187 1820 293 1882 ctione
309 1816 403 1881 modo
418 1816 589 1901 explicata,
603 1821 694 1882 certe
705 1812 926 1880 difficultatem
941 1832 1007 1879 non
1023 1812 1110 1886 facit,
1124 1813 1200 1897 qnia
1216 1813 1366 1879 tenatiae

188 1962 252 2007 non
270 1941 440 2025 praecipit
455 1960 586 2005 normas
601 1940 703 2005 minti
717 1957 907 2020 processus
924 1937 982 2003 sed
997 1938 1099 2023 magis
1115 1938 1278 2020 consalin
1293 1957 1366 2021 quo·

187 2067 277 2131 circa
291 2066 418 2130 articuli
440 2066 681 2131 demonstrant.
689 2069 722 2127 et
736 2062 879 2137 laudant,
897 2063 1044 2149 generali
1060 2060 1196 2145 quadam
1214 2060 1364 2135 dictione,

187 2191 318 2276 regulas
348 2208 519 2275 processus
549 2188 792 2261 substantiales,
824 2189 930 2272 prouti
961 2186 1143 2251 advertitur
1165 2188 1198 2250 in
1221 2186 1365 2271 proemio

187 2314 277 2380 hisce
299 2315 408 2380 verbis
431 2319 493 2380 art.
518 2315 566 2379 X:
595 2312 812 2380 ‹Processus
839 2312 958 2397 confici
984 2316 1095 2393 potest
1119 2310 1243 2393 formis
1272 2328 1365 2376 snm-

186 2438 309 2503 mariis
338 2443 369 2503 et
399 2436 525 2521 absque
558 2436 679 2503 indicii
708 2436 870 2518 strepitu,
902 2436 1044 2501 servatis
1073 2452 1209 2517 semper
1237 2432 1366 2518 repulis

186 2561 334 2626 institiae
348 2559 625 2626 substantialibus
641 2579 672 2623 a.
690 2559 745 2624 lus
761 2577 941 2625 commune
956 2557 1184 2630 Decretalium,
1202 2558 1247 2622 uti
1262 2556 1366 2642 expli·
1475 2629 1477 2634 ,

187 2685 329 2749 cavimus
360 2685 435 2748 Vol.
466 2685 491 2764 l,
523 2702 554 2747 n.
581 2683 656 2756 483,
690 2685 791 2768 ipsam
817 2680 1082 2766 publicationem
1114 2678 1365 2746 attestationum

186 2829 251 2875 non
274 2811 366 2874 iussit
387 2808 428 2874 ad
451 2809 677 2876 substantiam
705 2826 903 2892 processis,
935 2805 991 2871 scd
1021 2810 1146 2872 tantum
1170 2803 1209 2869 ad
1233 2823 1364 2868 normas

186 2933 341 3009 iustitiae,
359 2954 415 3000 seu
432 2933 537 3018 prouti
554 2932 738 3018 expostulat
751 2932 807 2997 ins
821 2931 1038 3014 defatnonis.
1054 2965 1071 2978 -
1084 2929 1169 2995 Sane
1185 2929 1218 2993 in
1234 2947 1303 3012 cap.
1320 2926 1365 2992 22

186 3057 236 3123 De
259 3065 340 3124 sent.
356 3065 387 3124 et
401 3077 441 3124 re
456 3059 526 3122 iud.
551 3057 585 3122 X
598 3055 655 3141 (ll,
679 3056 738 3136 27)
753 3055 898 3141 quaestio
914 3052 950 3120 lit
969 3053 1010 3120 de
1031 3053 1246 3139 appellatione
1262 3052 1363 3116 inter-

186 3181 298 3264 posita,
324 3183 399 3266 quia
430 3180 527 3245 iudex
558 3179 750 3244 sententiam
781 3178 912 3252 tulerat,
941 3176 1072 3243 testium
1100 3173 1364 3258 depositionibus

127 3314 129 3317 ’
187 3325 305 3373 corana
323 3305 484 3390 partibas
506 3305 647 3371 minime
668 3304 812 3386 receptis
838 3321 902 3368 nec
932 3301 1071 3370 estensis
1102 3301 1237 3366 andem.
1270 3299 1365 3365 Inno-

187 3434 311 3498 centius
332 3431 382 3497 ΙΙΙ
408 3434 441 3496 in
465 3434 519 3498 cit.
543 3431 654 3514 capite
675 3449 740 3494 nan
764 3427 912 3502 admittit,
929 3428 1017 3492 hunc
1040 3426 1200 3490 defectum
1226 3423 1365 3511 publica·

185 3558 284 3621 tionis
307 3577 378 3621 esse
401 3576 531 3622 causam
556 3554 725 3626 nuditatis,
750 3552 806 3618 sed
829 3551 943 3625 edicit,
966 3550 1169 3618 sententiam
1191 3567 1263 3615 csse
1285 3566 1361 3615 con·

185 3681 405 3765 firmandam,
422 3684 450 3746 si
469 3685 596 3746 constet
617 3685 717 3744 testes
739 3697 859 3742 revera
882 3677 936 3742 vel
960 3695 1024 3740 non
1047 3694 1118 3739 esse
1141 3677 1313 3755 suspectos
1332 3676 1365 3738 et

184 3803 336 3887 infensos
357 3810 519 3881 accusato,
535 3804 588 3869 vel
611 3824 677 3870 non
700 3823 771 3868 eam
795 3801 912 3867 fecisse
936 3799 1169 3885 probationem,
1187 3815 1269 3881 quae
1292 3795 1363 3860 ani-

184 3947 271 3994 mum
294 3931 432 3994 moverit
454 3928 568 3995 iudicis
589 3929 630 3994 ad
653 3923 855 3994 sententiam.
882 3925 1002 4005 Quare,
1019 3925 1064 3989 uti
1088 3941 1166 3988 euna
1190 3918 1363 3987 communi

184 4052 323 4137 probant
338 4054 478 4140 Pirhing
493 4054 543 4120 De
560 4053 695 4120 testibns
709 4072 743 4118 n.
756 4050 835 4117 202
850 4054 883 4115 et
896 4045 1062 4114 Reiffenst.
1076 4046 1127 4111 De
1143 4050 1212 4111 test.
1228 4064 1263 4109 n.
1277 4041 1361 4114 524,

184 4175 236 4240 vel
253 4176 317 4241 non
332 4177 499 4263 publicare
511 4179 744 4251 attestationes,
760 4175 814 4239 vel
830 4179 954 4238 tantum
971 4171 1102 4236 nomina
1116 4187 1180 4232 non
1197 4166 1362 4252 publicare

184 4302 313 4366 testium
329 4321 394 4366 non
417 4308 467 4368 est
489 4301 635 4368 defectus
655 4299 873 4367 substantialis
897 4297 929 4360 in
953 4313 1126 4381 processu;
1142 4291 1198 4357 sed
1214 4297 1264 4357 est
1278 4293 1362 4358 ratio

184 4426 328 4511 legitima
350 4427 583 4512 appellationis,
608 4433 644 4492 ut
666 4427 764 4492 iudex
781 4425 937 4492 decernat
960 4442 1002 4488 an
1024 4423 1096 4488 iure
1115 4422 1170 4486 ,vel
1193 4420 1313 4486 iniuria
1327 4443 1362 4489 se
