3350 5100
466 297 511 343 urs
534 297 675 357 runrorrs
698 296 941 347 carumrnreus
1231 278 1298 346 255
1372 328 1376 333 -

132 443 191 505 pra
212 444 245 487 n.
262 420 339 487 173.
354 456 372 471 -
398 422 525 489 Etenim
548 424 577 489 si
599 424 814 509 praescriptio
828 422 960 509 attingit
974 422 1133 487 actionem
1150 422 1307 493 crimina,

133 546 197 617 lem.
223 545 309 609 hauc
334 546 465 630 attingit
490 548 561 611 sive
583 546 728 613 eamdem
753 551 909 611 exerceat
931 543 1030 609 iudex
1052 562 1109 609 seu
1132 550 1299 630 promotor

133 667 191 735 fise.
212 672 282 736 sive
303 675 459 735 exerceat
474 673 623 756 privatus
637 677 820 737 accusator.
835 706 854 719 -
872 658 998 735 Verum
1015 688 1055 735 ne
1071 674 1136 735 tam
1152 668 1299 755 graviter

132 791 293 861 offendisse
314 796 349 858 in
373 800 550 880 conceptus
565 794 792 881 primordiales
812 794 962 861 dicantur
985 795 1036 859 isti
1060 794 1124 859 DI).
1142 794 1186 859 ita
1208 794 1298 859 intel·

131 917 240 1002 ligendi
256 923 333 984 suat
355 924 391 984 ui
412 916 613 1003 distinguant
627 938 814 1004 processum
828 917 1079 985 accusatorium
1102 934 1122 979 a
1145 936 1298 1001 processu

131 1042 324 1126 inquisitiva.
349 1063 407 1109 seu
433 1062 479 1113 ca
510 1044 619 1127 officio
647 1046 837 1117 instaurato,
868 1044 1013 1127 quamvis
1043 1040 1084 1107 ad
1113 1042 1297 1107 instantiam

130 1170 314 1251 promotoris
328 1166 457 1235 fiscalis.
469 1168 632 1253 Siquidem
648 1188 828 1254 processus
843 1168 1067 1253 inquisitiuas
1084 1168 1116 1233 in
1133 1166 1299 1233 hodierna

132 1294 234 1375 liu-ma,
250 1295 313 1358 iuri
338 1312 551 1360 romanorum
571 1294 752 1379 incognitus
774 1314 794 1359 a
810 1295 882 1359 iure
899 1292 1054 1357 canonico
1073 1290 1222 1357 inductus
1237 1299 1296 1365 est,

131 1438 147 1481 a
166 1437 223 1501 quo
239 1424 349 1481 tamen
363 1417 486 1483 nadlibi
500 1422 638 1485 cantum
658 1424 716 1493 est,
740 1419 928 1483 instantiam
953 1416 1181 1500 inquisitionis
1203 1418 1298 1501 impe·

132 1540 183 1605 diri
197 1541 237 1605 ab
252 1540 454 1623 exceptione
463 1541 757 1624 praescriptionis.
777 1576 795 1589 ·
816 1541 925 1607 Nihilo
941 1542 1056 1611 secius,
1074 1560 1110 1605 re
1126 1559 1296 1625 perpensa,

132 1666 209 1731 nulla
236 1666 330 1731 adest
353 1666 436 1731 ratio
460 1665 634 1752 probabilis
660 1665 817 1733 eiusmodi
845 1664 1067 1737 distinctionis,
1092 1666 1168 1749 quia
1193 1684 1297 1749 neque

131 1789 217 1855 iudex
245 1788 429 1875 procedere
456 1790 545 1855 valet
574 1791 635 1855 nisi
667 1792 777 1876 rigeat
806 1792 891 1855 actio
922 1790 1111 1855 criminalis.
1143 1790 1187 1854 At
1217 1789 1298 1854 haec

131 1915 268 1999 loquendi
292 1919 377 1982 ratio
399 1914 588 1983 manifestat
601 1936 697 2001 quam
713 1917 823 2001 gravis
840 1915 985 1980 confusio
1010 1916 1042 1978 in
1067 1935 1103 1979 re
1127 1912 1297 1995 criminali,

132 2040 223 2121 quoad
245 2042 394 2106 notiones
418 2040 472 2105 rel
495 2040 722 2111 elementares,
740 2046 882 2105 mentem
903 2040 999 2103 etiam
1021 2038 1208 2123 graviorum
1232 2037 1298 2103 ΙΙΙ).

131 2166 337 2248 occupaverit
362 2162 414 2231 Gi.
437 2164 513 2229 Vol.
533 2164 597 2245 ΙΙΙ,
616 2183 649 2227 n.
671 2164 703 2229 8.

209 2290 390 2353 Praeterea
413 2287 518 2371 quoad
541 2289 699 2353 rationem
717 2287 913 2353 historicam
929 2286 1024 2399 huius
1040 2287 1221 2352 sententiae
1236 2285 1299 2351 hoc

133 2410 322 2478 advertatur.
339 2410 423 2487 Quia
437 2413 511 2477 iure
524 2431 659 2477 romano
673 2414 888 2497 praescriptio
904 2417 1092 2496 comparata
1107 2411 1168 2476 luit
1182 2410 1298 2477 adver·

131 2557 176 2602 sus
185 2540 327 2622 privatos
343 2538 441 2619 cives,
454 2543 655 2612 accusantes,
668 2539 699 2602 vi
712 2538 851 2604 actionis
868 2536 1061 2604 criminalis
1072 2555 1165 2620 pop,
1182 2537 1298 2602 mirum

131 2669 252 2737 nonest
266 2663 331 2728 DI).
345 2664 491 2747 opinatos
503 2682 584 2733 esse,
601 2659 818 2728 differentiam
834 2660 934 2726 veluti
950 2659 1196 2726 substantialem
1209 2659 1298 2726 indu-

130 2793 202 2852 ctam
224 2788 324 2854 fuisse
349 2807 422 2853 curn
437 2790 600 2852 accusatio
616 2788 789 2852 reservari
805 2787 911 2870 coepit
928 2787 985 2868 ipsi
1005 2784 1100 2850 iudici
1123 2785 1298 2868 inquirenti

131 2919 178 2976 aut
190 2913 302 2978 saltem
318 2913 496 2997 promotori
514 2909 626 2976 fiscali.
641 2911 770 2978 Etenim
783 2911 910 2996 privato
926 2910 988 2974 civi
1006 2908 1177 2974 accusandi
1188 2907 1298 2990 saoni-
1321 2901 1326 2910 '

133 3041 221 3101 tatem
236 3036 381 3110 habenti,
394 3035 450 3100 sed
465 3055 531 3100 non
550 3053 638 3102 onas
652 3041 685 3100 et
702 3034 860 3118 officinm,
872 3033 1024 3118 imputari
1040 3033 1127 3097 valet
1142 3034 1189 3098 ad
1200 3051 1299 3116 prae·

130 3161 338 3241 scriptionem
361 3159 515 3225 eiusmodi
537 3159 635 3234 iaris,
652 3164 743 3226 tanto
767 3165 912 3244 tempore
932 3158 1117 3243 neglexisse
1141 3178 1233 3224 suurn
1250 3161 1300 3224 ius

131 3301 295 3358 exercere3
312 3302 397 3368 quae
412 3285 578 3367 imputatio
594 3280 665 3348 fleri
682 3301 746 3348 non
762 3287 868 3367 potest
891 3283 922 3346 in
947 3281 1095 3354 iudicem,
1113 3284 1159 3347 uti
1182 3282 1298 3347 adrer-

132 3409 225 3473 timus.
249 3409 300 3474 Re
323 3428 402 3474 sane
425 3427 506 3472 vera
528 3414 617 3494 patet
639 3407 756 3473 nedum
781 3407 884 3491 quoad
908 3409 957 3473 ius
981 3408 1097 3474 eccles.
1122 3407 1178 3473 sed
1203 3409 1297 3474 etiam

132 3529 224 3608 quoad
247 3532 297 3595 ius
319 3529 418 3595 civile
440 3551 497 3596 seu
521 3549 701 3604 commuue,
727 3529 900 3594 inolevisse
924 3530 1077 3594 eiusmodi
1107 3531 1299 3596 sententiam

132 3650 311 3720 limitantem
333 3657 601 3741 praescriptionis
624 3653 811 3727 efficaciam,
836 3655 881 3720 uti
911 3655 1005 3720 docet
1033 3653 1135 3719 Fleck
1159 3655 1180 3719 l.
1206 3654 1258 3720 cit.
1284 3690 1299 3703 ·

134 3771 312 3844 Farinacius
334 3779 356 3842 l.
373 3779 426 3844 cit.
443 3799 477 3843 n.
493 3777 519 3843 3
534 3785 564 3843 et
580 3778 603 3842 4
620 3781 738 3864 repetit
761 3779 857 3842 huius
881 3777 1048 3842 doctrinae
1072 3779 1232 3863 originem
1257 3797 1300 3842 ex

134 3898 237 3966 Glossa
252 3903 605 3988 adlep.12Cod.ad
628 3904 691 3988 lep.
712 3901 812 3968 Corn.
830 3905 872 3968 cte
893 3901 992 3984 salsis
1011 3937 1028 3950 -
1046 3902 1097 3967 ubi
1119 3901 1301 3967 advertitur

137 4026 199 4090 ‹in
213 4029 355 4093 crirnine
377 4027 460 4110 falsi
481 4029 535 4093 ins
557 4029 756 4112 inquirendi
768 4048 834 4110 per
851 4047 960 4094 annos
984 4028 1124 4112 tripinta
1146 4027 1251 4093 durat
1269 4049 1298 4092 ».

135 4147 214 4215 llaec
228 4153 378 4236 loquendi
397 4153 479 4217 ratio
492 4173 558 4217 non
570 4152 708 4218 obscure
724 4153 919 4222 manifestat.
934 4150 1091 4216 eiusmodi
1108 4154 1299 4218 sententiam

135 4275 252 4341 referre
274 4277 559 4364 iurisprudentiam
578 4283 656 4343 tunc
672 4279 847 4363 vigentem,
864 4279 890 4342 si
908 4297 972 4342 uon
993 4277 1220 4351 universalem,
1237 4277 1299 4343 sal·

136 4401 192 4463 tem
213 4421 294 4486 pene
313 4421 525 4468 communem.
543 4401 634 4476 Quae
648 4404 773 4488 praxis
789 4422 849 4488 pro
870 4400 976 4467 indole
992 4399 1198 4466 tribunalium
1216 4401 1300 4468 illius
