3350 5100
617 342 885 399 annnosrnun.
1277 324 1340 388 581

158 479 210 517 aus
222 463 394 517 conscientia
408 476 463 515 non
476 461 624 516 crediderit
637 460 843 531 appellandum,
856 459 901 516 vel
915 459 1133 531 appellationem
1149 460 1342 530 interpositam

135 588 137 591 ·
160 566 379 637 prosequendam
403 566 519 621 minima
543 566 700 632 censuerit,
718 567 746 621 in
773 571 913 635 potestate
938 571 967 621 et
987 566 1106 620 arbitrio
1124 564 1281 635 Coningnm
1305 567 1343 620 sit

159 686 246 725 novas
265 671 376 740 nuptias
394 669 570 735 contraham,
590 669 737 724 dnmmodo
755 668 841 725 alicui
860 686 955 725 eornm
975 671 1010 723 ob
1029 669 1142 740 aliquod
1163 670 1342 739 impedimen·

160 782 229 844 tum,
241 778 285 833 rel
306 777 462 847 legitimam
481 794 594 831 cansam
613 776 640 831 id
660 777 778 833 vetitum
798 793 854 832 non
873 778 919 831 eit.
938 776 1068 831 Potestas
1085 781 1180 833 tamen
1200 780 1261 845 post
1273 776 1344 831 alte·

158 902 218 940 ram
243 886 412 941 sententiam
438 886 622 951 conformem,
641 889 673 939 nt
691 902 790 955 snpra,
808 885 981 955 Coniugibus
1004 886 1081 939 tacta
1105 882 1294 954 intelligatur,
1315 891 1343 938 et

159 993 251 1048 locum
271 993 382 1058 habeat,
400 992 479 1047 salvo
497 1009 616 1061 semper,
635 997 663 1047 at
682 994 763 1047 firmo
782 997 945 1047 remanente
964 992 1032 1056 iure,
1045 1008 1094 1046 seu
1114 991 1262 1062 privilegio
1279 1007 1344 1045 cau-

157 1114 252 1153 sarum
270 1096 533 1162 matrimonialium,
552 1113 624 1167 quae
643 1098 677 1151 ob
697 1097 897 1167 cuiuscumque
916 1097 1050 1166 temporie
1074 1096 1180 1165 lapsum
1200 1112 1342 1167 nunqnam

159 1208 305 1259 transeunt
324 1204 351 1257 in
371 1218 430 1258 rem
449 1202 615 1269 iudicatam3
630 1202 676 1259 sed
697 1204 721 1257 ei
740 1218 811 1257 nova
830 1220 884 1269 ras,
896 1220 967 1274 qnae
988 1219 1042 1257 non
1061 1203 1189 1268 deducta,
1201 1202 1246 1257 vel
1264 1203 1343 1273 igno·

158 1318 221 1366 rata
239 1312 333 1377 suerit,
351 1311 509 1381 detegatur,
529 1311 632 1365 resumi
653 1316 776 1380 possunt,
795 1316 824 1366 et
843 1328 938 1366 rursus
957 1310 986 1365 in
1005 1310 1164 1365 iudicialem
1183 1315 1344 1365 controver-

155 1418 227 1473 siam
247 1419 379 1473 revocari.
399 1417 512 1479 Quodsi
526 1434 543 1472 e
559 1418 681 1473 secunda
698 1419 840 1473 sententia
858 1434 941 1487 anper
960 1417 1092 1472 nullitate
1110 1417 1154 1471 vel
1173 1416 1265 1473 altera
1279 1433 1343 1486 para

155 1526 351 1596 appellaverit,
369 1524 415 1581 vel
434 1524 591 1579 huiusmodi
611 1525 663 1589 sit,
681 1528 713 1578 ut
733 1525 758 1579 ei
779 1524 858 1579 salva
876 1524 1062 1589 conscientia,
1083 1523 1216 1578 Defensor
1241 1523 1343 1591 Matri·

157 1631 244 1685 monii
263 1630 492 1711 acquiescendum
517 1644 572 1685 non
597 1634 692 1699 putet,
713 1629 757 1685 vel
776 1630 844 1701 quia
861 1630 916 1687 eibi
934 1630 1045 1685 videtur
1069 1630 1216 1684 manifeste
1238 1629 1343 1685 iniusta

157 1737 202 1793 vel
222 1737 353 1803 invalida,
366 1736 410 1793 vel
430 1737 498 1807 quia
515 1736 602 1792 tuerit
621 1737 680 1792 lata
693 1737 720 1790 in
733 1739 821 1792 tertia
837 1737 983 1802 instantia,
996 1742 1026 1791 et
1037 1738 1075 1791 sit
1087 1736 1261 1791 revocatoria
1274 1735 1344 1793 alte·

158 1846 215 1897 rins
235 1843 426 1913 praecedentis
438 1860 522 1913 snper
541 1843 689 1898 validitate
702 1844 730 1897 ln
744 1844 868 1900 secunda
886 1844 1022 1899 instantia
1038 1847 1194 1908 emanatas,
1206 1842 1343 1906 volumus,

158 1956 189 2007 nt
203 1954 283 2005 firma
295 1956 458 2007 remanente
470 1952 581 2023 utrique
590 1951 709 2020 Coniugi
721 1951 909 2021 prohibitione
920 1952 954 2005 ad
964 1951 1035 2006 alias
1048 1950 1208 2005 transeundi
1222 1950 1344 2018 nuptiae,

155 2076 226 2129 quas
244 2060 268 2113 si
288 2058 454 2115 contrahere
472 2060 532 2113 ausi
552 2059 667 2125 tuerint,
686 2059 791 2127 poenis,
811 2064 842 2112 nt
862 2060 1025 2127 praefertur,
1041 2075 1058 2112 a
1077 2058 1164 2111 Nobis
1182 2055 1343 2110 constitutis

157 2167 272 2221 subesse
290 2166 472 2231 decernimus,
486 2182 570 2219 causa
588 2166 616 2219 in
637 2166 723 2221 tertis
742 2165 786 2221 val
806 2170 907 2236 quarta
925 2166 1061 2219 instantia
1079 2168 1274 2233 cognoscatur,
1286 2180 1342 2217 ser·

158 2274 231 2328 vatis
254 2274 405 2343 diligenter
429 2274 570 2339 omnibus,
589 2290 660 2345 qnae
680 2290 697 2327 a
721 2274 803 2329 nobis
827 2273 856 2327 in
882 2274 985 2343 prima,
1009 2277 1039 2328 et
1062 2273 1183 2329 secunda
1207 2273 1342 2327 instantia

155 2376 324 2435 demandata
336 2382 457 2447 luerunt,
470 2396 570 2451 nempe
584 2381 612 2434 in
626 2380 754 2451 quolibet
766 2380 890 2435 iudiciali
903 2384 968 2435 actu
981 2380 1079 2439 citato,
1092 2385 1122 2435 et
1134 2380 1230 2435 andito
1245 2382 1344 2435 Defen-

156 2501 219 2540 eore
238 2484 420 2547 Matrimonii,
440 2485 488 2557 qui
507 2501 524 2538 a
542 2484 635 2541 ludica
654 2486 756 2540 tertiae
775 2485 929 2558 Instantiaa
948 2484 1098 2554 deputatus
1115 2486 1209 2539 fuerit.

247 2592 346 2658 §XIL
369 2593 500 2647 Defensor
524 2597 618 2647 antem
644 2593 833 2658 Matrimonii,
858 2593 940 2663 qn‘em
965 2592 1000 2646 ad
1024 2609 1126 2647 mnnns
1150 2609 1230 2647 sunm
1253 2594 1343 2663 gratis

154 2701 314 2756 obeundum
335 2715 384 2768 pro
403 2715 498 2754 amore
517 2699 577 2765 Dei,
597 2704 625 2754 et
644 2699 761 2768 proximi
783 2699 916 2764 utilitate,
932 2705 961 2754 et
980 2699 1126 2754 Ecclesiae
1143 2701 1301 2755 reverentia
1313 2701 1341 2755 in

158 2809 275 2862 nomino
294 2806 483 2873 exhortamur,
502 2807 526 2859 ei
545 2822 658 2876 operam
678 2823 756 2860 suam
775 2807 837 2861 aine
855 2806 984 2861 mercede
1002 2812 1054 2861 ant
1071 2807 1175 2863 salario
1194 2807 1289 2878 aliqua
1307 2823 1341 2863 ex

155 2927 240 2965 causa
259 2910 391 2964 exhibere
411 2911 594 2975 recusaverit,
613 2912 648 2964 ab
667 2911 752 2980 ipsius
771 2910 880 2965 Causae
899 2911 991 2966 ludica
1010 2912 1035 2967 ei
1056 2913 1253 2976 constituatur,
1265 2916 1293 2966 et
1306 2912 1340 2966 ab

155 3035 190 3072 ea
209 3021 297 3086 parte,
312 3032 383 3086 quse
402 3033 452 3085 pro
466 3014 613 3070 validitate
632 3017 806 3072 Matrimonii
826 3018 896 3086 agit,
909 3018 933 3070 ei
946 3018 998 3087 ipsi
1011 3018 1133 3072 facultas
1148 3019 1193 3086 ait,
1206 3017 1342 3085 solvatur,

156 3125 199 3178 ein
218 3124 310 3176 minue
328 3140 345 3177 a
363 3122 456 3178 Indice
474 3125 589 3193 primae,
603 3123 646 3181 vel
666 3125 812 3190 secundae,
830 3124 876 3179 vel
895 3126 997 3180 tertiae
1016 3125 1169 3181 instantiae
1188 3126 1340 3196 respective

153 3230 422 3295 subministrabitur,
441 3231 488 3301 qui
510 3231 655 3298 pecuniam
675 3247 710 3286 ex
729 3229 843 3285 mulctis
860 3247 974 3286 enorum
998 3231 1180 3286 tribunalium
1204 3233 1341 3297 redactae,

156 3338 200 3393 vel
220 3337 392 3406 redigendae,
406 3342 435 3392 et
452 3337 481 3390 in
500 3353 585 3406 opera
605 3337 651 3406 pie
669 3337 825 3407 erogandae
838 3339 867 3392 in
887 3339 1045 3392 huiusmodi
1058 3344 1185 3408 sumptus
1201 3340 1340 3395 insumere

156 3449 296 3516 poterunt.
315 3444 383 3500 Gnm
403 3461 469 3500 vero
487 3445 594 3500 ludices
613 3461 714 3500 caueae
734 3449 816 3499 erunt
836 3445 943 3500 Indicae
961 3445 1165 3512 Commieearii,
1184 3447 1231 3517 qui
1250 3439 1340 3517 neque

155 3553 245 3606 forum
264 3551 378 3616 habent,
391 3555 421 3605 et
438 3555 641 3622 consequenter
654 3567 744 3623 neque
757 3552 905 3621 pecuniam
918 3567 952 3607 ex
966 3553 1078 3606 mulctis
1090 3553 1247 3620 collectam,
1261 3553 1342 3606 voln-

156 3674 217 3710 mne
235 3673 267 3711 ac
286 3657 462 3724 mandamus,
482 3661 513 3710 nt
532 3655 674 3712 Defensori
695 3657 869 3712 Matrimonii
889 3659 1009 3712 satisfiat
1027 3675 1062 3713 ex
1082 3660 1200 3728 pecunie
1223 3659 1341 3713 mulcta-

156 3778 216 3814 rum
230 3761 308 3817 illine
321 3761 460 3832 Episcopi,
474 3763 501 3816 in
515 3763 595 3816 cuius
609 3762 748 3818 Dioecesis
762 3762 847 3818 ludex
860 3762 1072 3818 Commieearius
1084 3765 1164 3818 iuxta
1176 3763 1254 3819 Sedis
1268 3768 1339 3833 Apo·

153 3867 271 3921 stolicae
289 3869 452 3923 mandatnm
471 3868 604 3923 indicium
624 3871 777 3924 exercebit.

244 3974 355 4038 exul.
373 3975 515 4032 Hactenus
534 3975 649 4046 quidem
668 3977 759 4049 quoad
785 3993 885 4032 causas
908 3975 1145 4045 Matrimonieles,
1167 3995 1238 4049 qnae
1259 3984 1340 4034 extra

105 4079 107 4084 '
155 4079 309 4133 Romanam
329 4078 441 4134 Curiam
462 4085 678 4150 pertractantur.
698 4081 793 4143 Quoad
821 4099 919 4136 censae
937 4097 1019 4149 vero,
1038 4099 1110 4153 qnae
1130 4083 1234 4139 Romae
1253 4084 1341 4138 disce-

154 4184 274 4256 ptandas
293 4190 368 4251 eunt,
386 4203 448 4240 cum
468 4204 564 4244 aarum
584 4188 708 4256 cognitio
727 4188 755 4242 in
776 4189 865 4258 prima
884 4189 1021 4244 instantis
1039 4189 1073 4243 ad
1093 4188 1119 4244 S.
1141 4189 1174 4244 lt.
1195 4191 1226 4246 E.
1245 4191 1340 4245 Cardi-

154 4289 245 4344 nalem
265 4288 292 4342 in
314 4291 440 4358 praelata
459 4289 545 4354 Urba,
558 4291 675 4361 eiusque
692 4289 848 4357 Suburbiia,
861 4296 890 4346 et
902 4292 1031 4347 districtu
1046 4292 1187 4348 Vicarium
1206 4293 1337 4348 Nostrum

154 4398 184 4452 in
204 4396 398 4466 spiritualibus
419 4413 467 4466 pro
488 4403 611 4465 tempore
630 4401 747 4468 spectat,
766 4399 928 4454 mandamns
947 4416 980 4454 ac
998 4401 1134 4463 iubemus,
1150 4405 1181 4455 nt
1198 4402 1291 4455 omnia
1309 4407 1339 4456 et
