3350 5100
479 297 523 344 DE
546 294 686 343 IUchllS
710 291 963 342 calumniamus.

589 631 769 704 'l‘l'l‘ULUS
797 632 858 696 lll.

404 835 449 881 DE
471 831 673 881 deploramus
697 831 741 878 ET
769 825 1045 877 excarnlonlnba

148 1098 349 1155 Samarium.
367 1128 404 1142 -
423 1100 482 1154 173.
504 1099 544 1154 De
563 1101 673 1154 obiecto
692 1098 859 1152 indiciorum
878 1093 1074 1148 criminalium.
1093 1121 1129 1134 -
1150 1091 1208 1144 171.
1227 1087 1312 1142 Obie·

226 1211 298 1260 ctum
318 1221 506 1260 instaurarunt
526 1211 569 1259 est
588 1205 662 1260 actio
681 1203 836 1258 criminalis
855 1217 926 1272 quse
945 1199 1085 1254 definitur.
1098 1223 1134 1238 ·-
1154 1195 1212 1249 175.
1231 1191 1312 1246 notio

225 1313 387 1378 criminalis,
398 1315 459 1367 inre
469 1315 619 1377 canonico,
632 1317 675 1368 est
687 1315 731 1365 ius
743 1311 933 1382 persequendi
943 1307 1102 1360 omnimoda
1111 1303 1238 1358 remedio
1247 1317 1312 1370 poe·

223 1421 300 1473 nulia
318 1420 381 1475 sira
401 1434 650 1484 reuersurnnrn,
662 1417 721 1470 siaa
734 1429 946 1470 aararrranrrn.
959 1439 995 1454 ·-
1012 1411 1069 1464 176.
1083 1408 1217 1463 Publicus
1232 1421 1311 1460 accu-

140 1567 143 1573 ‚
223 1534 299 1582 sator
315 1544 365 1584 eeu
386 1531 531 1596 promotor
548 1527 607 1579 fiac.
625 1529 741 1579 accusat
759 1523 872 1578 innixus
891 1520 999 1574 cuidam
1018 1518 1132 1573 actioni.
1145 1546 1179 1558 ·-
1201 1515 1259 1571 177.
1274 1515 1311 1568 Do

223 1634 401 1687 accusatione
426 1631 454 1685 in
481 1647 612 1700 processu
637 1646 706 1699 pure
731 1627 903 1700 inquisitiva.
925 1654 961 1666 -
985 1625 1042 1678 178.
1069 1623 1107 1677 De
1133 1621 1255 1693 querela.
1277 1651 1311 1663 ·-

226 1739 282 1791 179.
294 1738 334 1792 De
348 1737 565 1791 adhaerentibus
576 1737 697 1789 fisco-
711 1733 770 1788 180.
781 1733 918 1787 Instantis
930 1731 1091 1786 criminalis
1103 1757 1135 1771 ·-
1150 1728 1312 1798 1811111111-

223 1851 302 1899 catur
315 1861 371 1916 qno
383 1843 465 1897 modo
478 1860 624 1913 processus
642 1840 1026 1910 accusatorius-inquiattirus
1044 1837 1210 1893 adhibeatur
1227 1837 1312 1891 etiam

222 1953 251 2006 in
268 1952 361 2006 censis
379 1950 574 2020 spiritualibus
586 1955 624 2014 et,
637 1965 701 2002 cum
714 1948 820 2018 primis,
833 1947 863 2001 in
876 1945 1137 2000 matrimonialibus.
1150 1972 1187 1986 -
1201 1943 1258 1998 182.
1273 1943 1312 1998 De

222 2059 443 2128 exceptionibus.
460 2087 495 2100 -
518 2058 577 2112 183.
598 2059 636 2111 De
655 2057 809 2110 monitione
828 2056 963 2110 canonica
982 2061 1011 2110 at
1030 2041 1186 2124 praecepto.

226 2293 298 2358 173.
322 2294 468 2378 Agentes
490 2291 532 2356 de
554 2291 680 2356 indiciis
702 2291 850 2356 civilibus
872 2292 937 2356 ael.
963 2290 989 2362 Ι,
1014 2309 1048 2354 n.
1072 2288 1140 2354 180
1161 2288 1312 2373 probavi·

150 2435 208 2482 rana
220 2419 386 2484 actionem
401 2437 472 2482 esse
495 2416 655 2481 obiectum
670 2415 908 2482 immediatum
923 2413 1131 2488 indiciorum3
1148 2416 1218 2498 ipsa
1232 2413 1312 2478 iura

148 2547 242 2607 antem
263 2562 337 2607 esse
359 2541 523 2608 obiectum
545 2541 743 2614 mediatum,
769 2575 787 2589 ·
813 2542 883 2606 Non
907 2560 1001 2605 secus
1031 2541 1065 2603 in
1093 2519 1313 2605 criminalibus

149 2666 251 2732 indicia
272 2668 471 2733 immediate
493 2670 718 2732 instaurantur
744 2666 785 2731 ob
814 2667 991 2730 institutam
1022 2666 1181 2729 actionem
1205 2666 1312 2729 crimi-

150 2789 241 2853 nalem
265 2796 300 2856 et
314 2788 473 2855 definiunt
494 2810 537 2855 an
560 2789 685 2855 admitti
707 2797 764 2855 aut
786 2790 895 2874 respui
910 2788 1026 2854 debeat
1045 2766 1189 2855 instituta
1211 2788 1312 2863 actio;

149 2914 280 2981 mediate
300 2919 410 2980 autem
433 2935 492 2980 seu
515 2934 576 2999 per
598 2904 806 2999 antecurrens
831 2918 1006 2979 versantur
1037 2914 1126 2978 circa
1156 2915 1225 2999 ipsa
1248 2917 1313 2979 cri·

150 3036 238 3113 nina;
254 3038 411 3124 siquidem
434 3040 598 3105 accusatio
622 3058 680 3104 seu
696 3038 874 3104 criminalis
896 3038 982 3104 actio
1006 3038 1171 3105 commode
1186 3036 1314 3104 definiri

150 3162 241 3227 salet:
255 3165 310 3231 iae
328 3165 562 3249 persequendi
584 3164 622 3228 in
643 3162 770 3230 iudicio
789 3182 940 3246 poenam
961 3183 1022 3230 sen
1040 3164 1217 3247 publicam
1239 3166 1313 3231 etn-

150 3282 261 3352 dictam
283 3288 449 3355 adamum
471 3288 733 3373 delinquentem,

227 3412 298 3477 174.
313 3412 401 3478 Sane
411 3414 446 3477 in
457 3413 553 3479 hisce
563 3412 689 3479 indiciis
700 3415 869 3497 quaeritur
884 3432 926 3477 an
941 3419 1113 3481 accusator
1128 3414 1314 3501 probaverit

151 3528 257 3599 mium
281 3537 497 3603 accusationis
528 3536 688 3602 obiectum
719 3541 752 3601 et
780 3541 888 3601 utrum
919 3538 1071 3603 eiusmodi
1102 3540 1222 3605 lactum
1246 3558 1312 3607 me·

151 3662 249 3723 rantur
269 3680 405 3745 poenam
429 3680 524 3745 qnam
547 3660 688 3746 postulat
701 3668 890 3739 accusatum
907 3682 964 3729 seu
985 3632 1059 3729 aliis
1081 3665 1199 3739 verbis,
1220 3684 1314 3749 quae·

152 3781 232 3864 nitur,
251 3806 292 3851 an
313 3788 357 3852 sit
378 3787 469 3852 locus
491 3789 613 3853 actioni
635 3807 694 3853 seu
716 3790 913 3854 accusationi
935 3790 1134 3855 instauratae
1157 3790 1313 3859 adversus

151 3917 330 3977 accusatum.
354 3913 436 3977 Nam
458 3931 524 3977 non
555 3911 674 3978 sufficit
703 3913 861 3999 probare,
886 3934 977 3981 reum
1010 3922 1157 4005 patrasse
1185 3918 1313 4002 aliquod

152 4027 392 4123 factnmsuapte
414 4042 533 4102 natura
555 4038 684 4111 malum,
700 4038 757 4104 sed
781 4040 919 4105 ulterius
941 4042 1140 4127 probandum
1160 4050 1218 4126 est,
1236 4046 1312 4111 illud

151 4151 255 4223 iactum
284 4160 416 4227 subesse
445 4162 510 4248 legi
540 4163 683 4249 poenali,
716 4165 869 4230 nimirum
900 4168 1117 4251 persecutioni
1149 4169 1313 4237 cniusdam

153 4279 272 4347 actonis
292 4285 481 4351 criminalia.
507 4287 556 4353 cf.
581 4286 712 4361 suarez,
726 4287 776 4353 De
800 4288 928 4375 lepidio
944 4291 1011 4371 III,
1028 4312 1056 4357 c.
1079 4291 1132 4366 12,
1148 4312 1182 4359 a.
1208 4294 1245 4358 11
1263 4314 1312 4381 sq.

154 4402 182 4463 et
202 4400 257 4478 IV,
278 4426 304 4473 c.
329 4408 385 4490 11,
408 4428 443 4472 a.
466 4410 493 4473 2
514 4429 564 4494 aq.
589 4409 700 4476 Veluti
732 4412 877 4495 privatus
907 4414 990 4479 civis
1018 4416 1191 4499 aliqnando
1221 4440 1312 4485 sunm
1353 4456 1357 4467 ·
