3350 5100
347 290 413 355 508
857 308 942 355 enas
967 308 1015 354 111.

347 432 517 498 dirimendi
533 432 673 516 aliquam
697 434 965 505 controversiam,
982 439 1017 499 ut
1036 440 1113 519 puta
1136 454 1177 497 an
1197 437 1290 499 testis
1313 435 1530 501 admittendus

348 560 397 631 sit,
421 576 464 621 an
488 562 613 624 constet
635 557 675 623 de
699 559 903 622 contumacia
932 558 1067 623 alterius
1091 560 1208 644 partis:
1233 559 1298 625 hae
1325 565 1531 643 quaestiones

348 680 545 747 definiuntur
576 702 635 767 per
657 684 835 747 sententias
865 681 1087 748 incidentales
1110 701 1168 749 seu
1189 684 1466 751 interlocutorias
1490 686 1532 749 de

348 807 462 891 quibus
485 826 584 891 supra
606 826 639 870 n.
663 806 739 872 254.

436 930 510 995 482.
537 930 725 996 Sententiae
752 950 873 1011 omnes,
897 932 967 995 sive
989 931 1219 1006 medarde,
1243 934 1313 997 sive
1335 902 1533 1018 definitieae

348 1056 534 1121 exerendae
564 1058 696 1121 suntin
719 1055 876 1138 rotptis3
899 1055 1054 1139 siquidem
1080 1056 1177 1121 lustr.
1203 1058 1234 1122 S.
1259 1059 1292 1123 C.
1317 1057 1417 1125 conc.
1442 1060 1534 1125 iubet

346 1178 473 1263 §Oura
488 1180 603 1264 itaque
620 1198 637 1241 e
656 1180 704 1245 Ea
720 1181 828 1264 itaque
842 1176 944 1264 (acta)
966 1200 1031 1243 nou
1054 1181 1231 1246 vernaculo
1254 1181 1310 1246 sed
1332 1182 1437 1248 latino
1461 1202 1534 1248 ser·

347 1321 442 1370 mone
466 1312 562 1371 erunt
585 1305 836 1388 conscribenda,
853 1307 998 1391 exeeptis
1020 1312 1129 1372 mmen
1150 1308 1359 1392 excipiendis,
1376 1310 1533 1373 nimirum
1636 1327 1637 1344 ¹

347 1433 493 1497 articulis
509 1433 780 1518 interrogatoriis
799 1431 1060 1517 responsionibus
1076 1432 1116 1496 ad
1132 1453 1172 1497 ea
1191 1439 1224 1497 et
1240 1436 1419 1519 peritorum
1444 1435 1534 1499 rela-

347 1554 500 1631 tionibus;
513 1556 706 1639 praesertim
720 1574 799 1619 vero
815 1554 948 1619 decreta
959 1560 991 1620 et
1002 1557 1193 1628 sententiae,
1206 1575 1288 1639 quae
1299 1558 1393 1621 iuxta
1405 1557 1533 1641 priscos

348 1700 454 1747 mores
470 1682 533 1745 erit
549 1676 758 1755 conficienda,
768 1680 869 1747 latina
884 1680 995 1764 lingua
1007 1678 1232 1745 exarabuntur
1242 1700 1273 1741 a.
1287 1680 1434 1745 Proinde
1444 1688 1532 1747 acta.

348 1826 430 1891 quae
446 1809 641 1893 promanant
655 1824 675 1869 a
691 1804 795 1869 iudice
812 1810 844 1868 et
859 1824 925 1868 non
940 1803 1064 1869 directe
1079 1803 1275 1870 ordinantur
1289 1804 1331 1870 ad
1347 1810 1532 1890 responsio·
1636 1859 1637 1882 p

348 1951 422 1997 nem
446 1929 650 1995 obtinendam
667 1948 686 1993 a
702 1928 901 2015 coniugibus,
917 1929 970 1993 vel
986 1930 1157 2015 asponsis,
1174 1929 1227 1993 vel
1242 1948 1263 1993 a
1278 1928 1425 2002 testibus,
1442 1930 1499 1995 vel
1516 1950 1534 1995 a

349 2056 470 2140 peritis,
479 2055 532 2138 qui
544 2054 687 2139 linguam
699 2054 776 2118 satis
790 2072 854 2117 uon
867 2053 1007 2117 calleant
1018 2054 1162 2125 latinam,
1170 2058 1269 2117 erunt
1280 2053 1382 2119 latine
1390 2056 1535 2119 conscri-

350 2178 462 2243 benda.
481 2180 575 2243 Ratio
598 2185 648 2243 est
671 2180 754 2261 quia.
772 2184 906 2263 propter
929 2178 1114 2242 instantiam
1133 2178 1358 2262 appellationis
1374 2177 1534 2242 eiusmodi

348 2308 422 2369 acta
435 2304 545 2368 forsan
557 2302 698 2367 obnoxia
710 2310 807 2368 erunt
819 2304 961 2367 examini
974 2303 1088 2367 iudicis
1101 2304 1242 2387 supremi
1255 2301 1338 2388 apud
1356 2303 1387 2368 S.
1403 2302 1532 2369 Sedem.

438 2428 513 2495 483.
537 2428 736 2495 Sententiam
753 2427 964 2513 definitivam
988 2429 1034 2493 ita
1056 2426 1145 2493 iubet
1160 2427 1242 2492 ferri
1260 2430 1359 2493 lustr.
1376 2428 1409 2494 S.
1424 2426 1533 2494 Officii

348 2555 436 2636 §aa
455 2554 642 2620 «Omnibus
660 2558 693 2618 ut
709 2572 807 2638 supra
824 2557 974 2638 peractis.
988 2553 1028 2617 ad
1044 2555 1237 2618 sententiam
1252 2553 1534 2638 pronunciandam

348 2678 542 2744 veniendum
559 2680 630 2743 erit.
648 2678 739 2752 Quod
756 2685 793 2746 ut
811 2678 851 2743 ab
869 2678 1043 2745 Ordinario
1060 2699 1118 2744 seu
1134 2681 1203 2744 eius
1218 2677 1368 2764 delegato
1386 2681 1450 2743 rite
1467 2678 1533 2751 flat

348 2807 381 2868 in
404 2805 517 2890 primis
539 2823 559 2869 a
582 2804 755 2869 defensore
778 2810 871 2869 matr.
896 2805 1024 2887 exquiri
1047 2803 1142 2870 debet
1165 2804 1352 2876 declaratio,
1370 2804 1431 2870 sibi
1452 2805 1534 2869 nihil
1636 2788 1637 2803 ¹

349 2929 485 3012 amplius
501 2926 722 2992 deducendum
739 2935 794 2990 aut
810 2927 1037 3009 inquirendum
1054 2946 1243 3012 superesse;
1260 2926 1385 2998 deinde,
1403 2929 1534 3012 integra

349 3071 457 3132 causa,
480 3052 603 3117 duobus
626 3051 806 3117 vermibus
829 3054 909 3116 viris
933 3054 1063 3136 peritis,
1086 3053 1117 3118 si
1140 3052 1258 3118 habea
1275 3053 1428 3135 possint,
1454 3072 1532 3116 exa·

350 3175 501 3241 minanda
517 3176 705 3242 subiiciatur
721 3181 763 3256 et,
781 3177 909 3240 nonnisi
925 3177 1033 3242 audito
1049 3197 1162 3242 eorum
1178 3183 1263 3249 voto,
1282 3177 1446 3242 sententia
1462 3197 1534 3262 pro
1636 3192 1637 3279 J

349 3302 485 3368 feratur.
511 3337 528 3350 -
555 3303 646 3368 Haec
670 3303 703 3368 in
727 3305 858 3387 scriptis
886 3304 949 3368 erit
980 3304 1146 3368 exaranda
1177 3306 1211 3368 in
1233 3322 1336 3386 eaque
1367 3304 1532 3369 rationum
1636 3292 1637 3369 l

349 3431 520 3506 momenta,
544 3426 658 3510 quibus
681 3427 839 3494 innititur.
858 3445 900 3491 ex
923 3445 1077 3512 processu
1101 3427 1290 3512 deprompta
1312 3437 1530 3512 exponantur,
1636 3422 1637 3497 l

350 3552 514 3616 succincte
537 3549 673 3634 quidem,
699 3549 755 3615 sed
779 3553 823 3615 ita
846 3558 953 3616 tamen
979 3550 1213 3635 nequidquam
1236 3551 1410 3618 essentiale
1437 3555 1533 3618 omit·

349 3681 447 3742 tatur.
466 3711 483 3723 -
509 3675 677 3742 Sententia
706 3675 942 3761 subscriptione
972 3676 1085 3741 iudicis
1112 3683 1146 3742 et
1172 3678 1342 3742 secretarii
1374 3697 1437 3741 nec
1464 3697 1530 3742 non

351 3800 454 3886 sigillo
479 3801 590 3864 curiae
621 3801 811 3887 episcopalis
836 3801 967 3880 munita,
992 3800 1136 3885 partibus
1161 3803 1224 3865 erit
1251 3799 1449 3866 notificanda
1472 3821 1532 3887 per

352 3925 461 3990 curiae
484 3925 713 4010 apparitorem,
739 3925 853 3988 relicto
877 3923 997 3988 eisdem
1023 3923 1108 3989 illius
1131 3926 1322 4010 exemplari,
1347 3924 1388 3990 de
1412 3928 1531 4009 quoin
1636 3940 1637 3949 ¹

351 4050 479 4132 scriptis
503 4047 583 4114 fides
605 4051 669 4115 erit
691 4047 843 4114 facienda
860 4069 892 4112 ›.

440 4171 517 4236 484.
533 4175 562 4236 A
578 4173 740 4236 sententia
756 4170 938 4256 appellandi
956 4173 1004 4236 ius
1018 4177 1069 4235 est
1084 4172 1170 4235 intra
1183 4170 1385 4236 decendium
1401 4169 1443 4235 ad
1459 4189 1531 4235 ner·
1636 4216 1637 4239 2

350 4315 434 4359 mam
452 4297 531 4359 iuris
547 4297 735 4360 communis.
755 4295 829 4359 Vol.
844 4295 870 4367 Ι,
885 4315 916 4358 n.
930 4293 1004 4360 638.
1019 4331 1034 4342 ·
1047 4294 1213 4369 Quodnam
1231 4297 1273 4358 sit
1288 4293 1436 4375 speciale
1449 4312 1530 4359 onus
1636 4328 1637 4337 κ

351 4419 414 4485 def.
432 4426 525 4486 matr.
542 4423 576 4485 in
587 4419 803 4505 appellatione
819 4419 1039 4491 instauranda,
1057 4439 1155 4504 supra
1170 4417 1318 4483 diximus.
1337 4419 1412 4483 Hoc
1427 4419 1531 4504 singu-
