3350 5100
436 318 480 364 na
503 317 643 364 romeus
667 314 909 365 esruruanrnus
934 316 968 361 ru
993 315 1110 361 eruens
1297 298 1363 363 {itu

481 568 503 649 ᾖ
529 568 557 632 l.
584 568 634 633 Dc
655 567 869 653 Purgatione
891 566 1067 633 canonica.

185 740 402 797 Summarium.
421 770 455 784 ·-
474 740 536 797 293.
558 744 700 797 Laudatur
720 745 852 814 purgatio
871 745 1020 807 canonica,
1045 746 1184 812 quatenus
1208 750 1251 795 ast
1275 760 1361 796 reme·

252 824 348 903 'dium
377 851 601 905 extraiudiciale.
620 880 656 891 -
675 851 737 905 294.
763 850 820 903 Sub
846 848 899 905 boe
923 854 1037 919 aspectu
1063 850 1196 920 purgatio
1222 867 1281 903 can.
1308 866 1362 903 non

273 954 406 1010 abhorret
423 972 442 1009 a
458 958 519 1010 foro
543 956 643 1011 eccles
662 961 692 1010 et
709 956 820 1010 utiliter
843 956 1016 1026 frequentari
1037 960 1136 1025 potest.
1155 982 1191 997 -
1210 954 1271 1009 295
1290 955 1361 1017 Quo-

187 1095 192 1103 ·
273 1062 355 1117 modo
373 1061 456 1117 bodie
474 1062 596 1117 ordinari
616 1062 711 1117 valeat
728 1066 860 1134 purgatio
879 1066 1021 1117 monica.
1038 1090 1073 1127 -,
1091 1061 1151 1115 296.
1165 1060 1235 1123 Quid
1249 1062 1361 1131 potissi·

272 1186 348 1223 mum
366 1169 565 1225 attendendum
583 1172 621 1223 eit
639 1171 699 1225 sive
716 1185 751 1225 ex
770 1174 850 1239 parte
869 1169 993 1225 accusati
1017 1171 1077 1223 sive
1096 1173 1229 1239 exparte
1247 1168 1361 1225 testium

274 1281 305 1329 ut
323 1275 471 1330 admittere
491 1281 614 1345 praestet
632 1276 769 1332 eiusmodi
787 1277 949 1332 remedium.

273 1436 350 1504 293.
377 1437 576 1524 conceptum
599 1445 633 1503 et
653 1438 822 1505 historiam
847 1440 1048 1525 purgationis
1080 1440 1148 1503 sive
1178 1438 1362 1507 canonicae

184 1564 253 1627 sive
275 1563 429 1647 culparis
458 1582 558 1647 supra
588 1562 779 1627 tradidimus
801 1584 835 1628 a.
859 1563 931 1633 112,
956 1570 989 1629 et
1011 1562 1209 1627 advertimus
1236 1580 1361 1647 purga·

183 1688 309 1753 tionem
331 1688 534 1753 canonicam
556 1689 589 1751 in
614 1708 672 1753 sua
703 1690 830 1773 origine
861 1689 967 1773 prouti
999 1688 1086 1753 illurn
1117 1685 1363 1753 commendabat

184 1811 216 1877 S.
233 1813 412 1897 Gregorius
427 1812 471 1876 M.
488 1812 698 1895 eamdemque
716 1812 898 1881 adhibebat.
915 1812 1016 1879 fuisse
1035 1812 1226 1879 remedium
1250 1816 1362 1877 eutra-

183 1936 343 2003 iudiciote
369 1936 551 2001 ordinatum
576 1939 610 2001 in
633 1936 879 2023 abstergendam
908 1956 1142 2021 quamcumque
1173 1938 1361 2022 suspicionis

183 2059 288 2125 labem
303 2081 324 2125 a
339 2060 576 2131 Sacerdotibus,
588 2063 642 2145 qui
658 2080 730 2127 esse
745 2059 864 2151 debent
879 2060 962 2145 apud
980 2061 1131 2167 populum
1148 2060 1359 2126 christianum

182 2186 253 2249 sine
268 2187 405 2251 mamis
421 2190 454 2249 et
468 2186 541 2251 sine
558 2204 660 2271 rupa.
678 2187 776 2275 Atqui
795 2204 860 2251 uon
875 2185 974 2251 semel
995 2183 1147 2251 sacerdos
1166 2182 1361 2249 iudicialiter
1464 2176 1468 2187 '

183 2316 361 2378 marmus
387 2311 428 2376 de
453 2312 592 2377 erimine
617 2331 681 2375 non
709 2312 924 2381 convincitur,
947 2316 1046 2395 atque
1073 2331 1093 2376 a
1117 2310 1232 2376 iudicio
1256 2312 1361 2375 victor

183 2435 318 2502 discedit
339 2436 395 2501 sed
426 2456 491 2501 non
521 2439 651 2527 omuino
681 2457 702 2501 a
731 2435 805 2501 labe
834 2438 1025 2521 suspicionis
1052 2437 1219 2504 immunis.
1244 2437 1360 2520 quippe

183 2563 330 2628 homines
344 2563 377 2626 in
393 2561 511 2628 malum
527 2564 621 2648 proni
638 2563 765 2628 facilius
779 2562 1011 2627 absolutionem
1036 2561 1183 2628 tribuunt
1203 2561 1360 2647 probatio-

184 2705 259 2750 num
274 2684 414 2751 deieotui
429 2704 524 2769 quam
537 2687 679 2750 accusati
692 2686 905 2750 innocentiae.
925 2687 963 2750 In
976 2685 1039 2750 hac
1052 2705 1160 2750 rerum
1177 2685 1360 2750 conditione

183 2809 375 2876 versabatur
397 2810 550 2875 sacerdos
566 2809 683 2875 iudicio
698 2808 857 2874 obnoxius
872 2811 904 2876 S.
923 2811 1075 2896 Gregorii
1092 2809 1202 2894 Magni
1219 2808 1307 2894 (aaa.
1324 2810 1359 2890 5,

183 2954 273 3000 catu.
289 2934 325 3006 2,
342 2953 374 3018 q.
390 2935 427 3019 5)
443 2935 497 3017 qui
521 2935 766 3018 pronunciavit:
793 2938 860 2999 ‹et
877 2934 1010 3000 uultum
1026 2934 1063 2998 ia
1079 2949 1118 3000 eo
1135 2933 1177 3000 de
1196 2933 1247 2999 his
1271 2953 1360 3018 quae

182 3059 272 3124 dictu
293 3056 445 3140 fueruat,
469 3059 608 3141 culpam
630 3059 857 3124 invenimus»
884 3078 925 3122 en
948 3057 1194 3125 absolutionem
1216 3058 1358 3126 iudicia-

183 3183 270 3263 tem‚·
291 3201 407 3246 verum
429 3181 629 3268 subiungit«
647 3181 715 3248 Sed
733 3201 777 3248 ne
795 3182 880 3266 quid
899 3183 1074 3248 uideretur
1088 3182 1251 3248 omissum
1267 3183 1360 3267 quod

182 3311 297 3373 nostro
315 3309 480 3390 potuisset
502 3308 645 3374 dubium
667 3308 764 3376 cordi
785 3327 976 3396 remanere,
1001 3310 1047 3376 ad
1070 3309 1108 3373 B.
1124 3309 1219 3374 Petri
1241 3327 1357 3375 sacra-

181 3432 349 3497 tissimum
372 3451 497 3516 corpus
520 3433 674 3498 districta
697 3453 774 3499 eum
799 3453 844 3499 aaa
863 3432 1056 3500 abundanti
1077 3432 1221 3515 fecimus
1244 3453 1360 3500 sacra·

181 3560 296 3621 menta
323 3555 491 3637 praebere
519 3563 578 3622 etc.
603 3579 634 3620 a.
660 3554 743 3620 Inibi
772 3557 1006 3623 iuramentum
1032 3558 1278 3642 purgatorium
1309 3564 1360 3622 est

182 3681 372 3746 remeatum
387 3682 650 3749 emireiudiciale
664 3703 728 3766 qua
743 3684 923 3748 consulitur
938 3685 1116 3769 integritati
1133 3685 1239 3749 famae
1254 3705 1359 3750 sacer·

181 3804 300 3870 dotum.
314 3805 406 3871 Haec
418 3809 568 3892 purgatio
580 3808 747 3874 canonico
758 3813 904 3872 mutuata
915 3813 995 3874 esta
1006 3809 1144 3894 vulgari
1158 3810 1359 3895 germanica
1456 3879 1460 3888 ,

180 3927 238 4012 (uti
259 3928 549 3996 demonstravimus
571 3932 593 3995 l.
613 3931 655 4017 c.)
671 3937 771 3997 testes
789 3939 975 4000 assertores
998 3953 1055 3998 seu
1078 3939 1360 4020 compurgatores

181 4073 239 4119 seu
266 4056 542 4135 samameatatcu
565 4058 619 4140 qui
647 4058 744 4122 etiam
765 4075 892 4123 manus
914 4058 1045 4142 quinta,
1070 4063 1179 4137 seura,
1202 4057 1356 4141 septima.

181 4176 258 4242 dicti
272 4185 348 4243 sunt
362 4179 479 4265 quippe
501 4200 616 4245 manus
639 4180 715 4245 dum
738 4183 918 4267 porrigitur
942 4201 1071 4266 semper
1094 4181 1155 4248 fuit
1178 4182 1358 4268 symbolum

181 4300 261 4367 fides
291 4311 325 4369 et
351 4311 451 4370 testes
482 4306 627 4371 iurantes
656 4325 783 4372 manus
809 4307 982 4392 porrigunt
1013 4327 1112 4392 super
1143 4307 1269 4374 Sancta
1295 4309 1358 4374 Dei

183 4426 379 4512 Evangelia.
397 4426 477 4493 Inde
493 4429 702 4493 Innocentius
720 4429 767 4493 111
786 4431 818 4493 in
835 4449 863 4494 o.
878 4431 900 4494 5
917 4429 966 4494 Dc
978 4449 1081 4516 purg.
1096 4449 1171 4496 aaa.
1185 4431 1219 4494 X
1232 4430 1287 4512 (V,
1300 4431 1357 4518 34)
