3350 5100
555 300 599 346 un
630 299 768 347 mmcus
792 300 1035 349 unimammas
1319 282 1385 347 :303

203 426 420 509 perniciosum
438 429 604 489 remaneat
626 423 665 488 ob
686 424 910 510 probationum
927 424 1088 489 deiectum
1105 425 1293 509 impunitum
1312 433 1396 490 cum*

204 547 341 613 difficilis
363 551 405 617 sit
428 549 635 635 probationis,
652 549 788 617 testibus
803 550 906 615 etiam
926 549 1168 635 amputandus,
1186 568 1384 615 concurren-

202 669 288 735 tibus
306 671 654 755 praesumptionibus,
671 671 807 738 indiciis
829 678 860 738 et
884 672 961 737 atim
985 671 1203 737 adminiculis
1226 670 1384 737 delictum

199 795 386 878 probatum
408 816 480 863 esse
506 796 650 865 arbitrio
680 818 742 864 suc
773 797 952 863 iudicandi
965 819 1002 893 Ι».
1030 796 1191 872 Quocirca
1221 800 1383 864 attestatio

201 921 305 989 unius
329 924 419 989 testis
440 943 506 987 non
538 923 627 996 facit,
650 925 684 989 in
715 884 868 995 ttiemate,
893 942 952 1008 per
982 943 1017 987 se
1048 922 1176 1008 plenam
1207 920 1301 995 fldem
1323 925 1384 987 nisi

202 1048 360 1113 accedant
371 1050 679 1133 praesumptionis,
692 1049 832 1131 indicia,
847 1049 1069 1123 adminicuto,
1082 1068 1140 1115 scu
1152 1049 1218 1113 alia
1228 1047 1385 1134 probatio·

201 1192 279 1236 num
294 1180 463 1246 momenta,
481 1194 563 1259 quae
579 1174 762 1260 compleant
785 1174 945 1239 defectum
970 1174 1183 1239 attestationis
1199 1173 1383 1261 singularis.

203 1297 251 1363 Gt.
279 1294 502 1384 Pignatellius,
531 1297 628 1366 Oans.
653 1319 729 1366 can.
760 1299 854 1365 Tam.
880 1300 911 1373 8,
940 1300 1087 1366 Consutt.
1112 1297 1187 1374 110,
1211 1318 1245 1365 n.
1270 1300 1328 1375 26,
1354 1304 1387 1365 et

206 1420 352 1489 Gemuit.
369 1422 502 1491 Nautes.
518 1425 589 1491 150
601 1444 651 1509 sq.
669 1425 722 1508 qui
738 1426 907 1491 canonista
922 1428 1060 1492 testatur
1083 1424 1228 1489 eamdem
1253 1425 1380 1510 praxim

202 1549 328 1612 servari
344 1548 378 1612 in
400 1551 506 1615 causis
529 1546 603 1615 fidei
627 1549 782 1615 adversus
806 1550 992 1615 haereticos
1016 1554 1048 1613 et
1063 1550 1096 1613 in
1112 1550 1184 1615 aliis
1200 1551 1383 1635 gravissimi

202 1674 364 1740 momenti.

290 1797 365 1863 234.
390 1798 474 1873 Quia
496 1818 562 1861 non
584 1797 764 1863 admittitur
786 1803 843 1862 aut
866 1798 978 1865 saltem
995 1800 1089 1883 parvi
1105 1796 1140 1862 fit
1158 1800 1205 1864 rei
1221 1797 1382 1863 confessio

199 1924 369 1995 ultronea,
382 1925 428 1987 ita
446 1922 547 1987 multo
570 1925 673 2008 magis
696 1943 780 2009 pene
803 1926 967 2008 integrum
991 1924 1109 1990 amittit
1131 1924 1277 1989 valorem
1301 1929 1383 1989 atte-

200 2046 300 2113 statio
324 2048 352 2112 si
375 2046 458 2111 haec
480 2049 638 2115 ultronea
661 2048 712 2121 sit,
730 2068 812 2133 quae
828 2047 948 2114 exinde
972 2050 1073 2133 magis
1096 2048 1312 2115 denunciatio
1329 2054 1383 2114 aut

202 2171 344 2254 querela
367 2169 504 2236 dicenda
526 2177 592 2246 est;
609 2191 679 2257 arg.
697 2192 772 2255 cap.
797 2174 829 2237 X
855 2174 913 2253 (ΙΙ,
934 2170 1001 2256 20).
1019 2172 1062 2237 In
1081 2172 1228 2238 nomine.
1246 2172 1296 2237 De
1313 2178 1381 2239 test.

293 2294 323 2378 Ι)
349 2296 461 2379 ltaque
484 2297 577 2361 testie
600 2296 748 2362 citandus
771 2303 856 2362 esta
879 2296 984 2362 iudice
1007 2301 1042 2362 ut
1065 2298 1156 2361 sistat
1172 2316 1206 2363 se
1222 2295 1308 2381 apud
1323 2298 1381 2362 tri·

201 2419 298 2485 bunal
314 2442 529 2507 responsurus
544 2424 807 2509 interrogatoris
822 2424 892 2487 sive
909 2442 954 2488 em
965 2422 1073 2507 officio
1098 2427 1295 2487 convocetur
1312 2422 1381 2487 sive

202 2543 242 2609 ad
264 2544 464 2613 instantiam
487 2550 599 2633 partis.
617 2585 629 2596 -
648 2546 789 2613 Proinde
811 2551 845 2612 in
870 2550 954 2614 actis
977 2546 1096 2614 iudicii
1110 2555 1262 2612 constare
1286 2545 1381 2613 debet

200 2664 241 2729 de
264 2665 350 2731 edita
373 2670 536 2742 citatione,
564 2689 659 2734 secus
682 2671 772 2772 testis
795 2668 909 2733 haberi
933 2677 1040 2754 posset
1067 2673 1245 2753 suspectus,
1271 2675 1381 2754 utpote

199 2783 395 2865 ultroneum
417 2803 488 2868 arg.
512 2784 535 2848 Ι.
558 2785 750 2870 Ρνεεῠμίον.
778 2785 858 2850 Cod.
884 2783 934 2849 De
957 2783 1070 2866 Eptsc.
1095 2787 1128 2848 et
1149 2785 1228 2849 cter.

289 2903 323 2988 2)
338 2905 452 2970 Testes
474 2906 615 2992 impediti
639 2906 814 2972 audiuntur
825 2927 894 2990 par
912 2905 1159 2972 remissoriam.
1177 2903 1226 2970 Gt.
1244 2904 1317 2969 Vol.
1336 2905 1379 2985 II,

200 3047 231 3091 n.
245 3028 310 3094 3‘23
325 3029 445 3096 ·1ubet
456 3037 520 3096 art.
534 3032 578 3098 19
589 3032 642 3097 cit.
653 3033 734 3097 Inst.
751 3055 770 3094 ι
784 3033 932 3096 Testium
945 3029 1132 3096 absentium
1147 3029 1254 3094 autin
1266 3030 1379 3096 citou

198 3153 342 3221 dioecesi
357 3158 568 3223 morantium
580 3158 778 3240 conpescitur
790 3174 938 3223 ecamen
952 3155 989 3220 in
1005 3153 1194 3221 subsidium
1206 3153 1249 3220 ab
1264 3155 1377 3220 eccles.

198 3278 263 3344 toci
292 3281 493 3347 auctoritate
528 3281 638 3347 Mem
673 3279 933 3346 transmittendo
964 3283 1183 3362 prospectum
1216 3276 1321 3359 sacti;
1348 3283 1380 3343 et

198 3403 306 3470 iudea
335 3407 519 3490 requisitas
545 3405 701 3489 pensant
731 3404 965 3489 remandabit,
992 3403 1136 3470 sonatis
1167 3401 1267 3468 tuitus
1295 3402 1377 3468 Inst.

198 3528 330 3594 normis
346 3550 377 3594 a.
598 3520 601 3524 ⁵

287 3649 320 3738 3)
344 3654 574 3719 Attastationes
590 3660 699 3718 autem
723 3652 903 3718 redduntur
920 3670 1030 3717 coram
1045 3648 1152 3714 iudice
1167 3669 1227 3734 per
1243 3667 1377 3733 respon-

196 3777 303 3843 siones
325 3778 367 3843 ad
390 3782 644 3866 interrogatoria
666 3801 686 3846 a
708 3779 816 3845 iudice
838 3797 967 3864 semper
990 3774 1209 3862 proponenda,
1233 3775 1378 3859 quamvis

196 3901 279 3968 haec
302 3901 382 3969 flant
397 3903 438 3968 ad
453 3905 652 3972 instantiam
670 3905 794 3989 partis,
815 3906 876 3970 nisi
893 3903 991 3970 iudex
1006 3903 1172 3988 permittat
1187 3902 1284 3968 alteri
1300 3900 1377 3968 alte

196 4046 269 4092 rum
292 4028 508 4116 interrogare,
534 4031 634 4098 veluti
658 4028 695 4095 flt
718 4032 752 4096 in
775 4029 1060 4113 confrontatione.

285 4153 318 4237 4)
342 4154 454 4220 Testes
477 4175 606 4242 semper
629 4154 778 4222 audiendi
802 4161 878 4221 sunt
901 4154 1045 4226 seorsim,
1067 4153 1173 4238 prouti
1195 4151 1295 4218 dictat
1314 4157 1375 4217 art.

199 4272 239 4338 17
256 4274 310 4340 cit.
336 4275 420 4341 Inst.
445 4296 463 4339 ‹
488 4275 663 4344 Personae
693 4296 783 4362 quae
813 4276 1018 4343 attaminare
1047 4274 1212 4358 ‘appodiat
1240 4293 1377 4358 semper

197 4396 389 4464 audiuntur
410 4400 644 4482 separatim».
662 4400 762 4466 Secus
785 4399 953 4485 responsio
969 4399 1062 4464 unius
1080 4401 1129 4462 est
1148 4395 1243 4463 alteri
1259 4417 1376 4486 suppe-
