3350 5100
322 297 389 364 522
839 318 920 364 raas
945 317 994 363 111.

322 440 539 506 Prouincialis
560 437 602 504 ad
625 442 817 506 eiectionem
844 440 999 504 devenire
1030 423 1142 524 nequit·
1164 440 1226 506 nisi
1250 439 1289 504 de
1312 439 1445 504 consilio
1469 443 1500 502 et

322 582 457 628 assensm
485 582 546 628 sex
577 563 804 648 religiosorum
827 583 846 626 e
870 564 1069 648 gravissimis
1097 563 1286 628 electorum.
1319 559 1351 642 4)
1376 561 1417 626 Hi
1441 579 1501 625 sex

321 690 462 774 religiosi
487 688 626 775 eligendi
656 691 787 757 suntin
812 691 959 777 generali
990 689 1130 775 capitulo
1157 710 1214 755 seu
1238 689 1499 774 congregatione,

320 813 373 876 rel
392 815 426 876 in
441 814 582 898 capitulo
597 833 655 879 seu
670 815 925 899 congregatione
949 814 1151 898 provinciali.
1176 813 1210 900 5)
1236 815 1413 918 Processus
1428 811 1500 877 fleri

319 936 415 1002 debet
436 939 528 1004 iuxta
550 939 797 1003 constitutiones
814 946 846 1002 et
862 937 981 1022 stylum
1005 939 1162 1022 cuiusque
1183 936 1326 1010 Ordinis,
1344 939 1387 1002 uti
1403 955 1501 1022 supra

318 1063 490 1128 innuimus.
514 1062 548 1146 6)
572 1062 623 1128 Ad
648 1063 806 1128 edendum
833 1063 1001 1128 decretum
1033 1063 1232 1147 expulsionis
1263 1063 1443 1146 requiritur
1466 1065 1500 1124 ut

319 1185 407 1250 inid
432 1189 611 1252 consentiat
632 1188 747 1254 maior
777 1207 854 1271 pars
877 1207 895 1250 e
918 1186 1110 1271 supradictis
1140 1205 1199 1250 sex
1228 1185 1387 1258 Patribus,
1415 1184 1500 1250 unde

319 1312 347 1376 si
371 1317 440 1375 tres
462 1312 584 1376 vellent
606 1312 828 1397 expulsionem
847 1317 880 1378 et
894 1311 948 1374 alii
965 1320 1032 1376 tres
1056 1310 1290 1382 contradicant,
1307 1330 1372 1374 non
1395 1309 1501 1374 editur

317 1437 486 1500 decretum
517 1437 725 1521 expulsionis.
760 1437 794 1520 7)
828 1437 1007 1501 Praeterea
1039 1437 1071 1500 in
1104 1435 1271 1501 decretum
1302 1435 1500 1519 expulsionis

318 1567 446 1645 oportet
469 1567 502 1626 ut
526 1564 707 1626 consentiat
737 1564 887 1646 superior
917 1561 1097 1628 Generalis.
1130 1563 1163 1646 8)
1188 1561 1297 1636 Quare
1325 1561 1403 1626 licet
1428 1560 1499 1624 reli·

320 1687 409 1772 gioso
439 1687 606 1772 appellare
637 1689 734 1754 etiam
766 1708 838 1752 cum
872 1683 989 1752 effectu
1021 1685 1219 1770 suspensivo
1250 1685 1407 1751 adversus
1437 1684 1499 1748 hoc

317 1810 494 1891 decretum,
519 1811 576 1876 sed
597 1813 770 1896 appellatio
800 1811 1035 1878 introducenda
1058 1817 1108 1876 est
1134 1810 1216 1896 apud
1241 1811 1272 1875 S.
1298 1811 1410 1876 Sedent
1442 1830 1499 1874 seu

319 1937 436 2022 Congr.
461 1939 529 2004 EE.
554 1948 587 2002 et
610 1938 680 2002 th.
705 1938 739 2023 9)
764 1937 868 2011 Quum
894 1939 1055 2002 sententia
1079 1937 1245 2002 electionis
1277 1934 1499 2001 demandanda

318 2067 369 2126 est
392 2063 589 2134 executioni,
614 2063 675 2127 ista
704 2083 725 2126 a
749 2063 904 2128 Generali
932 2063 982 2126 vel
1015 2059 1259 2126 aProvinciali
1286 2057 1500 2146 significanda

320 2193 369 2250 est
398 2186 574 2252 Ordinario
605 2187 670 2253 loci
703 2207 761 2252 seu
791 2187 936 2273 originis
968 2187 1111 2273 religiosi
1142 2188 1248 2251 electi.
1285 2187 1336 2271 10)
1368 2187 1499 2250 Eiectus

317 2316 425 2375 autem
449 2315 579 2374 tenetur
602 2309 714 2376 habitu
736 2311 884 2376 clericali
909 2311 1073 2383 incedere,
1098 2311 1212 2376 saltem
1236 2310 1264 2374 si
1287 2309 1417 2375 ordines
1441 2311 1497 2373 mi-

318 2457 415 2502 nores
444 2439 625 2522 susceperit
653 2437 715 2521 (cf.
745 2437 911 2510 Ferraria,
941 2439 1002 2504 loc.
1032 2437 1096 2506 cil..
1125 2457 1160 2500 u.
1186 2436 1235 2501 62
1261 2435 1324 2521 sq.)
1353 2436 1498 2519 quamvis

317 2572 485 2631 remaneat
506 2584 683 2651 suspensus
705 2564 745 2628 ab
770 2566 855 2629 omni
880 2564 1028 2629 ordinum
1058 2564 1227 2645 exercitio,
1251 2563 1376 2628 sublata
1400 2563 1497 2629 Ordi-

317 2692 418 2755 nariis
439 2691 584 2755 locorum
609 2690 763 2755 facultate
779 2692 1022 2775 suspensionem
1040 2688 1226 2764 relaxandi;
1252 2694 1284 2753 et
1299 2688 1409 2772 nequit
1423 2708 1496 2754 con·

316 2812 440 2877 cionari
464 2830 569 2896 neque
591 2810 727 2886 docere;
751 2775 849 2895 atque
872 2818 948 2875 vota
971 2831 1106 2877 servare
1129 2816 1263 2875 tenetur
1278 2812 1309 2874 in
1329 2810 1496 2895 Religione

316 2944 500 3021 nuncupata
523 2944 556 3003 et
578 2938 659 3003 alias
689 2938 912 3023 obligationes,
938 2945 1096 3020 quatenus
1119 2938 1201 3002 haec
1229 2956 1300 3001 cum
1329 2959 1386 3003 suo
1410 2944 1495 3003 statu

315 3067 391 3126 sunt¹
414 3059 656 3144 computabitis.

404 3185 479 3250 509.
505 3183 610 3251 Hodie
633 3186 709 3269 quia
724 3163 835 3268 plures
852 3204 894 3249 ex
910 3184 1228 3270 praescriptionibus,
1245 3186 1277 3247 in
1294 3186 1399 3250 citatis
1415 3182 1496 3251 Con-

314 3309 540 3390 stitutionibus,
564 3310 721 3375 ordinatis
741 3313 867 3374 servari
893 3330 957 3373 non
982 3311 1102 3385 valent,
1126 3312 1156 3375 S.
1183 3308 1281 3376 Sedes
1305 3308 1343 3373 ad
1368 3310 1494 3395 petitio-

272 3448 275 3452 ’
315 3454 389 3499 nem
414 3436 639 3499 Praelatorum
661 3435 873 3519 Regularium
889 3436 970 3500 solet
986 3438 1131 3518 sequenti
1150 3436 1307 3519 rescripto
1324 3434 1494 3519 indulgere

314 3556 501 3621 facultatem
517 3557 668 3621 servandi
685 3576 872 3641 processum
887 3559 1117 3623 summarium
1134 3578 1191 3623 seu
1211 3554 1423 3625 damaratum
1436 3555 1492 3639 (1).

404 3677 479 3742 510.
493 3678 527 3742 Si
540 3683 658 3763 agatur
669 3678 709 3743 de
721 3678 889 3744 ordinibus
903 3677 1108 3764 regularibus
1124 3678 1309 3763 approbatis
1321 3698 1393 3743 oum
1410 3678 1495 3745 uotis

314 3802 526 3875 solemnibus,
550 3803 713 3889 negotium
743 3802 917 3888 expeditur
939 3823 960 3868 a
983 3804 1242 3887 congregatione
1268 3822 1374 3885 super
1395 3803 1495 3881 disci,-

309 3926 410 4007 plinu
438 3926 605 4012 reputari.
637 3927 799 4012 Rescripti
831 3933 911 3993 tuuc
943 3927 993 3993 edi
1021 3928 1106 3993 soliti
1137 3935 1284 3992 tenorem
1316 3929 1361 3992 ita
1390 3928 1494 3993 refert

402 4118 441 4187 )1)
461 4118 503 4171 lta
515 4119 657 4187 appellata
669 4126 712 4175 est
730 4119 800 4175 haec
814 4121 887 4175 ratio
901 4122 1065 4191 procedendi
1078 4125 1241 4188 summaria,
1255 4123 1333 4193 quasi
1347 4122 1494 4192 desunlpta

313 4240 330 4275 a
349 4222 458 4275 ratione
475 4223 576 4291 agendi
596 4222 756 4278 Tribunalis
777 4226 921 4293 Gamerae,
940 4228 968 4279 in
987 4242 1042 4296 quo
1061 4226 1204 4293 tribunali,
1217 4229 1252 4281 ob
1265 4228 1325 4282 eius
1340 4244 1492 4299 praeroga·

312 4330 384 4383 ticos
395 4330 515 4397 fiscales,
529 4346 583 4383 non
596 4330 763 4385 adamussim
776 4335 961 4387 servabantur
974 4334 1090 4403 regulae
1103 4350 1247 4404 processus
1260 4334 1447 4389 observandae
1463 4336 1493 4389 in

314 4435 460 4490 nutritorio
478 4436 505 4490 S.
525 4436 625 4492 Rotae.
645 4438 685 4491 Cf.
706 4438 745 4493 De
765 4438 849 4505 Luca,
870 4440 931 4494 Rel.
954 4442 1056 4496 Curiae
1075 4443 1149 4495 Disc.
1168 4444 1217 4508 33,
1238 4459 1263 4493 n.
1284 4442 1327 4495 10.
