3350 5100
438 346 482 393 nn
507 346 646 393 runicus
670 345 913 395 caruissemus
938 346 973 393 iu
997 346 1114 395 sesols
1299 326 1365 391 447

183 470 315 557 probari
339 471 423 537 istud
446 490 511 535 non
534 472 631 544 valet,
648 472 803 555 quocirca
821 471 1029 537 iudicialiter
1051 474 1219 539 occultam
1243 471 1364 537 habon-

184 595 258 662 dum
283 600 341 661 est.
361 630 379 643 -
397 592 556 661 Differunt
579 614 659 661 vero
682 595 939 663 subeuntialiter
958 616 977 660 a
997 596 1112 669 Bouix‚
1129 597 1205 680 quia
1223 597 1259 661 hi
1281 615 1367 661 asse·

185 724 272 793 runt,
293 720 425 786 nullius
446 739 519 785 esso
534 720 655 785 valoris
675 720 870 785 sententiam
886 722 931 785 ita
951 720 1196 805 pronunciatam
1220 720 1281 785 uisi
1305 740 1365 784 ex-

184 850 276 911 cuset
291 843 377 911 dicta
393 847 579 919 necessitas,
593 843 668 910 dum
683 845 788 910 Boulx
799 846 855 918 ait,
867 846 960 911 istam
973 864 1045 911 esse
1059 850 1184 912 tantum
1200 844 1364 912 illicitam.

185 970 322 1049 Verum,
338 970 445 1054 prouti
460 969 558 1035 bodie
580 974 631 1035 eet
652 970 765 1056 praxis
787 968 842 1035 SS.
860 969 978 1054 Gongr.
996 974 1028 1033 et
1047 966 1183 1035 Consilii
1199 973 1232 1035 ct
1248 968 1316 1034 liu.
1332 976 1366 1035 et

186 1092 257 1157 ΒΚ.
281 1094 484 1160 strictissime
506 1092 737 1179 intelligendus
760 1099 811 1158 est
825 1112 920 1158 casus
935 1094 1148 1167 necessitatis,
1166 1112 1224 1158 seu
1238 1092 1366 1177 quando

184 1216 361 1282 nullimode
383 1218 510 1283 servari
532 1220 634 1303 possit
648 1205 821 1304 processus
844 1216 1028 1283 ordinarius
1044 1217 1097 1282 vel
1110 1235 1200 1299 pure
1222 1216 1365 1302 inquisi-

186 1340 274 1406 ticus
287 1340 345 1425 (l).
364 1340 465 1408 Caret
485 1362 566 1407 vero
590 1341 800 1407 fundamento
814 1342 923 1426 opinio
948 1342 1054 1407 Bouix
1069 1340 1264 1406 autumantis
1283 1358 1365 1425 per·

186 1462 392 1543 caprariam
417 1470 662 1550 arpumentum
684 1462 788 1529 liuere
811 1483 854 1529 ex
879 1462 987 1529 verbis
1013 1462 1136 1530 Concil.
1156 1498 1173 1511 -
1199 1464 1301 1555 etiarn
1324 1463 1366 1531 ob

185 1588 373 1671 neemiam
390 1624 409 1639 ·
421 1588 577 1673 siquidem
589 1590 646 1654 illa
661 1589 758 1656 dictio
772 1624 790 1639 ·
803 1590 909 1656 ctiam
921 1591 1089 1657 occultum
1103 1624 1122 1637 -
1135 1588 1254 1673 aliquid
1266 1590 1365 1655 addit

185 1715 451 1781 antecedentibus
473 1715 583 1782 verbis
607 1752 625 1765 ·
649 1736 867 1801 quacumque
889 1736 935 1783 ea
957 1735 1064 1783 eausa
1088 1750 1106 1765 -
1131 1736 1188 1781 seu
1213 1716 1258 1781 uti
1283 1715 1365 1781 ferri

185 1845 319 1925 possunt
344 1838 560 1906 inhibitiones
589 1844 647 1905 aut
667 1840 906 1924 suspensiones
928 1839 969 1905 ob
999 1838 1161 1905 defectum
1185 1839 1366 1905 sanctitatis

185 1967 391 2031 neceaariae
413 1968 470 2030 aut
491 1966 657 2039 scientiae,
680 1967 726 2031 ita
748 1966 845 2031 etiam
873 1964 914 2029 ob
936 1966 1105 2031 occatum
1128 1965 1268 2031 crimen.
1293 1964 1364 2029 Non

186 2108 280 2156 mous
302 2109 342 2155 ac
371 2088 412 2154 ad
442 2088 576 2155 verbum
607 2089 857 2175 quomodolibet
881 2091 1026 2175 sequitur
1057 2088 1236 2155 declaratio
1263 2089 1364 2155 edam
1455 2121 1457 2132 =

186 2213 503 2279 eotraiudiciaiiter.
520 2213 568 2279 (ii.
586 2213 740 2287 Barbara,
757 2214 902 2281 Diclicn
919 2232 986 2280 asu
1000 2212 1168 2298 frequent.
1185 2212 1264 2278 dict.
1281 2213 1365 2295 112;

186 2344 219 2403 et
240 2338 425 2411 Monacelli,
449 2355 503 2421 op.
527 2338 579 2404 eil.
605 2343 684 2405 tom.
708 2338 744 2413 2,
769 2339 817 2403 tit.
845 2339 896 2419 15,
919 2338 1024 2421 form.
1047 2338 1082 2413 5,
1105 2357 1140 2403 n.
1165 2338 1217 2403 15.

208 2522 212 2527 ,
275 2461 351 2529 397.
376 2464 410 2529 Si
430 2464 597 2548 contingat
610 2464 750 2547 aliquem
766 2463 913 2551 pluribus
928 2462 1053 2527 foedari
1070 2461 1267 2533 criminibus,
1287 2480 1364 2546 quo·

185 2607 258 2654 rum
275 2608 372 2654 unum
389 2590 556 2655 dumtaxat
571 2594 621 2655 cst
635 2591 806 2657 occulbem
820 2595 854 2656 et
869 2589 932 2654 hoc
948 2593 1045 2674 urget
1060 2607 1277 2673 compescere.
1292 2588 1366 2672 Epi·

184 2733 283 2797 scopo
298 2715 460 2800 integrum
477 2719 526 2780 est
541 2714 721 2801 procedere
736 2733 782 2780 ea
796 2714 860 2796 ins.
879 2720 981 2780 const.
1001 2749 1018 2762 ·
1036 2713 1085 2779 Ad
1103 2734 1174 2778 rem
1191 2714 1364 2798 Pignatelli

190 2837 335 2905 Gonaat
360 2840 394 2921 8,
422 2846 501 2906 lom.
526 2841 558 2914 9,
584 2861 619 2906 n.
643 2841 668 2906 5
691 2841 753 2906 ait:
780 2840 990 2910 «Quatenus
1013 2824 1178 2906 censurae
1206 2841 1365 2922 prolalae

185 2981 291 3046 nuper
309 2961 470 3044 pluribus
491 2963 622 3030 debetis
642 2982 713 3027 non
734 2962 1005 3030 substituerentur
1027 2981 1130 3044 super
1159 2979 1365 3046 unoquoque

184 3087 334 3157 illorum,
350 3087 434 3153 satis
457 3093 571 3154 tamen
585 3093 644 3159 est,
664 3088 757 3172 quod
778 3105 825 3153 ee
847 3106 917 3154 uno
933 3092 1066 3153 tanturn
1082 3085 1365 3170 comprobaretur

275 3299 314 3367 (l)
333 3298 423 3352 Nimis
442 3298 625 3352 insistendum
645 3314 700 3353 non
720 3302 763 3352 est
781 3298 811 3351 in
830 3298 878 3351 cit.
898 3313 983 3351 causa
1001 3297 1153 3354 Lucionan.
1172 3299 1239 3368 qnia
1251 3297 1365 3352 omnino

184 3401 339 3470 peculiaria
356 3406 438 3456 erant
460 3402 521 3457 aius
544 3402 685 3456 adiuncta.
704 3401 745 3455 al.
768 3401 798 3454 D'
807 3401 948 3456 Annibale
973 3401 1021 3472 qui
1045 3405 1075 3454 in
1098 3402 1202 3456 Summ.
1223 3403 1287 3457 edit.
1306 3399 1363 3466 2,l

185 3525 213 3561 n.
230 3508 304 3573 384,
316 3518 371 3562 not.
386 3509 429 3562 48
440 3508 474 3562 ad
488 3509 681 3580 quaestionem
694 3541 707 3552 -
718 3518 815 3563 utrum
830 3511 1027 3578 suspensiones
1038 3508 1199 3564 huiusmodi
1217 3509 1292 3579 ferri
1300 3523 1366 3578 pos-

184 3617 240 3669 sint
263 3617 297 3670 ob
320 3617 456 3671 delictum
476 3617 627 3688 publicum
645 3645 659 3657 -
679 3615 822 3686 respondit
841 3647 856 3656 -
875 3619 1042 3672 sentmtiam
1064 3615 1262 3687 affimaticam
1280 3617 1366 3669 menti

188 3721 292 3777 Concu.
316 3724 394 3779 Trid-
411 3725 516 3778 melius
534 3739 710 3794 conpmer03
726 3749 741 3764 ·
761 3728 856 3777 tamen
874 3723 904 3777 in
923 3721 955 3776 3·
973 3739 1049 3778 sorr.
1066 3724 1189 3778 correxit
1207 3738 1285 3776 suam
1304 3737 1365 3775 een·

184 3829 303 3886 tentiam
321 3835 467 3902 postquam
481 3830 629 3901 perpendit
642 3830 890 3900 iurieprudentiam
905 3829 933 3884 S.
947 3829 1049 3900 Gongr.
1062 3827 1168 3885 Concil.
1181 3829 1262 3885 docte
1277 3827 1366 3898 expli·

185 3941 278 3991 catam
297 3954 314 3990 a
331 3937 406 3992 Patr.
428 3937 516 4006 liota3
540 3943 571 3993 et
595 3938 624 3992 in
649 3941 730 3992 textu
754 3937 877 3992 abscisse
895 3937 977 3992 docet
995 3955 1022 3990 n.
1047 3937 1123 4004 385,
1142 3936 1193 3990 has
1211 3936 1365 3992 sententias

185 4044 253 4098 ferri
271 4060 327 4098 non
345 4061 426 4114 posse
443 4056 563 4118 propter
580 4047 717 4101 delictum
730 4046 879 4116 publicum
899 4073 913 4085 -
932 4049 961 4099 et
980 4044 1009 4098 iu
1028 4053 1083 4098 not.
1097 4043 1142 4098 56
1160 4047 1271 4098 tantum
1286 4053 1365 4114 putat

185 4156 357 4207 contrariam
374 4157 539 4209 sememiam
556 4171 613 4208 non
630 4155 780 4209 adversari
797 4156 885 4208 menti
908 4154 1072 4208 Tridentini.
1086 4151 1139 4206 Sed
1158 4151 1224 4222 quia
1243 4154 1364 4206 mentem

185 4257 342 4314 Tridentini
359 4262 518 4317 authentice
538 4261 725 4331 interpretata
749 4264 793 4315 eet
811 4259 841 4313 S.
860 4258 962 4328 Cougr.
981 4258 1109 4326 Concilii‚
1128 4257 1211 4312 hodie
1230 4256 1363 4313 eiusmodi

186 4365 327 4420 seuteiitia
345 4381 401 4419 non
420 4369 463 4420 esi
479 4369 604 4436 praenes
627 4374 696 4420 tuta.
714 4364 756 4418 cf.
775 4363 803 4417 S.
823 4363 854 4417 0.
874 4361 903 4418 O.
924 4363 1090 4433 rescriptum
1109 4363 1139 4418 iu
1163 4379 1219 4416 uua
1238 4362 1364 4418 Perusin.

187 4471 230 4524 26
250 4473 323 4542 Sept.
343 4473 437 4526 1795.
