3350 5100
310 283 350 348 14
829 304 913 351 ruas
937 304 959 350 1.

303 423 378 488 illas
400 427 515 490 missas
544 445 627 510 quae
651 427 761 512 colligi
784 434 966 511 nequeunt;
998 430 1114 514 quippe
1142 427 1300 495 beneflcio
1330 431 1487 499 adnexae.

306 549 368 616 Sed
385 551 475 616 nulla
496 550 671 636 probabilis
685 553 772 644 vratio
788 552 898 617 subest
913 552 1108 619 excludendi
1126 555 1240 620 missas
1257 556 1324 623 tote
1342 577 1488 624 manua·

176 721 179 726 n
302 675 363 747 tes,
380 674 508 758 quando
532 674 571 739 de
595 675 682 740 facto
705 676 771 742 sint
794 675 952 741 collectae
968 682 1000 741 et
1016 677 1057 742 ob
1072 684 1241 760 quaestum
1257 678 1451 747 iaciendum.
1469 717 1487 732 ·

307 801 456 867 Ceterum
474 804 507 866 in
522 803 594 866 iure
611 800 700 866 ullibi
717 799 880 875 definitur,
902 822 1059 886 quaenam
1081 805 1197 869 missae
1213 805 1278 869 sint
1294 809 1490 874 manuales:

302 943 459 1009 quorsum
489 945 568 1010 ergo
599 930 646 990 tot
677 925 924 993 restrictionesl
954 926 1066 1002 Quare
1094 946 1159 991 non
1191 927 1299 1014 placet
1329 932 1489 996 sententia

308 1051 506 1117 D’Anuibale
517 1049 554 1138 (t.
571 1073 598 1118 c.
615 1072 648 1116 a.
665 1051 733 1118 139
748 1058 831 1118 nota
843 1051 890 1139 3).
904 1089 918 1100 ·
934 1053 1055 1118 Bened.
1069 1055 1155 1120 xlv
1166 1054 1207 1120 ad
1223 1055 1356 1122 fraudes
1373 1076 1488 1121 caven·

302 1173 363 1238 das
385 1175 489 1239 incit.
508 1174 794 1241 consolamine:
814 1196 831 1237 c
850 1195 915 1239 non
938 1196 1033 1260 posse
1055 1177 1151 1242 alteri
1174 1178 1335 1242 sacerdoti
1357 1180 1487 1243 missam
1543 1221 1547 1227 -
1672 1185 1674 1266 l

305 1295 486 1363 huiusmodi
499 1297 711 1372 celebraturo,
721 1297 915 1384 stipendium
927 1318 984 1363 seu
997 1299 1236 1385 eleemosynam
1249 1301 1383 1366 minoris
1391 1302 1488 1386 pretii

303 1423 435 1505 erogari
452 1421 510 1484 etsi
528 1419 630 1485 eidem
646 1419 805 1485 sacerdoti
821 1423 950 1485 missam
967 1421 1143 1486 celebranti
1165 1429 1198 1486 et
1212 1424 1436 1497 consentienti,
1452 1443 1488 1490 se

246 1525 248 1530 ’
304 1546 436 1609 maioris
447 1546 545 1630 pretii
560 1543 753 1630 stipendium
766 1565 821 1610 sen
836 1545 1077 1633 eleemosynam
1087 1549 1253 1634 accepisse
1268 1547 1443 1614 iudicasset
1454 1571 1485 1614 ».

305 1671 350 1734 At
362 1675 451 1734 notat
468 1671 537 1734 Diu.
551 1669 746 1753 Alphonsue‚
765 1670 819 1744 Vl,
833 1669 912 1751 321,
928 1672 1056 1754 Eereep.
1069 1673 1105 1746 2,
1119 1692 1185 1736 non
1200 1674 1325 1738 incurri
1340 1693 1486 1758 poenam,

302 1795 331 1858 si
344 1793 513 1858 celebrans
524 1799 653 1877 sponte,
666 1800 763 1878 atque
775 1795 847 1859 ideo
858 1793 1033 1860 nullimode
1043 1803 1196 1882 repulus,
1210 1818 1379 1864 excessum
1392 1802 1487 1865 remi·

289 1905 396 1985 ¹serit.
421 1917 484 1985 Sed
509 1939 561 1984 res
580 1925 630 1984 est
649 1921 795 2004 periculo
811 1921 917 2006 plena.
940 1923 1020 1986 ltem
1044 1941 1087 1986 ex
1110 1922 1220 1987 verbis
1234 1929 1353 1998 textus,
1370 1944 1487 2010 nempe

307 2053 325 2076 “
347 2041 572 2129 coltipeates...
596 2041 760 2125 foetentes
783 2063 841 2110 eos
864 2044 1030 2111 celebrari
1052 2045 1090 2110 in
1113 2047 1195 2112 loeis
1216 2046 1275 2114 obi
1301 2048 1487 2115 missarum

306 2167 475 2250 stipendia
495 2165 515 2188 ’⁹
538 2173 635 2252 patet,
654 2168 788 2240 hicnon
805 2170 858 2255 agi
882 2168 923 2233 de
946 2189 1009 2234 uno
1025 2171 1199 2256 paucisque
1219 2192 1354 2237 numero
1370 2174 1487 2258 stipen-

306 2293 375 2366 diis,
389 2291 445 2357 sed
460 2291 500 2356 de
516 2294 647 2377 copiosa
662 2292 865 2367 collectione,
881 2314 941 2358 usu
957 2301 1172 2368 mercaturae,
1190 2295 1287 2377 facta,
1304 2298 1356 2362 cui
1371 2298 1488 2381 aliquis

303 2437 341 2484 se
357 2417 453 2484 dedat
471 2419 562 2502 quasi
578 2419 612 2482 in
626 2439 718 2483 suum
738 2439 864 2494 munus,
880 2419 922 2484 ad
945 2420 1187 2506 percipiendum
1211 2441 1325 2487 verum
1348 2422 1484 2487 lucrum.
1560 2459 1563 2465 f

303 2542 416 2619 Quare
436 2542 479 2609 ad
503 2543 732 2609 incurrendam
750 2545 1115 2611 excommunicationem
1131 2547 1196 2611 tria
1210 2547 1438 2632 requiruntur:
1472 2579 1475 2588 .

441 2664 473 2750 l)
496 2667 724 2734 collectionem
746 2667 864 2751 facere
886 2670 1057 2754 copiosam,

440 2788 473 2873 2)
496 2797 624 2856 etcum
648 2790 739 2855 lucro
762 2811 828 2854 non
850 2792 1025 2857 mediocri.
1052 2793 1131 2856 Nam
1163 2794 1307 2877 parvitas
1331 2795 1485 2861 materiae

304 2918 488 2979 excusaret.
503 2949 521 2961 -
536 2913 668 2979 Locutio
684 2919 790 2979 autem
808 2920 866 2979 -et
881 2934 927 2980 em
940 2914 983 2979 iis
998 2916 1133 2980 luorum
1147 2916 1318 2997 cupientes
1330 2952 1344 2963 ·
1361 2916 1486 2982 inferre

301 3040 400 3120 sinit,
423 3058 488 3103 non
519 3040 691 3103 incurrere
721 3058 909 3111 censuram,
937 3042 991 3123 qui
1021 3040 1148 3105 lucrum
1179 3040 1231 3105 vel
1263 3040 1404 3117 nullum,
1432 3042 1486 3107 vel

306 3164 378 3229 fere
412 3162 534 3228 nullum
566 3164 764 3248 percipiunt,
800 3166 946 3247 quamvis
979 3163 1134 3247 furtum,
1165 3166 1225 3252 (uti
1254 3174 1349 3234 cavet
1379 3168 1485 3233 Gonst.

308 3286 442 3359 Qteonto
465 3286 563 3369 curo)
586 3286 626 3351 ob
649 3289 867 3353 retentionem
891 3289 939 3353 rei
963 3290 1091 3355 alienae
1114 3312 1171 3356 seu
1190 3292 1304 3374 portis
1326 3292 1487 3375 stipendii

302 3413 347 3477 sit
362 3432 473 3497 grave.
500 3448 518 3460 -
543 3411 593 3477 Ad
617 3412 709 3493 haec,
731 3413 859 3478 lucrum
882 3414 1077 3499 intelligitur
1092 3416 1175 3499 quod
1200 3417 1350 3501 provenit
1373 3417 1485 3482 missas

303 3534 476 3620 eollipeati
510 3553 552 3598 ex
588 3553 700 3598 eorum
735 3534 957 3602 mercimonio
964 3555 979 3619 ;
1014 3555 1115 3619 quare
1149 3542 1256 3603 cessat
1288 3557 1429 3603 censura
1458 3538 1484 3603 si

305 3659 432 3723 lucrum
456 3658 551 3724 cedat
573 3660 638 3733 alii,
663 3660 767 3726 veluti
787 3661 956 3727 Ecclesiae
978 3668 1034 3727 aut
1054 3661 1260 3747 pauperibus.

431 3772 473 3870 ’3)
500 3784 569 3849 Non
592 3784 732 3849 interest
755 3804 834 3849 vero
858 3804 899 3849 an
916 3786 1035 3851 Missae
1058 3788 1302 3851 committantur
1319 3786 1486 3852 celebrau-

305 3907 366 3972 dae
382 3908 414 3972 in
431 3908 508 3974 otiis
520 3908 610 3981 locis,
624 3914 679 3973 aut
694 3910 727 3972 in
739 3908 813 3991 ipso
830 3910 902 3975 loco
918 3908 1129 3983 collectionis,
1142 3912 1188 3975 uti
1203 3909 1349 3977 decrevit
1360 3912 1392 3978 S.
1406 3912 1443 3977 U.
1458 3912 1483 3976 l.

303 4030 362 4096 die
384 4029 428 4097 13
450 4031 526 4097 Ion.
551 4032 644 4099 1892
662 4054 681 4095 ‹
698 4032 747 4097 Ad
772 4038 922 4116 quartum
940 4052 969 4108 »;
994 4033 1163 4099 dummodo
1186 4041 1294 4101 tamen
1318 4056 1376 4101 eae
1400 4036 1484 4101 cele-

306 4154 395 4220 brari
418 4152 507 4230 fiunt,
532 4156 585 4222 ubi
609 4158 779 4223 missarum
802 4158 962 4243 stipendia
983 4160 1129 4226 minoris
1147 4162 1252 4244 pretii
1275 4179 1346 4228 esse
1367 4162 1484 4242 sobet,

304 4298 431 4363 nempe,
455 4279 509 4344 vel
533 4298 575 4343 ex
598 4282 679 4365 teqe,
704 4280 757 4346 vel
781 4300 824 4345 ex
846 4282 990 4362 receptis
1011 4282 1174 4349 moribus.

396 4403 464 4467 lam
488 4403 574 4467 inter
594 4402 749 4467 Doctores
768 4403 995 4488 quaerebatur,
1012 4425 1053 4471 an
1078 4425 1249 4472 censuram
1264 4408 1483 4479 incurrerent,
