3350 5100
417 271 460 318 nn
484 271 623 320 rumoris
648 273 891 324 onrurnnmnns
915 276 951 322 ru
977 275 1094 323 senem
1278 258 1344 326 563
1432 281 1438 291 ’

66 433 71 447 .
159 390 288 456 catione,
308 391 437 462 inquam
457 392 560 446 incursi
580 397 658 456 eunt;
679 394 742 448 dum
762 397 884 464 suspecti
908 396 1092 450 absolvuntur
1113 397 1164 452 sub
1183 397 1343 452 conditione

160 511 211 552 seu
229 498 281 551 snb
300 497 433 566 clausula,
452 516 535 570 paam
553 504 653 567 forsan
671 503 823 556 incurristi.

629 677 677 750 ⁴0)
697 679 853 734 absolutio.

252 816 339 870 Datur
357 816 497 872 absolutio
515 835 532 872 a
550 835 682 884 censura,
703 820 774 875 idest
792 823 827 874 eb
848 823 1136 878 excommunicatione
1161 824 1256 877 verbis
1282 823 1343 893 plus

161 924 289 977 minusve
307 925 443 980 formulae
468 925 589 980 Rilualis
610 925 740 995 Romani,
765 929 817 983 Tit.
837 929 867 994 3,
886 947 946 1000 cap.
966 931 997 986 3.
1021 929 1095 983 ldest
1114 929 1232 984 recitata
1250 935 1280 984 el
1298 931 1344 984 dr-

161 1034 240 1082 mata
258 1030 378 1087 formula
396 1031 589 1098 abiurationis,
609 1049 673 1087 reus
692 1036 856 1103 genuflexus
874 1036 976 1092 recitat
994 1037 1133 1091 Miserere
1152 1041 1202 1090 ant
1221 1035 1263 1092 De
1277 1053 1345 1107 pro·

161 1138 267 1204 fundis.
291 1137 375 1193 ludex
394 1137 469 1192 sistit
488 1140 534 1193 ubi
554 1140 589 1193 ad
609 1141 698 1210 Kyric
717 1143 823 1196 electen
843 1147 996 1212 perventus
1014 1148 1057 1198 est
1076 1159 1156 1208 rens,
1176 1147 1205 1198 et
1223 1143 1264 1196 ita
1282 1159 1345 1213 per·

162 1247 364 1314 maestusque
383 1245 590 1302 adorationem
614 1247 757 1304 inclusive.
785 1249 889 1304 Deinde
915 1249 1018 1304 iterum
1041 1249 1112 1304 sedit
1137 1254 1167 1304 et
1191 1254 1258 1305 tuno
1276 1249 1344 1304 dicit

161 1349 312 1404 formulam
331 1352 529 1408 absolutionis:
548 1356 722 1409 auctoritate
741 1355 919 1428 Apostolicc1‚
939 1373 994 1427 qua
1011 1360 1121 1428 [πωρον
1138 1359 1169 1412 in
1186 1359 1237 1412 huc
1251 1367 1344 1428 purte,

163 1458 278 1511 absoluo
297 1468 323 1511 te
341 1477 357 1511 n
377 1459 490 1513 vinculo
513 1463 813 1529 excommunicatione,
833 1481 917 1532 quarn
936 1466 1037 1534 fernen
1055 1465 1201 1518 incussisti
1219 1474 1246 1518 et
1264 1467 1344 1518 resti·

160 1573 209 1616 tuo
229 1567 282 1619 etc.

253 1671 354 1726 Postea
373 1688 436 1726 reus
454 1672 502 1726 dat
520 1675 707 1728 iuramentum
727 1677 763 1730 de
782 1686 889 1730 secreto
908 1678 1047 1731 servando
1066 1677 1158 1747 quoad
1174 1676 1256 1730 atior.

252 1777 304 1832 Hic
323 1778 425 1833 dicitur
449 1781 538 1852 quoad
564 1781 649 1836 alios:
669 1799 816 1836 namneus
839 1799 895 1838 non
916 1784 1001 1839 debet
1024 1783 1174 1855 quidquam
1198 1783 1290 1837 dicere
1309 1783 1342 1836 de

161 1884 349 1939 denunciente
368 1889 421 1940 etc.
442 1892 533 1956 potest
551 1889 583 1942 de
603 1906 641 1952 se,
661 1887 682 1942 ei
704 1887 781 1953 velit,
801 1889 893 1944 dicere
911 1891 996 1944 fnisse
1016 1894 1214 1960 processatum,
1227 1889 1344 1943 damna·

162 1999 223 2049 tum
241 2002 271 2052 et
289 1995 448 2051 absolutum
468 2013 516 2067 per
535 1999 780 2064 sollicitationem
799 1999 871 2071 qnod
892 2000 917 2054 ei
938 1999 1015 2054 libet.
1086 2057 1089 2060 ,

252 2103 304 2156 Sed
318 2103 428 2173 quando
447 2103 562 2158 timetur
581 2121 658 2160 reum
677 2105 836 2161 molestiam
856 2104 930 2159 velle
949 2105 1048 2160 afferre
1061 2104 1304 2170 denunciantibus,
1317 2103 1343 2157 ci

162 2208 334 2286 intimandae
347 2215 412 2264 sunt
425 2227 441 2262 a
456 2210 546 2266 indice
561 2213 873 2266 excommunicationes·
883 2229 919 2267 ss.
933 2211 1076 2265 canonum
1089 2215 1188 2265 contra
1201 2211 1344 2266 laedentes

160 2311 340 2384 inquisitores
355 2317 385 2368 et
404 2312 454 2367 illa
472 2314 618 2383 signanter
639 2314 751 2370 Bullae:
774 2315 855 2370 Side
870 2314 1062 2385 prorependin
1076 2313 1119 2368 Pii
1132 2313 1166 2381 V,
1177 2318 1343 2368 conservata

159 2418 191 2472 in
210 2420 389 2490 Apostolicee
409 2420 483 2486 Sedi,
503 2420 548 2474 Pii
568 2420 615 2475 lx.

630 2622 730 2674 Actum
750 2620 870 2675 Notarii.

543 2755 573 2807 ln
593 2756 705 2810 nomine
724 2755 842 2809 Domini.
862 2756 960 2809 Amen.

252 2896 301 2950 Die
313 2900 367 2951 etc.
382 2896 486 2967 Vigore
498 2896 634 2967 epistolae
647 2896 799 2966 Supremas
811 2896 987 2952 Universalis
1005 2894 1203 2966 inquisitionis,
1215 2894 1270 2949 diei
1287 2899 1341 2949 etc.

156 3021 254 3059 coram
277 3004 309 3058 R.
330 3004 361 3058 P.
384 3004 414 3058 D.·
433 3004 651 3074 Archiepiscopo
669 3004 834 3059 Taurinensi
854 3004 971 3058 sistente
989 3004 1062 3057 in..
1082 3001 1189 3073 (luogo)
1209 3006 1294 3073 atque
1312 3002 1342 3057 in

160 3113 217 3167 mei
237 3112 404 3183 praesentia,
416 3112 591 3166 adstantibus
603 3114 632 3165 et
646 3112 850 3180 praesentibus,
862 3110 904 3164 uti
921 3110 1050 3174 testibus,
1064 3108 1094 3162 D.
1109 3109 1139 3161 D.
1153 3109 1283 3178 (persone
1297 3108 1341 3163 dei

160 3220 240 3289 testi)
252 3221 359 3289 rogatis
379 3219 492 3282 idoneis,
505 3217 573 3273 mihi
586 3219 696 3272 notario
710 3218 841 3287 cognitis,
854 3222 940 3289 atque
958 3234 1014 3272 una
1031 3233 1141 3272 mecum
1154 3233 1247 3270 eorem
1260 3233 1343 3286 prae·

160 3328 276 3381 laudato
286 3326 503 3396 Arcbiepiscopo
513 3342 562 3396 per
574 3324 747 3395 corporalem
763 3330 869 3379 tactum
879 3325 905 3379 S.
917 3324 1064 3395 Evangelii
1075 3324 1230 3394 respective
1243 3325 1343 3378 iuratis

158 3431 195 3487 de
208 3436 315 3485 secreto
333 3430 468 3485 servando
480 3434 510 3484 et
522 3445 635 3485 munere
654 3429 776 3485 fideliter
794 3429 930 3493 obeundo,
943 3432 1059 3483 vocatus
1071 3427 1256 3497 personaliter
1268 3443 1343 3482 corn·

161 3540 256 3611 paruit
275 3538 307 3593 N.
322 3539 353 3591 N.
368 3538 443 3593 filius
460 3537 494 3608 qd
497 3576 540 3591 .....
559 3539 716 3609 presbyter,
727 3541 822 3592 aetate
841 3554 977 3592 annorum
986 3576 1029 3591 .....
1047 3537 1151 3606 degens
1159 3576 1201 3592 .....
1216 3538 1264 3607 qui
1284 3555 1343 3591 mc-

160 3646 237 3701 nitns
255 3646 310 3699 luit
328 3660 376 3713 per
397 3644 485 3699 Dfium
505 3643 622 3697 iudicem
641 3648 770 3697 vocatum
790 3660 854 3697 eum
875 3642 960 3697 fuisse
979 3645 1093 3713 propter
1111 3658 1225 3696 cansam
1243 3645 1342 3695 contra

160 3762 251 3830 ipsum
270 3761 300 3814 in
319 3777 339 3812 s.
359 3758 455 3813 Officio
473 3762 642 3822 vertentem,
661 3763 691 3813 et
710 3758 755 3812 cui
777 3758 891 3827 proinde
909 3757 1033 3813 deletum
1057 3758 1129 3823 fuit,
1146 3774 1196 3827 per
1214 3757 1341 3811 eumdem

162 3866 251 3922 Ddum
276 3866 411 3933 iudicem,
436 3867 622 3920 iuramentum
644 3865 677 3920 de
699 3866 820 3921 veritate
845 3865 977 3932 dicenda,
994 3864 1068 3935 quod
1092 3865 1234 3934 praestitit
1258 3866 1342 3919 tactis

161 3970 272 4024 Sanctis
290 3970 339 4025 Dei
360 3969 529 4039 Evangeliis.
553 3969 632 4023 Tunc
651 3969 723 4023 idem
744 3968 818 4023 Dfius
838 3968 922 4023 ludex
941 3968 1108 4039 inquisitum
1126 3969 1234 4022 monuit
1259 3967 1341 4022 linos

157 4092 194 4131 ac
214 4074 298 4131 Rffios
317 4077 390 4132 Drios
409 4075 571 4132 cardinales
583 4075 734 4131 (denecales
753 4076 936 4146 Inquisitores
954 4075 1123 4131 sententiam
1136 4081 1234 4129 contra
1251 4077 1341 4145 ipsum

160 4184 258 4239 tulisse
276 4185 305 4237 in
324 4200 409 4237 cause
426 4182 634 4237 sollicitationis
652 4184 686 4237 ed
706 4184 815 4253 turpia,
833 4199 884 4252 per
902 4182 1020 4237 abusum
1043 4181 1216 4237 Sacramenti
1239 4182 1341 4237 Poeni-

158 4291 275 4355 tentiae‚
293 4294 377 4360 atque
398 4289 488 4344 eidem
506 4288 581 4343 clare
601 4294 629 4343 et
647 4288 778 4343 distincte
804 4280 876 4356 legit
894 4286 997 4342 dictam
1016 4287 1164 4357 epistolem
1190 4288 1340 4356 Supremas

157 4400 190 4450 et
209 4394 383 4449 Universalis
406 4394 610 4465 InquisitioniS,
630 4394 742 4464 singule
767 4394 940 4465 explicando,
965 4394 1071 4455 Quibus
1095 4395 1166 4451 bene
1191 4393 1293 4448 eruditis
1311 4398 1340 4447 et
