3350 5100
430 299 470 345 on
496 297 635 346 1un1ous
659 295 902 354 cmumuumus
926 296 961 343 uu
985 298 1103 345 spuma
1289 280 1354 346 443

166 547 190 630 5
217 547 244 612 l.
269 517 461 614 Sententiae
484 567 527 613 ex
545 521 724 612 ¹informata
755 548 956 613 conscicntia
986 552 1119 614 taniam
1145 548 1183 612 in
1205 547 1355 614 crimina

260 673 389 738 occulta
410 672 560 739 adunan-
582 671 704 758 qm'lms
727 671 779 738 oet
803 644 1019 739 inindicitnr
1044 691 1206 739 ascensus
1227 673 1275 738 ad
1297 691 1353 738 sa·

261 816 338 864 cros
352 797 500 873 ordines,
517 799 570 864 vel
584 797 698 880 fertur
712 796 889 879 suspensio
902 795 946 863 al>
961 796 1083 864 ordine
1099 802 1160 863 ant
1174 795 1217 863 ab
1232 795 1352 881 officia.

167 1005 387 1066 Sumulnm.
408 1038 440 1050 -
460 1007 522 1064 393.
541 1009 600 1065 Has
618 1010 775 1066 scolastica
794 1010 924 1064 fanantur
944 1012 1059 1078 proptor
1082 1003 1199 1074 crinaem
1218 1024 1273 1063 non
1292 1023 1354 1080 pso·

260 1121 323 1186 piar
347 1116 443 1172 clerici
467 1118 681 1188 incapacitatem
699 1133 749 1170 sau
774 1117 992 1171 inidoneitatam.
1010 1144 1047 1158 -
1065 1113 1126 1169 394.
1146 1118 1184 1170 At
1208 1115 1355 1169 dumtaxat

260 1227 373 1291 proptor
392 1223 497 1278 amman
516 1223 664 1277 occultum.
678 1249 712 1263 -
724 1219 785 1278 395.
803 1221 947 1284 Quodnam
966 1219 1072 1277 animan
1090 1221 1232 1275 occultum
1250 1218 1354 1275 haban·

260 1332 324 1386 dum
344 1332 388 1386 sit.
407 1359 443 1373 -
461 1329 522 1385 396.
543 1329 694 1386 Rslallitur
712 1329 808 1400 opinio
825 1343 922 1384 aarum
936 1329 984 1399 qui
996 1331 1104 1395 tonant,
1116 1329 1185 1383 istas
1202 1329 1354 1382 sentmtias

259 1437 326 1493 torri
347 1439 434 1494 stiam
459 1439 573 1508 proptor
596 1439 704 1491 amman
726 1437 880 1508 publicum
899 1463 935 1478 —
953 1435 1015 1490 397.
1034 1434 1088 1491 Ssd
1106 1435 1209 1490 sufficit
1225 1434 1299 1506 quod
1319 1450 1353 1490 ax

261 1543 388 1614 pluribus
405 1543 584 1608 criminibus,
604 1559 690 1598 unum
716 1545 825 1596 lautum
843 1541 882 1596 sit
900 1544 1042 1598 oacnlnan
1065 1546 1116 1596 aut
1133 1541 1274 1596 occultum
1292 1556 1354 1596 asan

260 1649 393 1719 probatur
403 1652 550 1720 postquam
563 1648 711 1722 incassum
724 1653 823 1718 coapta
833 1649 1013 1719 estproliatio
1023 1649 1176 1703 iudicialis.
1187 1675 1220 1687 -
1231 1646 1291 1702 398.
1303 1645 1354 1700 Su·

261 1757 423 1829 sponsiones
442 1773 498 1812 non
510 1758 552 1811 las
564 1760 608 1811 ast
625 1757 699 1812 larsa
714 1765 877 1828 perpetuas.
898 1755 937 1811 Da
950 1756 1011 1811 aius
1022 1755 1178 1811 duratione.
1190 1783 1227 1796 —
1238 1753 1299 1809 399.
1314 1752 1353 1807 De

259 1861 440 1931 suspensione
460 1861 494 1914 ab
513 1860 609 1915 ordina
629 1866 678 1915 aut
697 1862 732 1915 ab
751 1861 842 1915 officio
861 1865 890 1915 et
909 1865 1003 1914 utrum
1022 1859 1093 1915 hasa
1111 1862 1148 1914 sil
1166 1877 1286 1916 censura
1304 1865 1354 1914 aut

260 1987 357 2040 poena.
383 1996 419 2011 —
442 1969 502 2023 400.
529 1971 572 2023 Au
596 1967 682 2023 liccat
706 1967 857 2024 dacomara
881 1967 1089 2038 suspensionem
1112 1986 1132 2022 a
1156 1969 1296 2038 beneficio.
1317 1995 1353 2010 —

260 2075 321 2129 401.
342 2073 488 2130 violantes
507 2073 580 2128 hanc
598 2073 807 2144 suspensionem
826 2075 898 2128 llunt
916 2075 1103 2144 imputares.

261 2289 337 2356 393.
351 2288 455 2365 Quum
469 2292 570 2375 ipsum
585 2289 705 2355 Gonail.
720 2291 806 2356 Tuid.
821 2292 1013 2373 insequenti
1029 2308 1105 2374 cop.
1119 2291 1186 2363 ΙΙΙ,
1200 2291 1286 2358 Sess.
1301 2291 1352 2371 14,

168 2413 222 2480 De
243 2413 308 2496 res.
335 2413 523 2482 facultatem
548 2413 646 2480 faciat
669 2415 829 2500 Episcopo
849 2420 884 2480 ut
902 2415 1078 2482 -clericos
1099 2433 1187 2487 snos,
1205 2434 1291 2500 qnos
1305 2415 1352 2480 ad

117 2582 121 2591 ·
169 2535 289 2603 divina
313 2536 424 2623 officia
448 2538 661 2609 alebrando.
678 2558 738 2605 sen
764 2537 990 2607 senesanna
1007 2545 1227 2607 sacramento
1249 2539 1352 2604 mini·

170 2662 318 2728 stranda
341 2664 456 2730 minas
478 2664 619 2732 idoneos
642 2670 672 2729 et
695 2682 839 2747 capaces
859 2664 1046 2747 repererit,
1074 2683 1097 2730 c
1118 2670 1353 2747 suscepturam

170 2786 335 2853 ordimem
358 2786 519 2854 mmcitio
539 2788 587 2853 ad
602 2792 744 2871 tempus,
760 2788 887 2871 dequo
903 2789 934 2853 ei
949 2787 1128 2861 mmmm,
1144 2787 1353 2871 aaspendere

171 2916 202 2976 ct
225 2910 302 2984 iltis,
321 2929 366 2976 nc
388 2911 425 2975 in
448 2910 562 2984 altari,
580 2917 639 2976 ant
661 2912 777 2995 aliquo
793 2911 915 2978 ordine
929 2912 1133 2993 minisment,
1148 2911 1353 2977 interdicere

166 3035 285 3118 possit.
305 3071 322 3085 -
341 3035 372 3101 S.
390 3034 509 3122 congr.
527 3036 661 3103 Consilii
684 3036 718 3099 in
742 3035 973 3121 Calagumiaua
993 3035 1042 3103 10
1056 3034 1145 3102 Maii
1159 3036 1251 3103 1625
1274 3055 1353 3101 osu·

170 3160 236 3224 suit
258 3158 352 3243 quod,
376 3161 403 3224 si
427 3160 605 3245 Episcopus
627 3161 659 3223 in
684 3160 748 3224 vim
772 3160 874 3226 litans
892 3160 1044 3243 capili
1065 3159 1219 3247 procedat
1237 3166 1353 3227 contra

171 3283 311 3351 etnicos
341 3282 527 3365 illiteratos,
551 3302 571 3348 a
594 3283 726 3349 decreto
756 3285 975 3368 suspensionis
1001 3284 1072 3349 dari
1102 3284 1352 3371 appellationem

170 3406 211 3472 ad
231 3402 382 3473 ellectum
406 3408 635 3475 devotatioum
658 3412 791 3481 tantum,
817 3427 882 3473 nou
905 3413 1012 3475 autam
1026 3409 1274 3490 suspesast'anm.
1291 3406 1352 3476 Ca·

170 3535 278 3597 torum
303 3533 329 3597 si
354 3534 550 3617 processerit
573 3538 690 3598 conica
705 3552 761 3597 eos
782 3536 947 3615 tamquam
970 3530 1213 3617 delinquentes,
1230 3535 1262 3597 in
1286 3533 1351 3596 vim

171 3674 247 3739 cap.
264 3658 291 3720 1.
316 3654 403 3723 Sass.
419 3656 470 3731 14,
489 3657 538 3722 De
561 3655 636 3740 Ref.
654 3676 711 3722 sau
735 3676 780 3723 aa
803 3657 865 3740 inf.
891 3676 993 3730 cam„
1017 3659 1263 3741 asuspousiona
1287 3656 1352 3721 lata

170 3783 292 3847 nullam
310 3780 382 3847 dari
394 3781 652 3867 appellationem.
666 3779 761 3866 Apud
777 3780 902 3847 Giraldi
915 3782 976 3847 las
987 3781 1085 3848 Pont.
1101 3779 1140 3845 P.
1153 3781 1192 3845 ΙΙ
1200 3785 1277 3847 sect.
1291 3778 1349 3845 43.

172 3907 264 3975 Unda
288 3911 387 3991 patet,
411 3908 588 3972 sententias
603 3924 649 3973 ea
671 3904 849 3988 informat.
865 3924 956 3972 cons.
976 3924 1047 3971 assa
1071 3904 1247 3971 remedium
1268 3923 1351 3987 poe·

171 4034 250 4099 nole
265 4032 396 4096 omnino
412 4030 673 4097 ealraindioiole
695 4030 817 4095 nullam
836 4030 1009 4095 admittens
1031 4030 1305 4113 appellationem.

260 4157 336 4223 394.
355 4156 470 4241 Utpoto
486 4173 774 4222 axunammomun
789 4155 853 4221 hoc
869 4155 1007 4220 medium
1023 4160 1073 4221 ast
1084 4156 1179 4220 eiiam
1195 4160 1352 4223 extraor-

172 4282 350 4349 dinariam
372 4280 589 4347 adhibendum
608 4279 776 4347 dumtaxat
791 4282 823 4345 in
841 4280 1029 4347 criminibus
1052 4281 1200 4347 occultis.
1220 4316 1237 4329 -
1256 4281 1351 4349 Ratio

172 4408 257 4471 sulm
280 4405 447 4472 ordinaria
471 4404 665 4490 procedendi
689 4408 721 4469 in
746 4406 886 4491 nogotiis
909 4405 1130 4472 criminalibus
1152 4411 1202 4474 est
1224 4410 1260 4473 ut
1281 4426 1352 4473 ssu·
