3350 5100
638 320 846 369 inusserunt
868 318 919 367 vr.
1305 296 1374 367 633

279 446 305 499 4.
324 447 368 499 An
387 444 452 499 dum
475 446 505 499 in
523 444 683 500 seminario·
696 448 866 509 versaretur,
885 442 974 497 dilata
993 441 1048 512 ipsi
1070 442 1157 497 fuerit
1179 442 1318 498 ordinatio
1336 444 1373 497 ob

190 553 313 625 aliquem
331 554 361 607 in
380 553 504 607 moribus
522 550 683 607 defectum?
702 550 892 621 Respondit...

279 660 304 714 5.
324 660 369 713 An
394 659 542 731 presbyter
568 660 675 727 factus,
700 658 734 712 ad
763 658 870 713 curiam
897 657 1087 728 episcopalem
1112 657 1200 712 fuerit
1223 657 1375 729 aliquando

190 770 306 820 vocatus
327 770 356 819 et
381 764 415 819 de
440 765 534 836 aliquo
557 762 762 835 reprehensus?
786 762 955 834 Respondit:
974 764 1044 817 Cum
1068 780 1157 819 essem
1183 763 1320 833 parochus
1343 765 1373 819 in

189 888 263 941 psgo
275 870 308 924 N.
322 869 475 925 nonnullae
487 870 645 925 malevolae
657 869 842 925 mulierculae
855 870 931 923 vitae
943 886 1024 925 meae
1035 870 1230 939 integritatem
1243 871 1272 924 in
1284 870 1375 947 suspi-

189 979 298 1034 cionem
316 982 461 1032 vocarunt.
482 976 740 1033 Reverendissimus
758 983 854 1033 autem
873 977 1026 1047 Episcopus
1044 994 1089 1032 me
1108 978 1257 1033 accersivit
1274 983 1304 1032 st
1316 994 1376 1032 mo·

190 1086 253 1140 nuit
271 1090 302 1139 ut
320 1101 375 1140 uon
394 1088 504 1139 tantum
523 1102 541 1138 a
559 1084 634 1140 malo
652 1084 700 1140 sed
719 1085 806 1139 etiarn
825 1101 843 1138 a
861 1085 955 1154 specis
980 1083 1046 1138 mali
1071 1083 1241 1138 declinarem
1266 1082 1374 1149 sedulo,

188 1205 224 1243 ac
241 1206 285 1244 me
303 1207 321 1245 a
339 1190 414 1245 dicte
434 1190 565 1261 parochia
584 1188 673 1243 rurali
692 1205 837 1255 revocans,
858 1190 994 1244 vicarium
1007 1190 1036 1243 in
1050 1189 1174 1244 civitatis
1193 1189 1326 1259 parochia
1338 1190 1373 1244 N.

190 1312 235 1350 me
254 1296 408 1351 constituit.

280 1401 421 1457 Eiusmodi
434 1401 672 1471 interrogationes
684 1400 831 1471 generales
845 1417 895 1469 pro
908 1401 1120 1472 opportunitate
1129 1418 1281 1471 congerere
1291 1400 1374 1457 iudex

190 1508 398 1565 ecclesiasticus
417 1509 530 1579 poterit.

334 1616 377 1669 Ad
395 1616 538 1684 specialia.

284 1722 309 1774 l.
328 1721 536 1791 interrogatus:
557 1738 592 1775 an
612 1725 704 1776 vestes
724 1720 884 1776 saeculares
903 1720 982 1791 ¹domi
1007 1721 1112 1777 habeat
1137 1727 1166 1776 et
1189 1721 1234 1776 his
1258 1723 1375 1778 utaturl

192 1824 360 1895 Respondit:
379 1826 455 1880 hisce
475 1824 725 1880 turbulentissimis
743 1826 925 1896 temporibus,
939 1842 1003 1880 cum
1021 1844 1074 1882 nec
1092 1830 1185 1880 tutum
1203 1844 1256 1881 nec
1273 1844 1373 1882 conve·

190 1934 269 1988 niens
282 1937 356 1988 esset
368 1938 461 1999 noctu,
474 1932 584 2004 quando
603 1930 637 1987 sd
657 1950 757 2002 aegros
776 1932 823 1987 vel
842 1932 1022 1987 moribundos
1041 1950 1182 1996 vocamur,
1201 1907 1299 1989 habitu
1318 1933 1376 1990 cle·

191 2038 271 2093 sicali
291 2038 431 2106 incedere,
444 2032 535 2095 uestes
554 2039 713 2095 saeculares
732 2039 801 2093 mihi
821 2040 980 2109 comparavi
994 2044 1024 2095 et
1036 2040 1071 2093 iis
1083 2040 1248 2112 quandoque
1261 2045 1375 2111 propter

191 2145 295 2199 dictam
314 2146 453 2199 rationem
472 2150 548 2199 utor.

281 2255 309 2307 2.
329 2254 376 2311 An
392 2252 437 2308 die
455 2252 564 2307 decima
583 2252 730 2322 praeteriti
749 2254 853 2308 mensis
871 2252 1047 2307 invisendum
1066 2256 1152 2306 noctu
1169 2252 1302 2308 habuerit
1313 2270 1374 2309 mo·

191 2358 341 2413 ribnndum
360 2360 492 2431 aliquem.
513 2359 680 2429 Respondit:
701 2359 830 2414 recordor
850 2357 928 2426 mihi,
947 2359 1023 2412 circa
1042 2357 1094 2412 boc
1120 2362 1229 2429 tempus
1252 2359 1377 2415 invisen-

190 2466 255 2521 dum
274 2467 359 2523 fuisse
378 2483 495 2537 aegrum
514 2466 669 2539 quemdam.

281 2575 307 2630 3.
331 2576 539 2646 iuterrogatus:
559 2576 724 2631 denomino
748 2579 777 2631 at
802 2575 883 2630 domo
907 2576 990 2630 huius
1014 2575 1112 2646 aegril
1138 2576 1305 2648 Respondit:
1330 2582 1375 2632 est

191 2681 325 2736 Dominus
344 2679 377 2742 N.
398 2681 451 2735 bac
469 2680 642 2736 hebdomada
661 2680 815 2747 defunctus,
835 2685 865 2735 et
883 2682 1109 2736 commorabatur
1128 2681 1175 2736 via
1193 2681 1227 2736 N.
1246 2699 1322 2737 num.
1340 2682 1374 2736 N.

280 2789 307 2842 4.
327 2788 533 2856 Interrogatus:
552 2805 589 2842 an
608 2789 643 2842 ab
662 2786 758 2859 aliquo
776 2789 877 2842 fuisset
895 2791 1012 2843 vocatus
1023 2789 1058 2843 de
1070 2789 1179 2843 familis
1192 2787 1237 2844 vel
1248 2790 1282 2845 de
1294 2790 1376 2845 domo

192 2891 291 2962 aegri?
310 2893 477 2962 Respondit:
496 2910 513 2946 a
532 2893 612 2948 nullo
630 2911 660 2949 se
679 2895 764 2950 luisse
788 2900 937 2960 vocatum,
956 2895 1004 2950 ssd
1024 2913 1086 2949 curn
1106 2900 1182 2951 esset
1205 2895 1270 2951 huic
1289 2913 1376 2967 aegro

191 3019 209 3057 a
227 3002 457 3068 confessionibus,
475 3007 505 3057 et
522 3004 607 3058 sciret
626 3020 689 3058 sum
708 3020 738 3058 se
757 3003 831 3058 male
850 3003 964 3071 habere,
981 3009 1081 3074 sponte
1100 3004 1196 3071 ivisse,
1214 3021 1250 3060 ne
1268 3005 1375 3077 absque

192 3111 376 3165 sacramentis
394 3111 550 3166 decederet.

282 3219 307 3272 5.
326 3217 531 3288 Interrogatus:
550 3235 605 3290 qua
623 3217 694 3273 hora
711 3215 814 3272 iverit?
834 3217 1001 3287 Respondit:
1021 3218 1097 3272 circa
1115 3217 1234 3273 mediam
1255 3223 1376 3273 noctem.

282 3325 307 3378 6.
332 3323 539 3395 Interrogatus:
559 3340 609 3378 cnr
627 3328 686 3378 tam
713 3323 829 3378 insolita
853 3323 924 3378 hora
949 3323 1072 3378 voluerit
1097 3324 1217 3378 invisere
1241 3321 1377 3395 aegruml

194 3430 361 3501 Respondit:
381 3431 434 3484 sibi
453 3431 482 3485 in
502 3435 625 3486 mentem
644 3432 763 3499 venisse,
781 3430 836 3485 hoc
855 3404 914 3486 fore
935 3432 991 3486 Deo
1010 3431 1155 3502 placitum.

282 3535 308 3587 7.
327 3535 532 3605 Interrogatus:
552 3535 666 3606 quinam
686 3534 718 3589 de
741 3533 822 3588 domo
841 3535 919 3603 aegri
938 3551 1002 3590 eum
1021 3535 1199 3604 receperint,
1223 3539 1252 3589 et
1277 3535 1376 3588 testari

193 3645 307 3710 possent
325 3641 415 3712 ipsum
434 3640 504 3696 bora
521 3641 597 3695 dicta
615 3658 731 3712 aegrum
751 3638 872 3697 adiisset
891 3641 1063 3712 Respondit:
1080 3640 1120 3695 ivi
1142 3640 1253 3713 quidem
1276 3640 1312 3694 ad
1331 3641 1379 3695 do-

194 3765 269 3804 mum
288 3753 318 3804 et
342 3749 562 3804 tintinnabulum
589 3749 706 3819 pulsavi,
732 3749 780 3805 sed
805 3765 870 3804 cum
893 3749 999 3804 diutius
1022 3753 1213 3817 morarentur,
1233 3749 1306 3814 abii,
1325 3764 1378 3804 nec

193 3854 304 3910 domum
323 3857 466 3926 ingressus
485 3873 556 3910 sum.

282 3963 307 4018 8.
327 3964 532 4034 interrogatus:
551 3981 588 4018 an
606 3968 723 4020 vocatus
748 3968 833 4020 noctu
858 3964 1010 4036 aliquando
1033 3964 1121 4020 fuerit
1144 3964 1178 4018 ad
1203 3964 1377 4020 invisendum

194 4087 310 4142 aegrum
328 4071 358 4124 in
377 4071 423 4124 via
441 4067 475 4122 N.
494 4085 569 4124 uum.
590 4069 643 4124 Nl
663 4071 833 4141 Respondit:
852 4070 1021 4143 Numquam.

282 4175 422 4230 Eiusmodi
436 4179 607 4245 opportunas
617 4175 854 4245 interrogationes
867 4175 977 4248 quando
991 4174 1074 4230 iudex
1088 4174 1252 4244 expleverit,
1265 4174 1379 4231 claudat

194 4281 247 4337 boc
266 4281 361 4335 m'odo:

197 4425 206 4430 -
282 4385 387 4448 Quibus
404 4383 509 4453 habitis
528 4384 636 4440 etsist
654 4384 683 4438 in
701 4389 836 4455 quantum
856 4383 1011 4456 acceptatis
1029 4383 1064 4440 de
1083 4383 1214 4438 mandato
1233 4384 1377 4441 reverendi
