3350 5100
302 273 345 338 12
825 294 910 342 rans
934 293 957 340 1.

300 415 490 488 incurritur,
515 417 542 481 si
565 415 697 483 licentia
724 417 860 502 parochi
883 417 935 481 vel
961 417 1032 482 eius
1055 415 1169 481 vicarii
1187 414 1233 501 (l)
1257 415 1356 481 fuerit
1379 417 1480 483 tacita

300 540 353 604 vel
377 540 613 606 rationabiliter
631 547 870 625 praesumpta,
894 542 948 607 vel
975 541 1154 627 periculum
1177 543 1281 608 visum
1305 544 1347 608 sit
1368 562 1479 628 grave,

302 667 384 750 quod
403 687 516 754 reapse
532 668 597 735 tale
613 688 678 732 non
693 668 810 743 hierit;
833 669 887 732 vel
910 686 1013 754 grave
1036 667 1273 734 administranti
1297 687 1361 732 non
1383 685 1481 752 appa·

301 793 416 872 ruerit,
429 797 462 856 at
477 791 542 856 tale
554 811 673 856 revera
684 792 830 857 extiterit
839 792 850 866 ;’
865 811 938 856 nam
949 797 1070 858 nostra
1082 791 1289 858 eaistimatio
1300 791 1352 856 rei
1362 789 1484 855 verita·

302 919 369 980 tem
384 935 455 982 non
469 921 588 982 mutat.
606 917 638 982 Si
651 919 722 1000 quis
734 938 814 982 vero
830 924 906 1004 agat
918 937 991 982 cum
1005 918 1206 983 conscientia
1221 935 1376 987 erronea,
1392 918 1484 980 ratus

302 1039 455 1105 nimirum
471 1060 537 1105 non
549 1039 662 1106 adesse
677 1061 795 1108 casnm
810 1042 1027 1116 necessitatis,
1039 1043 1092 1125 qui
1109 1040 1267 1108 obiective
1282 1044 1382 1112 extat,
1395 1059 1484 1106 com·

303 1164 400 1230 mittit
422 1169 599 1248 peccatum,
617 1163 674 1229 sed
699 1185 763 1228 non
787 1167 922 1236 crimen,
939 1165 1024 1232 unde
1047 1185 1113 1230 non
1129 1166 1278 1230 incurret
1300 1183 1482 1230 censuram.

393 1287 424 1352 9.
449 1287 650 1354 Clementina
673 1290 739 1362 eit,
764 1291 809 1356 uti
834 1291 1026 1362 notavimus,
1052 1289 1251 1374 percellebat
1273 1292 1369 1355 etiam
1395 1289 1485 1354 Reli·

303 1413 410 1497 gissus
432 1413 654 1479 nratrimonia
676 1414 906 1480 solemnizare
924 1420 1182 1497 praesumentes
1205 1414 1325 1498 absque
1347 1413 1484 1500 parochi

304 1537 445 1610 licentia,
461 1558 541 1622 quos
564 1539 734 1624 praeteriit
757 1541 789 1604 in
810 1545 875 1604 art.
893 1540 946 1606 cit.
965 1543 1072 1605 Consi.
1090 1541 1154 1623 Ap.
1173 1541 1250 1606 Sed.
1260 1559 1274 1623 ,·
1297 1539 1353 1604 aed
1375 1545 1484 1604 tamen

303 1665 432 1730 eosdem
455 1669 545 1730 tenet
568 1685 707 1731 censura
730 1667 776 1732 ita
798 1667 865 1732 lata
888 1686 907 1731 a
930 1664 1483 1749 Trid.Goncil.Sess.24,cap.1‚

305 1790 354 1854 De
373 1790 437 1872 res.
454 1796 535 1856 mat.
554 1811 572 1852 r
591 1791 687 1862 Quod
709 1792 740 1856 si
762 1793 839 1876 quis
858 1791 1034 1874 parochus
1048 1792 1100 1858 vel
1117 1792 1207 1856 alins
1228 1792 1398 1862 sacerdos,
1415 1790 1486 1856 sive

304 1913 477 1999 reputaris
488 1913 557 1980 sice
568 1915 756 1981 saecularis
767 1915 818 1987 sit.
834 1915 937 1980 etiam
949 1915 979 1980 si
989 1915 1028 1980 id
1039 1914 1103 1980 sibi
1115 1934 1161 1980 ea
1167 1914 1350 2000 priuitepio
1361 1915 1413 1979 aet
1425 1913 1486 1978 im-

304 2037 518 2104 memorabili
541 2037 783 2105 consuetudine
799 2039 901 2104 licere
921 2039 1111 2112 contendat,
1136 2038 1278 2103 alterins
1297 2037 1486 2119 parochiae

305 2179 460 2244 mansas,
487 2161 561 2228 sine
585 2162 725 2228 ittonae
750 2161 896 2244 parochi
921 2161 1069 2233 licentia,
1099 2161 1320 2226 matrimonia
1347 2161 1486 2227 coniun-

305 2301 387 2367 9ere
409 2293 469 2348 ant
488 2282 684 2350 benedicere
707 2302 813 2348 ansus
826 2283 943 2364 fuerit,
959 2283 1033 2366 ipso
1049 2283 1125 2347 inre
1150 2282 1283 2348 tamdia
1301 2299 1487 2364 semermes

305 2409 454 2484 maneat,
471 2405 638 2488 quamdin
654 2405 698 2470 ah
716 2404 903 2471 Ordinatio
922 2405 994 2470 eins
1013 2404 1170 2487 parochi,
1187 2404 1248 2488 qni
1264 2403 1487 2471 matrimonia

305 2527 466 2596 interesse
480 2527 628 2601 debebat,
644 2548 704 2595 sen
718 2547 742 2594 a
760 2548 827 2615 qua
845 2529 1028 2597 benedictio
1044 2529 1262 2612 mseipienda
1277 2535 1360 2603 erat,
1377 2527 1485 2596 absol·

306 2658 407 2717 uatnr
424 2676 453 2719 ».
478 2656 515 2720 ln
540 2673 634 2738 quem
656 2658 782 2720 textum
806 2653 1094 2739 interpretandum,
1120 2653 1203 2718 duae
1227 2653 1370 2719 incidunt
1392 2671 1488 2736 quae

307 2783 445 2857 stiones;
462 2786 494 2846 et
514 2784 629 2864 prima
645 2783 824 2866 quaeritur,
841 2800 884 2844 an
899 2799 958 2864 per
973 2779 1060 2845 hanc
1075 2782 1287 2865 posteriorem
1303 2800 1486 2850 censuram.

305 2908 452 2992 quamvis
464 2908 632 2978 mitiorem,
646 2904 859 2992 intelligenda
874 2907 915 2970 sit
930 2903 1086 2991 abrogata
1101 2924 1241 2971 censura
1253 2907 1319 2972 lata
1334 2908 1367 2970 in
1383 2903 1485 2971 Clean.

307 3034 360 3098 eit.
376 3066 393 3080 -
408 3032 449 3095 Et
465 3033 556 3096 iuxta
571 3034 730 3116 principia
746 3032 876 3095 evoluta
888 3030 963 3095 Vol.
980 3031 1039 3101 lll,
1057 3050 1089 3094 n.
1105 3030 1149 3095 76
1160 3050 1226 3114 seq.
1242 3031 1485 3115 respondemus:

305 3156 494 3241 abrogatam
526 3154 625 3219 luisse
656 3156 821 3239 antiquam
853 3174 989 3237 poenam
1025 3175 1084 3238 per
1115 3157 1348 3229 recentiorem
1379 3155 1487 3240 prouti

397 3454 437 3527 (l)
451 3456 567 3525 Agimus
584 3455 617 3509 de
631 3455 752 3524 parocho
761 3460 881 3527 proprio
891 3456 936 3510 vel
946 3457 1007 3509 eius
1020 3456 1135 3520 vicario,
1148 3455 1281 3509 videlicet
1292 3456 1383 3525 quoad
1394 3456 1488 3508 subdi·

308 3570 367 3621 tum
393 3565 500 3618 ratione
524 3562 658 3617 domicilii
684 3567 733 3615 aut
758 3564 837 3633 quasi
861 3562 1004 3617 domicilii.
1025 3562 1117 3622 Quare
1139 3562 1162 3614 si
1182 3566 1316 3631 aegrotus
1338 3562 1376 3615 ait
1399 3578 1487 3631 capus

307 3673 452 3743 quaeritur
470 3688 506 3725 an
519 3670 658 3739 regularis
676 3671 701 3724 ei
721 3670 921 3723 administrans
934 3671 988 3724 ista
1001 3676 1176 3723 sacramenta
1189 3666 1319 3722 incurrat
1330 3684 1488 3723 excommn-

309 3777 496 3834 uicationeml
516 3778 546 3830 ὓ*
558 3777 707 3843 Annibale,
724 3776 911 3841 Comm.145‚
928 3786 984 3830 nat.
1000 3778 1030 3842 3,
1049 3776 1190 3845 opinatur,
1207 3776 1275 3845 quia
1292 3806 1306 3817 -
1323 3778 1489 3846 percpi-ina·

308 3904 373 3941 rum
395 3888 537 3955 parochus
557 3886 588 3938 in
606 3900 638 3938 eo
659 3884 719 3937 laea
742 3900 823 3938 nemo
843 3894 883 3938 est
896 3903 929 3949 ··,
948 3900 1093 3938 censuram
1112 3900 1168 3937 non
1187 3884 1301 3937 incurri.
1320 3883 1374 3937 Sed
1391 3883 1489 3939 dubita

309 4007 345 4044 an
364 3989 402 4042 sit
419 4005 524 4052 vertum,
537 3990 640 4059 quippe
658 4005 746 4058 vagus
765 4005 828 4041 cum
848 3986 956 4057 indiget
975 4002 1093 4041 munere
1112 3988 1253 4055 pastorali,
1266 3988 1413 4058 quemdam
1431 4002 1489 4041 sor·

309 4098 379 4151 titur
392 4101 530 4166 pastorem
544 4112 592 4150 seu
607 4094 756 4165 parochum
770 4095 825 4149 loci
842 4096 871 4148 in
887 4110 942 4164 quo
958 4093 1023 4147 actu
1040 4100 1258 4158 commorantur,
1270 4098 1320 4148 aut
1338 4093 1489 4163 parochum

310 4204 452 4257 Ecclesiae
467 4201 547 4256 Cath.
566 4206 615 4255 ant
634 4202 767 4265 matricis,
789 4202 881 4271 prouti
899 4201 1004 4255 alicubi
1023 4206 1137 4254 cautum
1156 4206 1207 4255 est.
1226 4200 1277 4269 (cf.
1294 4200 1487 4255 Fortunae.

310 4308 339 4361 C.
359 4310 388 4363 in
407 4308 555 4363 Novarien.
569 4308 714 4361 Funerum
734 4309 769 4360 22
788 4308 846 4360 lun.
863 4306 932 4360 1895
956 4334 969 4346 ·
990 4322 1039 4374 per
1057 4322 1155 4359 summ.
1178 4307 1312 4377 precum).
1329 4306 1489 4376 Utcumque

307 4432 429 4471 censura
446 4414 530 4469 dubia
549 4418 591 4469 est
609 4417 644 4468 de
663 4419 733 4468 inre.
