3350 5100
301 282 367 349 588
748 298 954 349 annnearou
979 300 1029 349 111.

298 424 409 489 coniux,
428 427 459 477 ut
476 423 564 477 etiam
583 422 641 491 ipse
661 422 766 478 iudicet
784 429 893 493 septem
912 424 1082 494 propinquos
1101 422 1147 477 vel
1170 422 1277 488 affines,
1295 423 1385 493 iisque
1410 422 1480 477 deli·

298 530 445 593 cientibus,
463 534 571 599 septem
590 530 697 585 vicinos
717 532 807 585 bonae
826 532 928 599 famae,
946 533 994 602 qui
1014 536 1046 585 ut
1058 530 1262 600 supradictum
1274 534 1319 585 eat
1331 530 1481 599 deponant,-

297 639 413 693 seoraim
432 643 515 693 erunt
534 637 562 691 hi
575 638 787 709 quatuordecim
803 642 958 695 conflantes
969 640 1118 709 septimam
1130 655 1244 693 manum
1257 639 1381 693 examini
1393 637 1482 691 subii-

298 742 387 797 ciendi
407 742 561 811 deaiguatia
579 741 678 797 diebus
697 742 781 810 horis,
800 744 896 799 delato
915 744 992 813 priua
1016 744 1175 799 iuramento
1200 745 1327 815 singulis.
1347 744 1482 799 Defensor

298 847 470 903 Matrimonii
490 846 710 919 interrogatoria
729 849 826 903 clausa
844 849 998 914 exhibebit,
1018 854 1049 904 ut
1066 850 1196 919 superius
1213 850 1321 904 dictum
1339 854 1390 905 est

371 957 501 1011 Liberum
519 956 575 1011 erit
594 958 759 1027 coniugibus
779 962 866 1012 testes
885 959 974 1011 honae
987 960 1078 1013 lamae
1097 974 1130 1011 ac
1143 958 1177 1013 da
1190 975 1220 1013 re
1233 960 1386 1013 instructos
1399 957 1481 1011 indu·

298 1078 371 1129 cere,
388 1064 435 1134 qui
454 1080 550 1118 omues
568 1064 684 1119 seorsim
703 1070 733 1119 et
752 1063 884 1119 methodo
902 1063 1040 1119 hactenus
1058 1065 1232 1135 praescripta
1250 1070 1333 1120 erunt
1357 1064 1480 1119 examini

299 1170 474 1225 subiiciendi.

370 1275 397 1330 Si
416 1277 487 1331 alios
504 1278 591 1333 etiam
606 1276 738 1333 Defensor
751 1276 925 1330 Matrimonii
939 1293 973 1330 ex
986 1278 1059 1331 actia
1071 1278 1127 1330 iam
1140 1277 1275 1333 confectis
1290 1276 1482 1347 deprehendet

298 1383 330 1437 de
350 1398 379 1437 re
398 1382 558 1451 instructos,
577 1382 627 1439 lios
645 1384 731 1440 etiam
750 1384 861 1449 citabit,
880 1392 911 1437 ut
929 1384 1051 1437 examini
1070 1384 1270 1439 sublimantur:
1281 1383 1310 1436 Si
1325 1383 1372 1454 qui
1385 1384 1480 1437 forsan

298 1492 427 1547 absentes
445 1497 604 1557 noscantur,
623 1493 670 1563 qui
690 1490 834 1547 commode
852 1492 888 1546 ad
906 1492 1051 1546 civitatem
1076 1490 1210 1545 accedere
1231 1494 1374 1560 nequeant
1394 1490 1481 1545 etiam

299 1601 334 1654 ob
352 1598 503 1653 distantiae
520 1604 654 1668 sumptus,
676 1599 720 1653 vel
739 1599 774 1652 ad
794 1599 883 1669 partis
901 1599 1073 1666 instantiam,
1088 1597 1142 1664 vel,
1154 1614 1189 1653 ea
1201 1597 1312 1663 silente,
1326 1596 1360 1651 ad
1374 1598 1482 1651 instan-
1522 1629 1532 1641 ·

298 1706 366 1759 tiam
387 1706 544 1761 Defensoris
563 1706 737 1759 Matrimonii
757 1712 841 1759 eruut
864 1707 900 1759 ab
926 1705 1063 1775 Episcopo
1088 1705 1167 1759 illius
1192 1703 1348 1769 Dioecesis,
1367 1703 1397 1757 in
1423 1719 1480 1773 qua

299 1820 451 1879 morantur,
464 1811 641 1867 examinandi
655 1814 734 1867 iuxta
747 1811 967 1880 interrogatoria
976 1813 1012 1865 ab
1022 1811 1118 1867 eodem
1133 1811 1284 1866 Defensore
1296 1807 1478 1873 conficienda,

299 1934 332 1971 ac
349 1917 444 1973 clausa
462 1922 492 1971 et
509 1918 658 1986 obsignata
676 1916 902 1980 transmittenda,
920 1916 1055 1985 deputato
1072 1917 1108 1969 ab
1128 1916 1225 1971 eodem
1238 1914 1375 1984 Episcopo
1388 1913 1480 1969 altero

297 2022 397 2078 idoneo
407 2023 476 2088 viru,
488 2023 535 2093 qui
550 2026 674 2092 praestet
687 2022 829 2093 requisitis
838 2022 868 2076 iu
878 2021 961 2077 Bulla
972 2022 1085 2090 saepius
1094 2020 1209 2074 laudata
1218 2019 1247 2075 S.
1257 2019 1296 2073 M.
1304 2018 1405 2075 Βοηοά.
1413 2016 1480 2072 xlv

298 2129 486 2199 praescriptis,
505 2130 609 2199 quique
628 2130 741 2198 expleat
759 2146 861 2184 munus
880 2130 1039 2185 Defensoris
1065 2128 1221 2183 validitatis
1245 2126 1431 2191 matrimoni,
1450 2130 1481 2180 et

216 2288 218 2293 .
300 2236 420 2291 examini
442 2236 523 2291 adsit.

370 2343 472 2397 Omnes
491 2358 557 2397 vero
577 2346 671 2407 testes,
691 2358 815 2411 congrua
832 2343 965 2412 congruis
984 2342 1137 2407 referendo,
1156 2343 1271 2412 rogandi
1291 2346 1375 2396 erunt
1397 2354 1479 2409 prae·

299 2450 396 2505 sertim
415 2448 525 2520 quaudo
543 2448 645 2503 initum
664 2448 749 2503 luerit
769 2448 995 2511 Matrimonium
1014 2453 1107 2502 utrum
1132 2448 1209 2502 iuter
1225 2448 1365 2517 Coniuges
1389 2445 1480 2499 mutui

299 2557 402 2612 amoris
420 2561 447 2610 et
466 2555 680 2610 benevolentiae
702 2557 784 2625 sigua
810 2554 1034 2610 intercesserint:
1052 2553 1184 2625 quamdiu
1213 2555 1242 2608 in
1267 2554 1364 2610 eadem
1388 2553 1481 2617 domo,

299 2665 344 2720 vel
362 2665 478 2719 civitate
496 2663 734 2726 cohabitaverintr
754 2667 848 2717 utrum
868 2662 1023 2716 innotuerit
1041 2677 1090 2716 ecs
1111 2659 1344 2716 consummationi
1365 2675 1480 2727 operam

298 2770 420 2836 dediss03
439 2787 474 2822 au
494 2768 558 2825 inde
577 2768 785 2823 matrimonium
809 2771 1032 2821 consummatum
1056 2770 1232 2829 censeretur3
1251 2765 1285 2820 de
1302 2764 1396 2819 causis
1413 2779 1480 2817 oon-

299 2877 512 2932 summatiouem
524 2875 708 2944 impeditivis3
722 2875 755 2928 de
769 2875 1024 2945 conquestionibus,
1033 2873 1144 2944 quando
1156 2879 1261 2928 etcum
1274 2873 1375 2943 quibua
1387 2871 1479 2937 factis,

299 2987 329 3038 et
346 2999 396 3036 cur
414 2981 505 3036 nolint
524 2981 644 3050 amplius
663 2981 691 3034 in
711 2979 891 3034 matrimonio
911 2994 1081 3048 permanere.

371 3088 399 3141 Si
418 3087 533 3158 quercia
551 3103 634 3156 super
652 3087 818 3156 impotentia
836 3091 972 3150 versetur,
992 3085 1183 3156 interrogandi
1202 3089 1286 3140 erunt
1304 3082 1387 3153 periti
1402 3081 1475 3152 phy·

300 3195 359 3258 eici,
378 3211 448 3266 quoa
467 3195 600 3262 coniuges
619 3182 842 3248 consuluerunt'

372 3301 522 3356 Praeterea
540 3305 679 3371 quatenus
698 3299 814 3370 querela
831 3315 916 3368 super
935 3298 1066 3354 nullitate
1084 3316 1119 3353 ex
1137 3299 1173 3352 iis
1190 3299 1236 3364 sit,
1255 3301 1286 3351 ut
1302 3296 1373 3352 solvi
1393 3296 1481 3365 possit

300 3407 519 3472 matrimonium,
537 3407 558 3459 si
585 3405 719 3474 coniuges
745 3405 813 3458 illud
840 3420 895 3460 non
919 3397 1162 3468 consummarunt,
1183 3409 1251 3457 tunc
1277 3401 1480 3472 procedendum

301 3514 355 3569 erit
374 3512 407 3565 ad
432 3511 635 3580 inspectionem
660 3511 785 3579 corporis
804 3510 955 3579 coniugum
973 3510 1089 3564 seorsim
1108 3509 1237 3580 sequenti
1263 3507 1395 3563 methodo
1419 3523 1480 3575 per·

300 3619 456 3684 flcieudam,
475 3619 597 3672 instante
617 3617 782 3686 pracsertim
802 3618 951 3672 Defensore
970 3617 1153 3671 Matrimonii.

371 3725 455 3780 ludex
473 3725 609 3794 praefiget
627 3724 778 3779 terminum
791 3727 849 3777 tam
868 3724 981 3793 utrique
998 3723 1122 3792 coniugi,
1134 3738 1218 3792 quam
1230 3721 1368 3776 defensori
1381 3719 1482 3773 Matri·

300 3832 385 3887 monii
405 3831 439 3885 ad
457 3830 627 3886 exhibendas
646 3830 757 3884 notulas
777 3830 929 3900 peritorum
955 3828 1123 3884 medicorum
1142 3833 1172 3884 et
1196 3828 1390 3896 chirurgorum
1416 3841 1482 3880 cou-

300 3938 454 4005 ssdentium‚
472 3944 501 3996 et
519 3939 704 3994 diffidentium
724 3955 773 4008 pro
787 3939 932 4010 utriusque
944 3938 1072 4007 coniugis
1085 3937 1267 4008 inspectione,
1280 3951 1403 4005 congrua
1415 3949 1480 3989 con-

301 4045 454 4104 referendo.

373 4150 512 4205 Exhibitis
531 4150 635 4204 notulis
654 4169 670 4204 a
691 4151 816 4220 partibus
835 4149 919 4204 ludex
937 4149 1025 4218 eliget
1038 4150 1160 4221 quinque
1179 4149 1293 4218 peritos,
1302 4153 1359 4202 tres
1370 4146 1481 4200 scilicet

302 4257 435 4322 Medicus,
454 4262 482 4311 et
501 4255 569 4310 duos
587 4255 734 4325 chirurgos
753 4273 788 4311 ex
801 4255 856 4322 hia,
869 4257 898 4308 iu
912 4255 1014 4326 quibus
1027 4261 1121 4324 partes
1134 4255 1319 4318 consentiant,
1332 4253 1375 4306 sin
1388 4251 1481 4305 minue

303 4381 337 4417 ex
356 4363 446 4418 officio
464 4379 522 4428 eos,
543 4364 590 4434 qui
610 4369 704 4418 himen
724 4364 850 4432 partibus
869 4379 926 4418 uon
943 4363 1000 4416 siut
1019 4362 1226 4418 rationabiliter
1245 4359 1375 4430 suspecti,
1394 4358 1482 4427 depu-
