3350 5100
551 297 596 344 na
622 296 777 346 numerus
800 297 843 345 ar
867 295 986 345 rorum
1272 333 1274 336 .
1313 274 1352 340 91

179 418 239 485 ubi
247 419 311 486 sab
320 424 486 503 potestate
496 421 648 504 raptoris
658 421 851 488 detineatur
861 419 1072 486 matrimonii
1082 418 1225 485 ineundi
1239 435 1355 484 causa.

179 545 218 610 ln
231 543 353 610 concil.
366 543 454 610 Trid.
466 563 545 612 sess.
558 545 618 628 24,
629 545 756 630 Deres.
768 551 870 612 matr.
886 565 960 630 cap.
974 545 1054 610 dita
1064 562 1222 610 excomm.
1236 543 1356 608 nemini

178 676 348 735 reservata
369 669 575 736 decernitur:
602 669 774 755 «Raptor
794 671 868 755 ipse
890 690 933 736 ac
955 688 1072 738 ornnes
1093 669 1144 734 illi
1166 667 1354 740 canalium,

178 794 363 864 anatinam,
378 799 412 860 et
423 795 580 878 fauorem
591 795 794 879 praebentes
804 796 871 862 sim
885 795 960 879 ipso
971 794 1048 861 iure
1058 793 1354 874 emcammunicati,

177 940 216 986 ac
239 927 398 1006 perpetuo
412 920 559 993 infames,
575 921 781 1006 omniumque
796 919 988 1007 dignitatum
1005 921 1175 1005 incapaces
1191 922 1224 984 et
1239 919 1265 982 si
1289 918 1353 984 cle·

178 1047 240 1110 rici
251 1045 376 1110 inerint
391 1045 431 1111 de
446 1047 578 1133 proprio
594 1045 697 1131 gradu
708 1045 867 1112 decidant.
882 1046 1045 1110 'teneatur
1060 1048 1233 1130 praeterea
1244 1047 1356 1129 raptor

176 1170 348 1235 mulierem
371 1177 508 1257 raptam,
532 1174 602 1237 eive
624 1191 696 1237 eam
718 1189 854 1238 uxorem
879 1170 1008 1237 duxerit
1030 1170 1099 1236 sive
1125 1188 1190 1234 non
1214 1167 1353 1238 duxerit.

176 1295 333 1361 decenter
353 1295 490 1360 arbitrio
512 1295 628 1362 iudicis
651 1296 763 1364 dotare
780 1319 810 1362 a.
825 1297 916 1362 Haec
932 1301 1006 1361 sunt
1021 1299 1200 1380 perspecta,
1216 1291 1355 1360 sufficiat

176 1419 346 1485 dumtaxat
357 1421 504 1494 innuere,
516 1427 666 1507 raptores
681 1421 741 1486 has
756 1440 876 1506 poenas
887 1421 1068 1494 incurrere,
1081 1419 1205 1484 etiamsi
1221 1421 1355 1500 «rapta

175 1565 199 1612 a
221 1552 363 1630 raptore
384 1552 546 1630 separata
568 1552 600 1613 et
620 1545 659 1612 in
681 1547 754 1613 loco
778 1551 847 1613 tuto
871 1551 903 1611 et
924 1545 1028 1612 tibere
1055 1543 1234 1611 constituta
1256 1541 1354 1608 ittam

175 1672 214 1736 in
236 1671 352 1737 airum
375 1669 500 1737 babere
521 1672 761 1738 consenserit>
786 1672 832 1737 uti
855 1669 943 1737 iubet
964 1670 1052 1736 Trid.
1077 1669 1175 1736 Gonc.
1200 1669 1261 1734 loc.
1285 1666 1354 1749 cit.,·

178 1792 437 1878 quandoquidem
458 1793 720 1880 impedimentum
743 1815 790 1862 em
809 1800 915 1879 rapta
937 1793 1091 1860 dirimens
1114 1793 1203 1878 viget
1227 1796 1353 1857 tantum

176 1937 343 2000 quousque
365 1924 459 2003 rapta
482 1923 532 1984 est
554 1917 612 1984 sub
635 1921 776 2006 raptoris
791 1923 967 2006 potestate;
990 1935 1113 2004 poenae
1132 1921 1250 1996 autem,
1273 1915 1353 1980 inito

175 2043 274 2107 etiam
297 2042 440 2128 legitime
462 2043 675 2117 matrimonio,
700 2045 922 2108 incurrantur.

266 2165 352 2231 Huic
375 2184 533 2238 censurae
563 2165 698 2233 subsunt
727 2167 924 2248 consitium,
948 2165 1118 2232 auaitium
1141 2169 1172 2230 et
1196 2164 1353 2246 favorem

167 2290 384 2373 praebentes,
400 2311 517 2378 nempe
532 2291 572 2357 ad
589 2298 733 2378 raptum;
757 2312 821 2359 non
842 2293 918 2358 item
933 2293 960 2357 si
976 2293 1059 2358 haec
1082 2289 1259 2377 praebeant
1281 2293 1353 2375 post

173 2421 303 2501 raptum
326 2422 363 2482 nt
385 2421 479 2507 rapta
505 2417 622 2483 mulier
648 2420 828 2484 censentiat
850 2419 883 2482 in
907 2417 1155 2483 matrimonium.
1180 2413 1230 2480 Ad
1258 2413 1352 2493 haec,

173 2543 208 2605 in
233 2539 441 2625 subsequenti
473 2562 542 2628 cap.
566 2543 588 2609 9
614 2541 674 2609 sub
697 2542 842 2610 rubrica:
872 2541 964 2610 «Ne
987 2540 1120 2609 domini
1150 2539 1353 2624 temporales

174 2674 238 2733 aut
266 2670 491 2755 mapistratas
513 2671 691 2755 quidpiam
722 2670 869 2737 libertati
896 2668 1109 2736 matrimonii
1139 2665 1350 2734 contrarium

173 2793 365 2860 moliantur
379 2814 410 2867 ›,
436 2794 557 2860 Concil.
575 2794 662 2860 Trid.
678 2794 825 2861 deceruit
844 2814 901 2859 seu
919 2792 1119 2877 «praecipit
1141 2790 1174 2858 S.
1192 2789 1351 2876 Synodus

174 2914 335 2981 omnam
361 2916 603 3003 cuiuscumque
632 2920 780 3005 padus,
804 2918 980 3005 diqnitatis
1001 2921 1034 2983 et
1054 2914 1255 2985 conditionis
1278 2914 1349 2980 eai-

174 3042 268 3103 stant
289 3057 335 3104 ne
358 3039 477 3123 quovis
499 3040 601 3107 modo
624 3040 749 3108 directe
770 3042 823 3107 oet
846 3040 1009 3107 indirecte
1027 3038 1176 3105 subditos
1199 3054 1278 3104 suos
1299 3037 1350 3101 aet

174 3179 409 3247 quoscumque
437 3163 524 3231 alios
549 3170 671 3251 copant
696 3166 878 3250 quominus
902 3164 1004 3231 tibere
1026 3163 1248 3231 matrimonia
1270 3181 1350 3230 con-

173 3284 584 3361 trabant».Quiase1mo
607 3294 658 3352 est
679 3288 720 3355 de
742 3290 889 3383 dominis
906 3294 1004 3374 temp.
1029 3293 1062 3354 et
1084 3286 1348 3374 mapistratibus,

172 3428 255 3494 ergo
277 3408 496 3476 excluduntur
518 3412 649 3478 domini
668 3414 864 3496 spirituales
886 3416 1113 3497 cuiuscumque
1136 3412 1269 3499 gradum
1294 3411 1350 3477 sed

172 3552 273 3619 reges
285 3553 411 3618 quoque
426 3542 460 3601 et
474 3536 784 3623 imperatoresque
798 3538 832 3603 hi
848 3538 978 3606 domini
991 3544 1101 3621 temp,
1115 3557 1157 3601 ex
1173 3536 1350 3601 intentione

172 3660 253 3725 satis
277 3678 434 3745 expressa
454 3660 588 3727 Concilii
603 3661 702 3736 Trid.,
719 3672 794 3729 sunt
816 3665 869 3748 qui
892 3664 968 3731 iure
989 3662 1123 3747 feudali
1145 3661 1351 3726 dominantur

172 3786 207 3849 in
235 3783 376 3868 aliquam
395 3787 614 3871 provinciam.
639 3788 776 3863 Quinam
806 3808 886 3854 uero
917 3790 981 3855 sint
1009 3787 1231 3875 mapistratus
1261 3784 1351 3851 clare

172 4033 339 4116 cipiantur
353 4052 414 4119 per
428 4033 519 4119 leges
533 4034 589 4100 sed
605 4034 756 4101 iubentur
779 4056 837 4121 per
852 4035 985 4102 abusum
1000 4035 1199 4102 auctoritatis
1222 4033 1262 4100 ab
1285 4034 1348 4099 illis

173 4158 228 4241 qui
251 4164 407 4242 praesunt
429 4159 611 4226 immediate
633 4161 818 4247 provinciis.
843 4159 906 4227 Sed
929 4160 1025 4226 hodie
1051 4158 1135 4245 apud
1162 4179 1231 4235 nos,
1259 4160 1349 4225 hisce

171 4280 325 4348 abusibus
347 4281 438 4349 locus
461 4284 566 4350 ferme
588 4287 724 4371 amplius
746 4285 859 4352 haberi
884 4305 947 4351 non
970 4291 1084 4372 potest.

169 4449 174 4457 -
263 4405 317 4472 65.
330 4384 421 4482 Quae
432 4410 623 4477 violationes
634 4411 795 4477 humanae
809 4411 969 4479 libertatis
983 4412 1017 4476 in
1031 4416 1098 4477 tam
1111 4413 1204 4499 gravi
1221 4413 1350 4499 negotio
