3350 5100
552 331 596 376 ns
620 331 775 379 usuraria
799 331 842 377 ar
865 331 986 378 rossus
1314 311 1365 376 29

176 456 240 523 bite
262 456 431 540 impetam.
456 455 587 522 Manae
609 475 632 521 a
654 474 762 522 manu
785 454 936 539 pecunia
958 459 1016 521 est.
1040 453 1172 520 Manae
1192 473 1215 519 o
1238 452 1363 540 linquae

175 580 402 664 misceor».
431 581 509 645 Nam
540 585 609 646 tum
632 580 832 664 obsequium,
857 587 924 645 tum
948 579 1054 653 favor,
1078 585 1154 645 sunt
1176 599 1230 644 res
1254 580 1360 663 pretio

173 703 401 770 aestimabiles.
418 704 634 770 Nihilominus
657 723 721 768 uon
747 703 852 769 refert
874 702 958 787 quod
980 695 1159 790 temporale
1175 703 1265 787 quasi
1289 722 1360 786 pre

173 833 253 896 tium
281 833 330 896 rei
349 830 534 916 spiritualis,
552 831 593 894 sit
611 849 664 894 res
680 831 818 914 pecunia
831 828 1049 901 aestimabilis,
1066 849 1108 894 au
1132 829 1254 903 minus;
1274 828 1361 893 dum-

173 955 270 1022 modo
293 976 409 1042 reapse
429 958 472 1020 sit
487 955 629 1040 aliquod
653 956 841 1039 temporale
864 955 1002 1022 bonum.
1020 989 1038 1002 ·
1057 953 1235 1038 «Aliquid
1255 951 1360 1036 spiri·

174 1082 266 1147 tuate
289 1081 342 1146 cel
366 1078 571 1166 (temporale)
593 1079 767 1162 spiritudi
790 1079 969 1144 adnexum
993 1099 1024 1142 ›.
1048 1077 1139 1152 Quae
1162 1075 1263 1142 verba
1285 1081 1361 1142 sunt

172 1205 286 1272 sedulo
316 1204 515 1270 attendenda
545 1209 579 1270 et
608 1204 833 1289 intelligenda,
862 1224 937 1269 cum
964 1204 1152 1268 contineant
1181 1201 1362 1268 distinctio·

172 1351 247 1396 nem
273 1333 307 1395 iu
332 1331 396 1396 bac
420 1331 556 1395 materia
578 1330 801 1416 principalem,
819 1349 902 1413 quae
925 1327 1120 1394 determinat
1138 1327 1298 1393 obiectum
1320 1328 1361 1392 si·
1438 1417 1442 1422 ι

172 1458 314 1521 moniae.

267 1581 319 1646 18.
345 1581 483 1651 Etenim,
516 1582 557 1646 ob
587 1579 788 1645 conditiones
818 1598 931 1644 rerum
962 1579 996 1644 in
1027 1579 1090 1643 boc
1120 1576 1248 1651 mundo,
1272 1576 1359 1642 bona

171 1705 272 1770 ctiam
298 1705 479 1789 spiritualia
493 1723 585 1788 quae,
604 1707 723 1770 natura
745 1707 812 1777 sua,
829 1709 981 1769 constant
1002 1701 1224 1770 tantummodo
1244 1721 1282 1767 re
1298 1703 1360 1788 spi-

170 1829 296 1902 rituali,
316 1829 416 1894 veluti
435 1830 540 1914 gratia
561 1830 817 1902 sacramentalis,
834 1826 994 1893 absolutio
1017 1848 1037 1893 a
1060 1830 1212 1913 peccatis,
1232 1825 1358 1892 iurisdi-

111 1931 115 1942 ⁸
171 1953 237 2018 otio
249 1954 486 2027 ecclesiastica,
501 1959 608 2018 tamen
625 1955 686 2018 iata
700 1953 774 2018 dum
790 1953 914 2018 homini
929 1953 1165 2024 ministrantur.
1179 1952 1273 2037 eique
1288 1971 1361 2038 par·

169 2079 362 2164 ticipautur,
387 2099 451 2143 non
478 2083 555 2144 suut
584 2079 714 2143 omnino
745 2076 953 2142 disiunctae
983 2078 1081 2142 rebus
1109 2076 1358 2162 temporalibus,

172 2206 283 2291 prouti
308 2205 341 2268 in
364 2205 495 2269 homine
517 2205 626 2268 anima
649 2203 737 2268 vires
759 2221 824 2266 non
849 2203 957 2267 exerit
970 2221 1047 2266 suas
1065 2201 1186 2287 absque
1208 2221 1359 2287 corpore.

171 2331 329 2396 lamvero
353 2349 406 2396 res
428 2330 625 2415 temporales
647 2334 723 2395 sunt
737 2331 842 2416 pretio
856 2328 1082 2422 aestimabiles,
1100 2335 1133 2394 et
1148 2349 1208 2415 per
1225 2349 1261 2395 se
1283 2336 1359 2396 sunt

171 2457 204 2519 in
228 2454 441 2524 commercio,
465 2471 564 2537 aquo
579 2449 659 2518 flunt
677 2452 813 2526 alienae,
831 2455 857 2517 si
874 2453 920 2517 ita
934 2451 1171 2519 absorbeantur
1190 2453 1225 2517 in
1239 2457 1358 2518 natura

171 2599 289 2645 rerum
312 2578 535 2664 spiritualium,
554 2582 589 2645 ut
607 2575 686 2641 flant
714 2578 804 2661 quasi
827 2578 1065 2647 accessorium,
1090 2596 1154 2641 non
1178 2579 1360 2643 consistens

172 2704 298 2789 absque
325 2702 524 2787 principali.
551 2738 568 2751 -
598 2702 724 2767 Verum
754 2704 837 2767 haec
867 2703 944 2767 unio
973 2703 1060 2767 inter
1091 2722 1145 2767 res
1175 2702 1358 2787 spirituales

171 2836 205 2895 et
237 2800 435 2913 temporales
458 2827 673 2892 diversimode
704 2824 756 2892 fit:
782 2846 885 2911 quare
909 2846 963 2891 res
984 2826 1181 2911 temporales
1206 2825 1359 2893 dicuntur

172 2954 325 3018 adnexae
347 2950 576 3037 spiritualibus,
594 2953 645 3017 vel
670 2952 938 3019 concomitoatcr
960 2951 1013 3016 vel
1036 2956 1287 3036 consequenter,
1304 2952 1357 3018 vel

173 3078 423 3145 antecedenter.
443 3112 460 3125 -
480 3078 635 3161 Equidem
648 3078 841 3162 temporalia
856 3082 932 3142 eunt
947 3077 1075 3142 adnexa
1090 3077 1359 3144 conoooiitaater

172 3201 415 3290 spiritualibus,
440 3208 598 3286 quatenus
626 3202 707 3267 baec
731 3203 883 3268 exerceri
914 3222 979 3267 non
1008 3207 1142 3288 possunt
1160 3200 1201 3265 ab
1216 3202 1356 3275 homine,

173 3330 255 3411 quin
279 3327 394 3411 aliquis
417 3326 510 3392 labor
529 3328 735 3399 sustineatur,
752 3328 805 3391 vel
822 3333 949 3412 tempus
970 3324 1167 3399 absumatur,
1183 3331 1217 3390 et
1239 3326 1304 3390 alia
1326 3325 1358 3391 id

173 3472 282 3540 genus
312 3451 540 3537 impendantur
571 3450 612 3516 ab
638 3452 768 3516 homine
799 3453 831 3516 in
863 3453 966 3517 sacris
994 3450 1224 3517 ministrandis.
1249 3450 1364 3524 Quare

173 3576 316 3641 ulterius
338 3575 488 3640 distincta
506 3578 583 3641 sunt
604 3574 733 3639 adnexa
756 3576 1021 3640 concomitanter
1042 3574 1256 3645 intrinsecas,
1276 3592 1359 3656 quae

175 3719 296 3785 nempe
319 3702 497 3765 intrinseca
521 3700 712 3766 necessitate
736 3700 910 3765 coniuncta
936 3706 1011 3765 suni
1033 3699 1263 3784 spiritualibus,
1288 3702 1359 3765 sine

176 3822 294 3907 quibus
325 3824 408 3888 baec
438 3820 509 3888 fleri
537 3828 718 3907 nequeunt;
742 3828 818 3887 sunt
840 3842 920 3887 vero
943 3823 1071 3887 adnexa
1094 3823 1360 3889 concomitanter

177 3964 412 4013 sxrarusucus
436 3966 518 4029 quae
545 3965 603 4032 per
629 3946 790 4016 accidens,
816 3966 881 4010 non
905 3966 965 4031 per
987 3966 1031 4016 se,
1056 3946 1185 4010 adnexa
1209 3950 1286 4011 sunt
1309 3948 1358 4011 rei

178 4073 356 4159 spirituali,
381 4074 428 4138 uti
456 4078 573 4161 pantos
607 4072 640 4136 in
670 4072 858 4137 solemniori
881 4073 993 4145 Missa,
1022 4072 1151 4157 longius
1181 4073 1244 4137 iter
1270 4090 1360 4136 assu·

179 4197 332 4262 mendum
357 4203 392 4261 ut
415 4196 551 4261 adeatur
574 4196 664 4261 locus
686 4196 925 4261 celebrationis.

274 4318 525 4406 Conseqaeatcr
539 4322 731 4406 temporalia
745 4322 898 4386 dicuntur
912 4320 1049 4391 adnexa,
1064 4337 1147 4403 quae
1162 4318 1360 4404 spiritualem

181 4464 250 4509 rem
273 4452 435 4529 tamquam
459 4464 589 4511 caumm
613 4450 646 4510 et
669 4444 806 4510 formam
833 4448 1032 4530 supponunt,
1058 4444 1157 4508 veluti
1181 4444 1230 4507 ius
1253 4442 1358 4526 perci·
