<?xml version="1.0" encoding="UTF-8"?>
<!DOCTYPE html PUBLIC "-//W3C//DTD XHTML 1.0 Transitional//EN"
    "http://www.w3.org/TR/xhtml1/DTD/xhtml1-transitional.dtd">
<html xmlns="http://www.w3.org/1999/xhtml" xml:lang="en" lang="en">
 <head>
  <title>
</title>
<meta http-equiv="Content-Type" content="text/html;charset=utf-8" />
  <meta name='ocr-system' content='tesseract 3.04.00' />
  <meta name='ocr-capabilities' content='ocr_page ocr_carea ocr_par ocr_line ocrx_word'/>
</head>
<body>
  <div class='ocr_page' id='page_1' title='image "./praelectionesin00legagoog_0306.png"; bbox 0 0 3350 5100; ppageno 0'>
   <div class='ocr_carea' id='block_1_1' title="bbox 326 267 986 335">
    <p class='ocr_par' dir='ltr' id='par_1_1' title="bbox 326 267 986 335">
     <span class='ocr_line' id='line_1_1' title="bbox 326 267 986 335; baseline -0.002 -3"><span class='ocrx_word' id='word_1_1' title='bbox 326 267 393 332; x_wconf 77' lang='lat'><strong>304</strong></span> <span class='ocrx_word' id='word_1_2' title='bbox 841 288 925 335; x_wconf 72' lang='lat' dir='ltr'><strong>rens</strong></span> <span class='ocrx_word' id='word_1_3' title='bbox 950 287 986 333; x_wconf 87' lang='lat'><strong>11.</strong></span> 
     </span>
    </p>
   </div>
   <div class='ocr_carea' id='block_1_2' title="bbox 317 408 1507 3235">
    <p class='ocr_par' dir='ltr' id='par_1_2' title="bbox 323 408 1507 1362">
     <span class='ocr_line' id='line_1_2' title="bbox 324 408 1504 494; baseline 0.002 -22"><span class='ocrx_word' id='word_1_4' title='bbox 324 410 421 473; x_wconf 80' lang='lat' dir='ltr'><strong>stica.</strong></span> <span class='ocrx_word' id='word_1_5' title='bbox 442 442 461 456; x_wconf 92' lang='lat'><strong>·</strong></span> <span class='ocrx_word' id='word_1_6' title='bbox 479 408 572 475; x_wconf 84' lang='lat' dir='ltr'><strong>llaec</strong></span> <span class='ocrx_word' id='word_1_7' title='bbox 594 410 724 475; x_wconf 86' lang='lat' dir='ltr'><strong>cautela</strong></span> <span class='ocrx_word' id='word_1_8' title='bbox 746 416 797 474; x_wconf 74' lang='lat' dir='ltr'><strong>est</strong></span> <span class='ocrx_word' id='word_1_9' title='bbox 819 412 951 475; x_wconf 86' lang='lat' dir='ltr'><strong>maximi</strong></span> <span class='ocrx_word' id='word_1_10' title='bbox 975 410 1140 489; x_wconf 84' lang='lat' dir='ltr'><strong>momenti,</strong></span> <span class='ocrx_word' id='word_1_11' title='bbox 1156 408 1293 494; x_wconf 81' lang='lat' dir='ltr'>proinde</span> <span class='ocrx_word' id='word_1_12' title='bbox 1308 414 1415 477; x_wconf 86' lang='lat' dir='ltr'><strong>testes.</strong></span> <span class='ocrx_word' id='word_1_13' title='bbox 1432 428 1504 474; x_wconf 91' lang='lat' dir='ltr'><strong>cum</strong></span> 
     </span>
     <span class='ocr_line' id='line_1_3' title="bbox 326 530 1507 616; baseline 0.002 -21"><span class='ocrx_word' id='word_1_14' title='bbox 326 530 530 598; x_wconf 82' lang='lat' dir='ltr'><strong>dimittuntur</strong></span> <span class='ocrx_word' id='word_1_15' title='bbox 551 531 592 596; x_wconf 87' lang='lat' dir='ltr'><strong>ab</strong></span> <span class='ocrx_word' id='word_1_16' title='bbox 623 535 784 604; x_wconf 80' lang='lat' dir='ltr'><strong>examine,</strong></span> <span class='ocrx_word' id='word_1_17' title='bbox 808 532 988 598; x_wconf 82' lang='lat' dir='ltr'><strong>curandum</strong></span> <span class='ocrx_word' id='word_1_18' title='bbox 1012 538 1062 597; x_wconf 85' lang='lat' dir='ltr'><strong>est</strong></span> <span class='ocrx_word' id='word_1_19' title='bbox 1085 538 1120 596; x_wconf 91' lang='lat' dir='ltr'><strong>ut</strong></span> <span class='ocrx_word' id='word_1_20' title='bbox 1143 531 1263 615; x_wconf 86' lang='lat' dir='ltr'>alloqui</span> <span class='ocrx_word' id='word_1_21' title='bbox 1291 550 1357 595; x_wconf 91' lang='lat' dir='ltr'><strong>non</strong></span> <span class='ocrx_word' id='word_1_22' title='bbox 1385 534 1507 616; x_wconf 76' lang='lat' dir='ltr'><strong>possint</strong></span> 
     </span>
     <span class='ocr_line' id='line_1_4' title="bbox 324 655 1503 730; baseline 0 -11"><span class='ocrx_word' id='word_1_23' title='bbox 324 662 424 721; x_wconf 68' lang='lat' dir='ltr'><strong>testes</strong></span> <span class='ocrx_word' id='word_1_24' title='bbox 442 655 549 721; x_wconf 84' lang='lat' dir='ltr'><strong>adhuc</strong></span> <span class='ocrx_word' id='word_1_25' title='bbox 564 655 814 730; x_wconf 84' lang='lat' dir='ltr'><strong>examinandos;</strong></span> <span class='ocrx_word' id='word_1_26' title='bbox 838 661 882 727; x_wconf 77' lang='lat' dir='ltr'><strong>et,</strong></span> <span class='ocrx_word' id='word_1_27' title='bbox 897 655 973 721; x_wconf 94' lang='lat' dir='ltr'><strong>dum</strong></span> <span class='ocrx_word' id='word_1_28' title='bbox 994 676 1078 721; x_wconf 90' lang='lat' dir='ltr'><strong>unus</strong></span> <span class='ocrx_word' id='word_1_29' title='bbox 1097 658 1239 721; x_wconf 83' lang='lat' dir='ltr'>examini</span> <span class='ocrx_word' id='word_1_30' title='bbox 1255 655 1433 727; x_wconf 88' lang='lat' dir='ltr'><strong>subiicitur,</strong></span> <span class='ocrx_word' id='word_1_31' title='bbox 1449 656 1503 721; x_wconf 89' lang='lat' dir='ltr'><strong>alii</strong></span> 
     </span>
     <span class='ocr_line' id='line_1_5' title="bbox 324 778 1504 885; baseline 0.002 -42"><span class='ocrx_word' id='word_1_32' title='bbox 324 778 405 843; x_wconf 86' lang='lat' dir='ltr'><strong>adeo</strong></span> <span class='ocrx_word' id='word_1_33' title='bbox 420 782 536 844; x_wconf 86' lang='lat' dir='ltr'><strong>remoti</strong></span> <span class='ocrx_word' id='word_1_34' title='bbox 553 800 626 844; x_wconf 84' lang='lat' dir='ltr'><strong>esse</strong></span> <span class='ocrx_word' id='word_1_35' title='bbox 640 779 759 885; x_wconf 79' lang='lat' dir='ltr'><strong>debept</strong></span> <span class='ocrx_word' id='word_1_36' title='bbox 777 781 819 845; x_wconf 87' lang='lat' dir='ltr'><strong>ab</strong></span> <span class='ocrx_word' id='word_1_37' title='bbox 832 780 909 845; x_wconf 87' lang='lat' dir='ltr'><strong>aula</strong></span> <span class='ocrx_word' id='word_1_38' title='bbox 930 779 1116 845; x_wconf 81' lang='lat' dir='ltr'><strong>audientiae</strong></span> <span class='ocrx_word' id='word_1_39' title='bbox 1138 800 1180 845; x_wconf 92' lang='lat' dir='ltr'><strong>ne</strong></span> <span class='ocrx_word' id='word_1_40' title='bbox 1203 782 1456 865; x_wconf 87' lang='lat' dir='ltr'><strong>interrogatoria</strong></span> <span class='ocrx_word' id='word_1_41' title='bbox 1471 788 1504 845; x_wconf 86' lang='lat' dir='ltr'><strong>et</strong></span> 
     </span>
     <span class='ocr_line' id='line_1_6' title="bbox 325 876 1503 989; baseline 0.003 -23"><span class='ocrx_word' id='word_1_42' title='bbox 325 905 551 989; x_wconf 81' lang='lat' dir='ltr'><strong>responsiones</strong></span> <span class='ocrx_word' id='word_1_43' title='bbox 573 906 747 989; x_wconf 74' lang='lat' dir='ltr'><strong>percipere</strong></span> <span class='ocrx_word' id='word_1_44' title='bbox 768 905 911 978; x_wconf 81' lang='lat' dir='ltr'><strong>valeant,</strong></span> <span class='ocrx_word' id='word_1_45' title='bbox 943 876 977 970; x_wconf 75' lang='lat' dir='ltr'><strong>ut</strong></span> <span class='ocrx_word' id='word_1_46' title='bbox 1009 912 1086 989; x_wconf 89' lang='lat' dir='ltr'><strong>puta</strong></span> <span class='ocrx_word' id='word_1_47' title='bbox 1115 924 1214 969; x_wconf 88' lang='lat' dir='ltr'><strong>aures</strong></span> <span class='ocrx_word' id='word_1_48' title='bbox 1237 905 1373 969; x_wconf 85' lang='lat' dir='ltr'><strong>sollicite</strong></span> <span class='ocrx_word' id='word_1_49' title='bbox 1395 903 1503 969; x_wconf 90' lang='lat' dir='ltr'><strong>admo-</strong></span> 
     </span>
     <span class='ocr_line' id='line_1_7' title="bbox 324 1027 1501 1114; baseline 0.001 -24"><span class='ocrx_word' id='word_1_50' title='bbox 324 1027 429 1093; x_wconf 86' lang='lat' dir='ltr'><strong>vendo</strong></span> <span class='ocrx_word' id='word_1_51' title='bbox 453 1028 495 1093; x_wconf 86' lang='lat' dir='ltr'><strong>ad</strong></span> <span class='ocrx_word' id='word_1_52' title='bbox 516 1030 634 1096; x_wconf 90' lang='lat' dir='ltr'><strong>ostium</strong></span> <span class='ocrx_word' id='word_1_53' title='bbox 656 1028 771 1103; x_wconf 86' lang='lat' dir='ltr'><strong>aulae;</strong></span> <span class='ocrx_word' id='word_1_54' title='bbox 794 1048 866 1114; x_wconf 83' lang='lat' dir='ltr'><strong>arg.</strong></span> <span class='ocrx_word' id='word_1_55' title='bbox 891 1050 919 1095; x_wconf 89' lang='lat' dir='ltr'><strong>c.</strong></span> <span class='ocrx_word' id='word_1_56' title='bbox 944 1050 972 1095; x_wconf 90' lang='lat' dir='ltr'><strong>c.</strong></span> <span class='ocrx_word' id='word_1_57' title='bbox 998 1029 1190 1095; x_wconf 79' lang='lat' dir='ltr'><strong>Venerabili</strong></span> <span class='ocrx_word' id='word_1_58' title='bbox 1203 1028 1263 1095; x_wconf 82' lang='lat'><strong>52.</strong></span> <span class='ocrx_word' id='word_1_59' title='bbox 1284 1029 1335 1095; x_wconf 84' lang='lat' dir='ltr'><strong>De</strong></span> <span class='ocrx_word' id='word_1_60' title='bbox 1358 1034 1427 1094; x_wconf 84' lang='lat' dir='ltr'><strong>tesi.</strong></span> <span class='ocrx_word' id='word_1_61' title='bbox 1452 1028 1501 1093; x_wconf 84' lang='lat' dir='ltr'><strong>Cl.</strong></span> 
     </span>
     <span class='ocr_line' id='line_1_8' title="bbox 324 1150 1502 1239; baseline 0.002 -24"><span class='ocrx_word' id='word_1_62' title='bbox 324 1150 499 1237; x_wconf 85' lang='lat' dir='ltr'><strong>Fagnanns</strong></span> <span class='ocrx_word' id='word_1_63' title='bbox 519 1154 558 1219; x_wconf 85' lang='lat' dir='ltr'><strong>in</strong></span> <span class='ocrx_word' id='word_1_64' title='bbox 580 1158 685 1237; x_wconf 79' lang='lat' dir='ltr'><strong>ceput</strong></span> <span class='ocrx_word' id='word_1_65' title='bbox 708 1189 727 1201; x_wconf 93' lang='lat'><strong>·</strong></span> <span class='ocrx_word' id='word_1_66' title='bbox 751 1154 957 1219; x_wconf 74' lang='lat' dir='ltr'><strong>Audivimus</strong></span> <span class='ocrx_word' id='word_1_67' title='bbox 982 1190 1000 1203; x_wconf 93' lang='lat'><strong>·</strong></span> <span class='ocrx_word' id='word_1_68' title='bbox 1026 1154 1075 1219; x_wconf 86' lang='lat' dir='ltr'><strong>De</strong></span> <span class='ocrx_word' id='word_1_69' title='bbox 1096 1154 1193 1239; x_wconf 79' lang='lat' dir='ltr'><strong>reliq.</strong></span> <span class='ocrx_word' id='word_1_70' title='bbox 1214 1160 1246 1219; x_wconf 90' lang='lat' dir='ltr'><strong>et</strong></span> <span class='ocrx_word' id='word_1_71' title='bbox 1269 1174 1380 1220; x_wconf 78' lang='lat' dir='ltr'><strong>nemer.</strong></span> <span class='ocrx_word' id='word_1_72' title='bbox 1397 1158 1502 1220; x_wconf 81' lang='lat' dir='ltr'><strong>sanct.</strong></span> 
     </span>
     <span class='ocr_line' id='line_1_9' title="bbox 323 1278 479 1362; baseline 0.019 -21"><span class='ocrx_word' id='word_1_73' title='bbox 323 1296 355 1340; x_wconf 90' lang='lat' dir='ltr'><strong>n.</strong></span> <span class='ocrx_word' id='word_1_74' title='bbox 384 1278 407 1344; x_wconf 87' lang='lat'>5</span> <span class='ocrx_word' id='word_1_75' title='bbox 431 1298 479 1362; x_wconf 85' lang='lat' dir='ltr'><strong>sq.</strong></span> 
     </span>
    </p>

    <p class='ocr_par' dir='ltr' id='par_1_3' title="bbox 317 1404 1503 3235">
     <span class='ocr_line' id='line_1_10' title="bbox 411 1404 1503 1493; baseline -0.001 -22"><span class='ocrx_word' id='word_1_76' title='bbox 411 1406 446 1487; x_wconf 81' lang='lat'><strong>5)</strong></span> <span class='ocrx_word' id='word_1_77' title='bbox 471 1405 577 1469; x_wconf 78' lang='lat' dir='ltr'><strong>&#39;l&#39;estis</strong></span> <span class='ocrx_word' id='word_1_78' title='bbox 604 1412 681 1471; x_wconf 88' lang='lat' dir='ltr'><strong>ante</strong></span> <span class='ocrx_word' id='word_1_79' title='bbox 705 1408 932 1491; x_wconf 84' lang='lat' dir='ltr'><strong>responsiones</strong></span> <span class='ocrx_word' id='word_1_80' title='bbox 955 1406 1163 1493; x_wconf 85' lang='lat' dir='ltr'><strong>excipiendas</strong></span> <span class='ocrx_word' id='word_1_81' title='bbox 1190 1408 1315 1471; x_wconf 90' lang='lat' dir='ltr'><strong>moneri</strong></span> <span class='ocrx_word' id='word_1_82' title='bbox 1341 1404 1436 1471; x_wconf 89' lang='lat' dir='ltr'><strong>debet</strong></span> <span class='ocrx_word' id='word_1_83' title='bbox 1462 1404 1503 1470; x_wconf 89' lang='lat' dir='ltr'><strong>de</strong></span> 
     </span>
     <span class='ocr_line' id='line_1_11' title="bbox 323 1529 1502 1616; baseline 0 -22"><span class='ocrx_word' id='word_1_84' title='bbox 323 1532 416 1616; x_wconf 84' lang='lat' dir='ltr'><strong>gravi</strong></span> <span class='ocrx_word' id='word_1_85' title='bbox 438 1530 634 1616; x_wconf 82' lang='lat' dir='ltr'><strong>obligatione</strong></span> <span class='ocrx_word' id='word_1_86' title='bbox 657 1530 780 1597; x_wconf 81' lang='lat' dir='ltr'><strong>fatendi</strong></span> <span class='ocrx_word' id='word_1_87' title='bbox 804 1532 994 1607; x_wconf 67' lang='lat' dir='ltr'><strong>veritatem</strong></span> <span class='ocrx_word' id='word_1_88' title='bbox 1017 1538 1085 1595; x_wconf 90' lang='lat' dir='ltr'><strong>tum</strong></span> <span class='ocrx_word' id='word_1_89' title='bbox 1108 1530 1148 1596; x_wconf 95' lang='lat' dir='ltr'><strong>ob</strong></span> <span class='ocrx_word' id='word_1_90' title='bbox 1173 1531 1354 1596; x_wconf 88' lang='lat' dir='ltr'><strong>naturalem</strong></span> <span class='ocrx_word' id='word_1_91' title='bbox 1383 1529 1502 1613; x_wconf 87' lang='lat' dir='ltr'><strong>obliga·</strong></span> 
     </span>
     <span class='ocr_line' id='line_1_12' title="bbox 321 1656 1501 1741; baseline -0.001 -21"><span class='ocrx_word' id='word_1_92' title='bbox 321 1658 452 1737; x_wconf 89' lang='lat' dir='ltr'><strong>tionem,</strong></span> <span class='ocrx_word' id='word_1_93' title='bbox 465 1661 532 1721; x_wconf 89' lang='lat' dir='ltr'><strong>tum</strong></span> <span class='ocrx_word' id='word_1_94' title='bbox 544 1659 685 1723; x_wconf 83' lang='lat' dir='ltr'><strong>maxime</strong></span> <span class='ocrx_word' id='word_1_95' title='bbox 696 1656 737 1721; x_wconf 92' lang='lat' dir='ltr'><strong>ob</strong></span> <span class='ocrx_word' id='word_1_96' title='bbox 752 1659 958 1724; x_wconf 81' lang='lat' dir='ltr'><strong>sanctitatem</strong></span> <span class='ocrx_word' id='word_1_97' title='bbox 974 1661 1007 1721; x_wconf 88' lang='lat' dir='ltr'><strong>et</strong></span> <span class='ocrx_word' id='word_1_98' title='bbox 1022 1658 1213 1741; x_wconf 79' lang='lat' dir='ltr'><strong>religionem</strong></span> <span class='ocrx_word' id='word_1_99' title='bbox 1224 1657 1399 1721; x_wconf 81' lang='lat' dir='ltr'><strong>iuramenti</strong></span> <span class='ocrx_word' id='word_1_100' title='bbox 1411 1672 1501 1740; x_wconf 79' lang='lat' dir='ltr'><strong>prae</strong></span> 
     </span>
     <span class='ocr_line' id='line_1_13' title="bbox 321 1781 1502 1867; baseline -0.003 -20"><span class='ocrx_word' id='word_1_101' title='bbox 321 1781 426 1848; x_wconf 85' lang='lat' dir='ltr'><strong>standi</strong></span> <span class='ocrx_word' id='word_1_102' title='bbox 449 1787 585 1847; x_wconf 87' lang='lat' dir='ltr'><strong>ateste.</strong></span> <span class='ocrx_word' id='word_1_103' title='bbox 601 1817 621 1829; x_wconf 95' lang='lat'>-</span> <span class='ocrx_word' id='word_1_104' title='bbox 643 1782 867 1848; x_wconf 86' lang='lat' dir='ltr'><strong>loramentum</strong></span> <span class='ocrx_word' id='word_1_105' title='bbox 890 1784 1050 1867; x_wconf 87' lang='lat' dir='ltr'><strong>praestari</strong></span> <span class='ocrx_word' id='word_1_106' title='bbox 1074 1781 1170 1847; x_wconf 90' lang='lat' dir='ltr'><strong>debet</strong></span> <span class='ocrx_word' id='word_1_107' title='bbox 1192 1784 1225 1846; x_wconf 89' lang='lat' dir='ltr'><strong>in</strong></span> <span class='ocrx_word' id='word_1_108' title='bbox 1246 1783 1404 1866; x_wconf 89' lang='lat' dir='ltr'><strong>principio</strong></span> <span class='ocrx_word' id='word_1_109' title='bbox 1427 1798 1502 1845; x_wconf 81' lang='lat' dir='ltr'><strong>exa·</strong></span> 
     </span>
     <span class='ocr_line' id='line_1_14' title="bbox 321 1906 1500 1991; baseline 0.003 -21"><span class='ocrx_word' id='word_1_110' title='bbox 321 1908 416 1971; x_wconf 89' lang='lat' dir='ltr'><strong>minis</strong></span> <span class='ocrx_word' id='word_1_111' title='bbox 439 1912 537 1971; x_wconf 83' lang='lat' dir='ltr'><strong>otest</strong></span> <span class='ocrx_word' id='word_1_112' title='bbox 559 1908 776 1975; x_wconf 87' lang='lat' dir='ltr'><strong>iuramentum</strong></span> <span class='ocrx_word' id='word_1_113' title='bbox 794 1907 1061 1991; x_wconf 79' lang='lat' dir='ltr'><strong>promissorium</strong></span> <span class='ocrx_word' id='word_1_114' title='bbox 1076 1926 1134 1971; x_wconf 91' lang='lat' dir='ltr'><strong>seu</strong></span> <span class='ocrx_word' id='word_1_115' title='bbox 1150 1906 1190 1971; x_wconf 89' lang='lat' dir='ltr'><strong>de</strong></span> <span class='ocrx_word' id='word_1_116' title='bbox 1205 1908 1345 1972; x_wconf 85' lang='lat' dir='ltr'><strong>veritate</strong></span> <span class='ocrx_word' id='word_1_117' title='bbox 1363 1906 1500 1973; x_wconf 88' lang='lat' dir='ltr'><strong>dicenda</strong></span> 
     </span>
     <span class='ocr_line' id='line_1_15' title="bbox 321 2030 1499 2118; baseline 0.002 -23"><span class='ocrx_word' id='word_1_118' title='bbox 321 2030 405 2114; x_wconf 89' lang='lat' dir='ltr'><strong>quod</strong></span> <span class='ocrx_word' id='word_1_119' title='bbox 420 2030 520 2096; x_wconf 85' lang='lat' dir='ltr'><strong>semel</strong></span> <span class='ocrx_word' id='word_1_120' title='bbox 544 2037 714 2115; x_wconf 86' lang='lat' dir='ltr'><strong>praestare</strong></span> <span class='ocrx_word' id='word_1_121' title='bbox 729 2030 858 2098; x_wconf 85' lang='lat' dir='ltr'><strong>sufficit.</strong></span> <span class='ocrx_word' id='word_1_122' title='bbox 877 2032 939 2099; x_wconf 87' lang='lat' dir='ltr'><strong>Sed</strong></span> <span class='ocrx_word' id='word_1_123' title='bbox 955 2033 982 2097; x_wconf 89' lang='lat' dir='ltr'><strong>si</strong></span> <span class='ocrx_word' id='word_1_124' title='bbox 999 2033 1108 2118; x_wconf 88' lang='lat' dir='ltr'><strong>vigeat</strong></span> <span class='ocrx_word' id='word_1_125' title='bbox 1131 2030 1328 2098; x_wconf 87' lang='lat' dir='ltr'><strong>consuetudo</strong></span> <span class='ocrx_word' id='word_1_126' title='bbox 1348 2031 1499 2117; x_wconf 85' lang='lat' dir='ltr'><strong>exigendi</strong></span> 
     </span>
     <span class='ocr_line' id='line_1_16' title="bbox 321 2154 1498 2240; baseline 0 -20"><span class='ocrx_word' id='word_1_127' title='bbox 321 2157 537 2220; x_wconf 87' lang='lat' dir='ltr'><strong>iuramentum</strong></span> <span class='ocrx_word' id='word_1_128' title='bbox 560 2154 664 2220; x_wconf 84' lang='lat' dir='ltr'><strong>etium</strong></span> <span class='ocrx_word' id='word_1_129' title='bbox 687 2162 760 2240; x_wconf 82' lang='lat' dir='ltr'><strong>post</strong></span> <span class='ocrx_word' id='word_1_130' title='bbox 782 2156 901 2221; x_wconf 82' lang='lat' dir='ltr'><strong>iactam</strong></span> <span class='ocrx_word' id='word_1_131' title='bbox 925 2158 1174 2227; x_wconf 87' lang='lat' dir='ltr'><strong>attestationem,</strong></span> <span class='ocrx_word' id='word_1_132' title='bbox 1194 2155 1277 2221; x_wconf 88' lang='lat' dir='ltr'><strong>baec</strong></span> <span class='ocrx_word' id='word_1_133' title='bbox 1300 2155 1498 2223; x_wconf 88' lang='lat' dir='ltr'><strong>consuetudo</strong></span> 
     </span>
     <span class='ocr_line' id='line_1_17' title="bbox 321 2278 1499 2364; baseline 0.002 -23"><span class='ocrx_word' id='word_1_134' title='bbox 321 2284 459 2344; x_wconf 89' lang='lat' dir='ltr'><strong>nonest</strong></span> <span class='ocrx_word' id='word_1_135' title='bbox 485 2278 708 2364; x_wconf 77' lang='lat' dir='ltr'><strong>reprobanda3</strong></span> <span class='ocrx_word' id='word_1_136' title='bbox 737 2278 890 2345; x_wconf 88' lang='lat' dir='ltr'><strong>adiicitur</strong></span> <span class='ocrx_word' id='word_1_137' title='bbox 921 2281 1007 2344; x_wconf 90' lang='lat' dir='ltr'><strong>enim</strong></span> <span class='ocrx_word' id='word_1_138' title='bbox 1037 2280 1251 2343; x_wconf 87' lang='lat' dir='ltr'><strong>iuramentum</strong></span> <span class='ocrx_word' id='word_1_139' title='bbox 1276 2280 1499 2345; x_wconf 72' lang='lat' dir='ltr'><strong>assertomum</strong></span> 
     </span>
     <span class='ocr_line' id='line_1_18' title="bbox 320 2401 1498 2487; baseline 0.001 -19"><span class='ocrx_word' id='word_1_140' title='bbox 320 2401 515 2469; x_wconf 82' lang='lat' dir='ltr'><strong>confirmans</strong></span> <span class='ocrx_word' id='word_1_141' title='bbox 527 2404 698 2470; x_wconf 87' lang='lat' dir='ltr'><strong>veritatem</strong></span> <span class='ocrx_word' id='word_1_142' title='bbox 713 2403 883 2475; x_wconf 81' lang='lat' dir='ltr'><strong>dictorum,</strong></span> <span class='ocrx_word' id='word_1_143' title='bbox 896 2424 980 2487; x_wconf 88' lang='lat' dir='ltr'><strong>quae</strong></span> <span class='ocrx_word' id='word_1_144' title='bbox 995 2403 1175 2469; x_wconf 88' lang='lat' dir='ltr'><strong>distinctius</strong></span> <span class='ocrx_word' id='word_1_145' title='bbox 1190 2402 1406 2469; x_wconf 86' lang='lat' dir='ltr'><strong>observantur</strong></span> <span class='ocrx_word' id='word_1_146' title='bbox 1421 2414 1498 2469; x_wconf 89' lang='lat' dir='ltr'><strong>ante</strong></span> 
     </span>
     <span class='ocr_line' id='line_1_19' title="bbox 320 2527 1498 2614; baseline -0.001 -21"><span class='ocrx_word' id='word_1_147' title='bbox 320 2527 430 2593; x_wconf 90' lang='lat' dir='ltr'><strong>oculos</strong></span> <span class='ocrx_word' id='word_1_148' title='bbox 452 2528 638 2614; x_wconf 87' lang='lat' dir='ltr'><strong>testispost</strong></span> <span class='ocrx_word' id='word_1_149' title='bbox 661 2527 817 2594; x_wconf 88' lang='lat' dir='ltr'><strong>redditam</strong></span> <span class='ocrx_word' id='word_1_150' title='bbox 841 2528 1090 2596; x_wconf 85' lang='lat' dir='ltr'><strong>attestationem.</strong></span> <span class='ocrx_word' id='word_1_151' title='bbox 1116 2563 1135 2576; x_wconf 93' lang='lat'><em>-</em></span> <span class='ocrx_word' id='word_1_152' title='bbox 1159 2528 1193 2594; x_wconf 88' lang='lat' dir='ltr'><strong>Si</strong></span> <span class='ocrx_word' id='word_1_153' title='bbox 1219 2545 1300 2593; x_wconf 83' lang='lat' dir='ltr'><strong>vero</strong></span> <span class='ocrx_word' id='word_1_154' title='bbox 1322 2530 1498 2612; x_wconf 83' lang='lat' dir='ltr'><strong>quaeratur</strong></span> 
     </span>
     <span class='ocr_line' id='line_1_20' title="bbox 319 2650 1497 2738; baseline 0.001 -21"><span class='ocrx_word' id='word_1_155' title='bbox 319 2673 361 2717; x_wconf 89' lang='lat' dir='ltr'><strong>an</strong></span> <span class='ocrx_word' id='word_1_156' title='bbox 384 2654 427 2718; x_wconf 84' lang='lat' dir='ltr'><strong>sit</strong></span> <span class='ocrx_word' id='word_1_157' title='bbox 447 2653 593 2738; x_wconf 83' lang='lat' dir='ltr'><strong>legitime</strong></span> <span class='ocrx_word' id='word_1_158' title='bbox 614 2653 779 2720; x_wconf 85' lang='lat' dir='ltr'><strong>attestatio</strong></span> <span class='ocrx_word' id='word_1_159' title='bbox 802 2673 822 2718; x_wconf 90' lang='lat' dir='ltr'><strong>a</strong></span> <span class='ocrx_word' id='word_1_160' title='bbox 845 2658 929 2719; x_wconf 88' lang='lat' dir='ltr'><strong>teste</strong></span> <span class='ocrx_word' id='word_1_161' title='bbox 960 2650 1152 2719; x_wconf 84' lang='lat' dir='ltr'><strong>confirmatu</strong></span> <span class='ocrx_word' id='word_1_162' title='bbox 1182 2657 1307 2718; x_wconf 84' lang='lat' dir='ltr'><strong>tantum</strong></span> <span class='ocrx_word' id='word_1_163' title='bbox 1330 2672 1391 2737; x_wconf 89' lang='lat' dir='ltr'><strong>per</strong></span> <span class='ocrx_word' id='word_1_164' title='bbox 1413 2653 1497 2718; x_wconf 91' lang='lat' dir='ltr'><strong>iura·</strong></span> 
     </span>
     <span class='ocr_line' id='line_1_21' title="bbox 319 2777 1495 2864; baseline 0 -22"><span class='ocrx_word' id='word_1_165' title='bbox 319 2782 460 2842; x_wconf 88' lang='lat' dir='ltr'><strong>mentum</strong></span> <span class='ocrx_word' id='word_1_166' title='bbox 484 2778 716 2845; x_wconf 80' lang='lat' dir='ltr'><strong>assertorium.</strong></span> <span class='ocrx_word' id='word_1_167' title='bbox 740 2777 985 2863; x_wconf 86' lang='lat' dir='ltr'><strong>distinguendus</strong></span> <span class='ocrx_word' id='word_1_168' title='bbox 1001 2785 1050 2844; x_wconf 86' lang='lat' dir='ltr'><strong>est</strong></span> <span class='ocrx_word' id='word_1_169' title='bbox 1066 2778 1185 2864; x_wconf 87' lang='lat' dir='ltr'><strong>duplex</strong></span> <span class='ocrx_word' id='word_1_170' title='bbox 1198 2797 1307 2845; x_wconf 72' lang='lat' dir='ltr'><strong>curm.</strong></span> <span class='ocrx_word' id='word_1_171' title='bbox 1324 2813 1339 2826; x_wconf 94' lang='lat'><strong>·</strong></span> <span class='ocrx_word' id='word_1_172' title='bbox 1357 2777 1390 2843; x_wconf 90' lang='lat' dir='ltr'><strong>Si</strong></span> <span class='ocrx_word' id='word_1_173' title='bbox 1406 2779 1495 2844; x_wconf 85' lang='lat' dir='ltr'><strong>testis</strong></span> 
     </span>
     <span class='ocr_line' id='line_1_22' title="bbox 319 2900 1497 2987; baseline 0.001 -22"><span class='ocrx_word' id='word_1_174' title='bbox 319 2900 482 2966; x_wconf 84' lang='lat' dir='ltr'><strong>nesciebat</strong></span> <span class='ocrx_word' id='word_1_175' title='bbox 505 2921 580 2967; x_wconf 85' lang='lat' dir='ltr'><strong>snas</strong></span> <span class='ocrx_word' id='word_1_176' title='bbox 602 2903 829 2987; x_wconf 87' lang='lat' dir='ltr'><strong>responsiones</strong></span> <span class='ocrx_word' id='word_1_177' title='bbox 854 2908 967 2987; x_wconf 88' lang='lat' dir='ltr'><strong>postea</strong></span> <span class='ocrx_word' id='word_1_178' title='bbox 991 2923 1027 2968; x_wconf 88' lang='lat' dir='ltr'><strong>se</strong></span> <span class='ocrx_word' id='word_1_179' title='bbox 1049 2901 1315 2968; x_wconf 86' lang='lat' dir='ltr'><strong>confirmaturum</strong></span> <span class='ocrx_word' id='word_1_180' title='bbox 1339 2921 1411 2968; x_wconf 88' lang='lat' dir='ltr'><strong>esse</strong></span> <span class='ocrx_word' id='word_1_181' title='bbox 1438 2920 1497 2986; x_wconf 91' lang='lat' dir='ltr'><strong>per</strong></span> 
     </span>
     <span class='ocr_line' id='line_1_23' title="bbox 317 3023 1494 3112; baseline -0.001 -22"><span class='ocrx_word' id='word_1_182' title='bbox 317 3027 542 3107; x_wconf 87' lang='lat' dir='ltr'><strong>iuramentum,</strong></span> <span class='ocrx_word' id='word_1_183' title='bbox 555 3026 717 3091; x_wconf 84' lang='lat' dir='ltr'><strong>attestatio</strong></span> <span class='ocrx_word' id='word_1_184' title='bbox 733 3032 860 3092; x_wconf 89' lang='lat' dir='ltr'><strong>nonest</strong></span> <span class='ocrx_word' id='word_1_185' title='bbox 874 3027 1030 3112; x_wconf 78' lang='lat' dir='ltr'><strong>legitima,</strong></span> <span class='ocrx_word' id='word_1_186' title='bbox 1044 3028 1119 3110; x_wconf 89' lang='lat' dir='ltr'><strong>quia</strong></span> <span class='ocrx_word' id='word_1_187' title='bbox 1134 3023 1267 3091; x_wconf 81' lang='lat' dir='ltr'><strong>difficile</strong></span> <span class='ocrx_word' id='word_1_188' title='bbox 1278 3032 1338 3106; x_wconf 87' lang='lat' dir='ltr'><strong>est,</strong></span> <span class='ocrx_word' id='word_1_189' title='bbox 1354 3026 1494 3110; x_wconf 89' lang='lat' dir='ltr'><strong>aliquem</strong></span> 
     </span>
     <span class='ocr_line' id='line_1_24' title="bbox 317 3149 1496 3235; baseline -0.001 -21"><span class='ocrx_word' id='word_1_190' title='bbox 317 3151 404 3215; x_wconf 86' lang='lat' dir='ltr'><strong>velle</strong></span> <span class='ocrx_word' id='word_1_191' title='bbox 426 3151 531 3235; x_wconf 91' lang='lat' dir='ltr'><strong>potius</strong></span> <span class='ocrx_word' id='word_1_192' title='bbox 554 3149 695 3235; x_wconf 88' lang='lat' dir='ltr'><strong>prodere</strong></span> <span class='ocrx_word' id='word_1_193' title='bbox 718 3169 811 3216; x_wconf 89' lang='lat' dir='ltr'><strong>suum</strong></span> <span class='ocrx_word' id='word_1_194' title='bbox 834 3149 1038 3216; x_wconf 88' lang='lat' dir='ltr'><strong>mendacium</strong></span> <span class='ocrx_word' id='word_1_195' title='bbox 1062 3168 1158 3234; x_wconf 91' lang='lat' dir='ltr'><strong>quam</strong></span> <span class='ocrx_word' id='word_1_196' title='bbox 1182 3151 1343 3235; x_wconf 89' lang='lat' dir='ltr'><strong>peierare.</strong></span> <span class='ocrx_word' id='word_1_197' title='bbox 1361 3151 1393 3216; x_wconf 90' lang='lat' dir='ltr'><strong>Si</strong></span> <span class='ocrx_word' id='word_1_198' title='bbox 1416 3167 1496 3214; x_wconf 87' lang='lat' dir='ltr'><strong>vero</strong></span> 
     </span>
    </p>
   </div>
   <div class='ocr_carea' id='block_1_3' title="bbox 315 3272 1496 3984">
    <p class='ocr_par' dir='ltr' id='par_1_4' title="bbox 315 3272 1496 3984">
     <span class='ocr_line' id='line_1_25' title="bbox 318 3272 1495 3361; baseline -0.002 -20"><span class='ocrx_word' id='word_1_199' title='bbox 318 3278 409 3341; x_wconf 85' lang='lat' dir='ltr'><strong>testis</strong></span> <span class='ocrx_word' id='word_1_200' title='bbox 421 3272 521 3361; x_wconf 88' lang='lat' dir='ltr'><strong>probe</strong></span> <span class='ocrx_word' id='word_1_201' title='bbox 533 3272 751 3359; x_wconf 83' lang='lat' dir='ltr'><strong>cognoscebat</strong></span> <span class='ocrx_word' id='word_1_202' title='bbox 764 3274 993 3360; x_wconf 81' lang='lat' dir='ltr'><strong>obligationem</strong></span> <span class='ocrx_word' id='word_1_203' title='bbox 1006 3274 1142 3341; x_wconf 88' lang='lat' dir='ltr'><strong>addendi</strong></span> <span class='ocrx_word' id='word_1_204' title='bbox 1159 3277 1374 3341; x_wconf 88' lang='lat' dir='ltr'><strong>iuramentum</strong></span> <span class='ocrx_word' id='word_1_205' title='bbox 1390 3292 1495 3340; x_wconf 80' lang='lat' dir='ltr'><strong>usser-</strong></span> 
     </span>
     <span class='ocr_line' id='line_1_26' title="bbox 315 3399 1496 3484; baseline -0.001 -19"><span class='ocrx_word' id='word_1_206' title='bbox 315 3402 444 3481; x_wconf 87' lang='lat' dir='ltr'><strong>torinm,</strong></span> <span class='ocrx_word' id='word_1_207' title='bbox 459 3401 622 3466; x_wconf 83' lang='lat' dir='ltr'><strong>attestatio</strong></span> <span class='ocrx_word' id='word_1_208' title='bbox 638 3400 734 3484; x_wconf 87' lang='lat' dir='ltr'><strong>pleno</strong></span> <span class='ocrx_word' id='word_1_209' title='bbox 748 3399 846 3466; x_wconf 86' lang='lat' dir='ltr'><strong>valet.</strong></span> <span class='ocrx_word' id='word_1_210' title='bbox 861 3436 875 3448; x_wconf 96' lang='lat'>-</span> <span class='ocrx_word' id='word_1_211' title='bbox 889 3401 936 3466; x_wconf 86' lang='lat' dir='ltr'><strong>Cf.</strong></span> <span class='ocrx_word' id='word_1_212' title='bbox 955 3421 984 3468; x_wconf 86' lang='lat' dir='ltr'><strong>c.</strong></span> <span class='ocrx_word' id='word_1_213' title='bbox 996 3421 1022 3466; x_wconf 93' lang='lat' dir='ltr'><strong>c.</strong></span> <span class='ocrx_word' id='word_1_214' title='bbox 1039 3400 1088 3473; x_wconf 83' lang='lat'><strong>17,</strong></span> <span class='ocrx_word' id='word_1_215' title='bbox 1102 3401 1162 3482; x_wconf 80' lang='lat'><strong>29,</strong></span> <span class='ocrx_word' id='word_1_216' title='bbox 1175 3399 1235 3481; x_wconf 87' lang='lat'><strong>39,</strong></span> <span class='ocrx_word' id='word_1_217' title='bbox 1247 3401 1304 3473; x_wconf 79' lang='grc'><strong>47,</strong></span> <span class='ocrx_word' id='word_1_218' title='bbox 1320 3400 1496 3465; x_wconf 76' lang='lat' dir='ltr'><strong>Delectat</strong></span> 
     </span>
     <span class='ocr_line' id='line_1_27' title="bbox 317 3522 1496 3611; baseline -0.001 -19"><span class='ocrx_word' id='word_1_219' title='bbox 317 3529 423 3592; x_wconf 83' lang='lat' dir='ltr'><strong>ottest.</strong></span> <span class='ocrx_word' id='word_1_220' title='bbox 436 3525 471 3589; x_wconf 87' lang='grc' dir='ltr'><em>Χ</em></span> <span class='ocrx_word' id='word_1_221' title='bbox 483 3522 540 3611; x_wconf 85' lang='grc' dir='ltr'>(ΙΙ,</span> <span class='ocrx_word' id='word_1_222' title='bbox 556 3523 623 3609; x_wconf 79' lang='lat'><strong>20).</strong></span> <span class='ocrx_word' id='word_1_223' title='bbox 647 3523 918 3610; x_wconf 87' lang='lat' dir='ltr'><strong>Quotiescumque</strong></span> <span class='ocrx_word' id='word_1_224' title='bbox 933 3545 1013 3591; x_wconf 91' lang='lat' dir='ltr'><strong>vero</strong></span> <span class='ocrx_word' id='word_1_225' title='bbox 1036 3527 1108 3610; x_wconf 89' lang='lat' dir='ltr'><strong>qnis</strong></span> <span class='ocrx_word' id='word_1_226' title='bbox 1131 3530 1187 3591; x_wconf 87' lang='lat' dir='ltr'><strong>aut</strong></span> <span class='ocrx_word' id='word_1_227' title='bbox 1209 3527 1321 3592; x_wconf 87' lang='lat' dir='ltr'><strong>iurare</strong></span> <span class='ocrx_word' id='word_1_228' title='bbox 1344 3523 1425 3592; x_wconf 89' lang='lat' dir='ltr'><strong>nolit</strong></span> <span class='ocrx_word' id='word_1_229' title='bbox 1439 3530 1496 3591; x_wconf 88' lang='lat' dir='ltr'><strong>aut</strong></span> 
     </span>
     <span class='ocr_line' id='line_1_28' title="bbox 316 3639 1495 3736; baseline -0.001 -20"><span class='ocrx_word' id='word_1_230' title='bbox 316 3672 337 3716; x_wconf 88' lang='lat' dir='ltr'><strong>a</strong></span> <span class='ocrx_word' id='word_1_231' title='bbox 360 3648 465 3716; x_wconf 89' lang='lat' dir='ltr'><strong>iudice</strong></span> <span class='ocrx_word' id='word_1_232' title='bbox 487 3649 529 3714; x_wconf 85' lang='lat' dir='ltr'><strong>ad</strong></span> <span class='ocrx_word' id='word_1_233' title='bbox 550 3639 767 3718; x_wconf 84' lang='lat' dir='ltr'><strong>iuramentum</strong></span> <span class='ocrx_word' id='word_1_234' title='bbox 790 3670 855 3715; x_wconf 92' lang='lat' dir='ltr'><strong>non</strong></span> <span class='ocrx_word' id='word_1_235' title='bbox 879 3651 920 3716; x_wconf 85' lang='lat' dir='ltr'><strong>sit</strong></span> <span class='ocrx_word' id='word_1_236' title='bbox 941 3649 1167 3722; x_wconf 85' lang='lat' dir='ltr'><strong>admittendus,</strong></span> <span class='ocrx_word' id='word_1_237' title='bbox 1185 3652 1276 3716; x_wconf 77' lang='lat' dir='ltr'><strong>iuxta</strong></span> <span class='ocrx_word' id='word_1_238' title='bbox 1291 3651 1377 3717; x_wconf 82' lang='lat' dir='ltr'><strong>dicta</strong></span> <span class='ocrx_word' id='word_1_239' title='bbox 1399 3669 1495 3736; x_wconf 87' lang='lat' dir='ltr'><strong>supe·</strong></span> 
     </span>
     <span class='ocr_line' id='line_1_29' title="bbox 316 3775 1494 3862; baseline -0.002 -20"><span class='ocrx_word' id='word_1_240' title='bbox 316 3779 394 3851; x_wconf 90' lang='lat' dir='ltr'><strong>rius,</strong></span> <span class='ocrx_word' id='word_1_241' title='bbox 418 3781 507 3862; x_wconf 83' lang='lat' dir='ltr'><strong>patet</strong></span> <span class='ocrx_word' id='word_1_242' title='bbox 529 3778 598 3841; x_wconf 87' lang='lat' dir='ltr'><strong>eius</strong></span> <span class='ocrx_word' id='word_1_243' title='bbox 624 3776 863 3842; x_wconf 86' lang='lat' dir='ltr'><strong>attestationem</strong></span> <span class='ocrx_word' id='word_1_244' title='bbox 893 3775 1073 3841; x_wconf 86' lang='lat' dir='ltr'><strong>habendam</strong></span> <span class='ocrx_word' id='word_1_245' title='bbox 1102 3794 1174 3841; x_wconf 86' lang='lat' dir='ltr'><strong>esso</strong></span> <span class='ocrx_word' id='word_1_246' title='bbox 1200 3776 1300 3842; x_wconf 86' lang='lat' dir='ltr'><strong>veluti</strong></span> <span class='ocrx_word' id='word_1_247' title='bbox 1327 3775 1494 3843; x_wconf 81' lang='lat' dir='ltr'><strong>indicium</strong></span> 
     </span>
     <span class='ocr_line' id='line_1_30' title="bbox 317 3899 984 3984; baseline -0.004 -18"><span class='ocrx_word' id='word_1_248' title='bbox 317 3921 373 3966; x_wconf 90' lang='lat' dir='ltr'><strong>seu</strong></span> <span class='ocrx_word' id='word_1_249' title='bbox 393 3900 711 3984; x_wconf 79' lang='lat' dir='ltr'><strong>praesumptionem</strong></span> <span class='ocrx_word' id='word_1_250' title='bbox 734 3899 905 3984; x_wconf 85' lang='lat' dir='ltr'><strong>qnamdam</strong></span> <span class='ocrx_word' id='word_1_251' title='bbox 928 3899 984 3984; x_wconf 88' lang='lat' dir='ltr'><strong>(l).</strong></span> 
     </span>
    </p>
   </div>
   <div class='ocr_carea' id='block_1_4' title="bbox 302 4091 1494 4482">
    <p class='ocr_par' dir='ltr' id='par_1_5' title="bbox 302 4091 1494 4482">
     <span class='ocr_line' id='line_1_31' title="bbox 411 4091 1494 4164; baseline -0.001 -17"><span class='ocrx_word' id='word_1_252' title='bbox 411 4096 451 4164; x_wconf 81' lang='lat' dir='ltr'><strong>(l)</strong></span> <span class='ocrx_word' id='word_1_253' title='bbox 470 4095 659 4148; x_wconf 82' lang='lat' dir='ltr'><strong>iuramentum</strong></span> <span class='ocrx_word' id='word_1_254' title='bbox 678 4097 774 4148; x_wconf 83' lang='lat' dir='ltr'><strong>antem</strong></span> <span class='ocrx_word' id='word_1_255' title='bbox 793 4093 964 4162; x_wconf 88' lang='lat' dir='ltr'><strong>intelligitur</strong></span> <span class='ocrx_word' id='word_1_256' title='bbox 982 4095 1145 4164; x_wconf 69' lang='lat' dir='ltr'><strong>personale,</strong></span> <span class='ocrx_word' id='word_1_257' title='bbox 1164 4095 1205 4147; x_wconf 86' lang='lat' dir='ltr'><strong>ait</strong></span> <span class='ocrx_word' id='word_1_258' title='bbox 1231 4093 1305 4147; x_wconf 91' lang='lat' dir='ltr'><strong>enim</strong></span> <span class='ocrx_word' id='word_1_259' title='bbox 1325 4091 1418 4146; x_wconf 85' lang='lat' dir='ltr'><strong>Consi.</strong></span> <span class='ocrx_word' id='word_1_260' title='bbox 1432 4091 1494 4146; x_wconf 86' lang='lat' dir='ltr'><strong>Cle·</strong></span> 
     </span>
     <span class='ocr_line' id='line_1_32' title="bbox 302 4197 1494 4264; baseline -0.004 -12"><span class='ocrx_word' id='word_1_261' title='bbox 302 4201 443 4261; x_wconf 67' lang='lat' dir='ltr'><strong>‚mentinu</strong></span> <span class='ocrx_word' id='word_1_262' title='bbox 459 4201 535 4255; x_wconf 79' lang='lat' dir='ltr'><strong>inter</strong></span> <span class='ocrx_word' id='word_1_263' title='bbox 549 4200 682 4254; x_wconf 76' lang='lat' dir='ltr'><strong>clement.</strong></span> <span class='ocrx_word' id='word_1_264' title='bbox 698 4199 721 4264; x_wconf 83' lang='lat'><strong>1,</strong></span> <span class='ocrx_word' id='word_1_265' title='bbox 742 4199 832 4253; x_wconf 84' lang='lat' dir='ltr'><strong>Porro</strong></span> <span class='ocrx_word' id='word_1_266' title='bbox 843 4227 857 4239; x_wconf 93' lang='lat'><strong>·</strong></span> <span class='ocrx_word' id='word_1_267' title='bbox 870 4199 910 4253; x_wconf 85' lang='lat' dir='ltr'><strong>De</strong></span> <span class='ocrx_word' id='word_1_268' title='bbox 928 4200 1078 4254; x_wconf 79' lang='lat' dir='ltr'><strong>haereticis</strong></span> <span class='ocrx_word' id='word_1_269' title='bbox 1091 4217 1107 4252; x_wconf 75' lang='lat' dir='ltr'><strong>e</strong></span> <span class='ocrx_word' id='word_1_270' title='bbox 1123 4200 1260 4254; x_wconf 79' lang='lat' dir='ltr'><strong>lumbum</strong></span> <span class='ocrx_word' id='word_1_271' title='bbox 1278 4201 1315 4252; x_wconf 86' lang='lat' dir='ltr'><strong>ad</strong></span> <span class='ocrx_word' id='word_1_272' title='bbox 1333 4207 1429 4252; x_wconf 80' lang='lat' dir='ltr'><strong>sancta</strong></span> <span class='ocrx_word' id='word_1_273' title='bbox 1442 4197 1494 4249; x_wconf 84' lang='lat' dir='ltr'><strong>Dei</strong></span> 
     </span>
     <span class='ocr_line' id='line_1_33' title="bbox 315 4305 1490 4379; baseline -0.003 -17"><span class='ocrx_word' id='word_1_274' title='bbox 315 4309 462 4378; x_wconf 72' lang='lat' dir='ltr'><strong>euangelia</strong></span> <span class='ocrx_word' id='word_1_275' title='bbox 480 4307 667 4379; x_wconf 74' lang='lat' dir='ltr'><strong>corporaliter</strong></span> <span class='ocrx_word' id='word_1_276' title='bbox 685 4305 1037 4368; x_wconf 78' lang='lat' dir='ltr'><strong>asetacta».Qua1-enon</strong></span> <span class='ocrx_word' id='word_1_277' title='bbox 1057 4307 1133 4362; x_wconf 88' lang='lat' dir='ltr'><strong>valet</strong></span> <span class='ocrx_word' id='word_1_278' title='bbox 1152 4309 1339 4362; x_wconf 83' lang='lat' dir='ltr'><strong>iuramentum</strong></span> <span class='ocrx_word' id='word_1_279' title='bbox 1352 4305 1490 4362; x_wconf 84' lang='lat' dir='ltr'><strong>redditum</strong></span> 
     </span>
     <span class='ocr_line' id='line_1_34' title="bbox 316 4411 822 4482; baseline -0.002 -16"><span class='ocrx_word' id='word_1_280' title='bbox 316 4429 364 4482; x_wconf 86' lang='lat' dir='ltr'><strong>per</strong></span> <span class='ocrx_word' id='word_1_281' title='bbox 382 4412 529 4482; x_wconf 81' lang='lat' dir='ltr'><strong>epistolam</strong></span> <span class='ocrx_word' id='word_1_282' title='bbox 549 4416 598 4465; x_wconf 83' lang='lat' dir='ltr'><strong>eut</strong></span> <span class='ocrx_word' id='word_1_283' title='bbox 617 4428 666 4482; x_wconf 89' lang='lat' dir='ltr'><strong>per</strong></span> <span class='ocrx_word' id='word_1_284' title='bbox 681 4411 822 4466; x_wconf 87' lang='lat' dir='ltr'><strong>nuncium.</strong></span> 
     </span>
    </p>
   </div>
   <div class='ocr_carea' id='block_1_5' title="bbox 0 0 1680 5100">
    <p class='ocr_par' dir='ltr' id='par_1_6' title="bbox 0 0 1680 5100">
     <span class='ocr_line' id='line_1_35' title="bbox 0 0 1680 5100; baseline 0 4"><span class='ocrx_word' id='word_1_285' title='bbox 0 0 1680 5100; x_wconf 95' lang='lat' dir='ltr'><strong> </strong></span> 
     </span>
    </p>
   </div>
  </div>
 </body>
</html>
