3350 5100
288 259 308 319 4
807 283 891 330 raas
915 283 938 330 1.

286 405 425 469 maxime
448 405 584 473 interest
603 405 799 491 reipublicae
815 406 1021 479 christianae,
1037 406 1100 470 hoc
1117 406 1168 472 ius
1184 408 1336 495 religiose
1352 416 1462 476 custe-

286 529 347 594 diri
363 537 395 594 et
414 530 600 606 observari;
616 529 751 616 proinde
770 533 883 617 poenis
905 551 1020 597 severe
1034 531 1199 598 arcendae
1214 540 1309 599 erant
1326 554 1346 599 a
1361 536 1463 601 socie-

284 659 352 718 tate
375 654 553 719 christiana
575 655 802 740 perversiones
825 655 979 720 eiusmodi
1003 656 1123 742 legum.

352 779 404 866 ⁸2.
430 780 580 844 Iamvero
611 781 697 844 inter
727 779 832 844 media
862 799 945 864 quae
975 786 1105 865 praesto
1131 786 1207 847 sunt
1233 781 1402 847 Ecclesiae
1429 784 1462 846 in

284 901 381 966 finem
412 903 687 987 consequendum,
720 909 950 977 recensentur,
982 923 1054 968 cum
1089 905 1216 989 primis,
1243 918 1462 972 sacramenta.

286 1025 501 1101 Quamobrem
530 1036 627 1092 antea
654 1025 883 1112 perpendimus
909 1029 1047 1092 crimina
1068 1033 1101 1092 et
1131 1048 1253 1114 poenas
1276 1048 1360 1113 quae
1386 1050 1461 1115 pro·

284 1149 388 1217 fluunt
410 1171 453 1217 ex
475 1150 587 1233 abusu,
611 1153 663 1216 vel
688 1173 730 1216 ex
753 1173 813 1217 usu
836 1159 1114 1217 sacramentorum
1138 1159 1359 1239 praepostero.

374 1277 404 1341 3.
423 1277 601 1342 Praeterea
617 1277 704 1341 iuter
726 1277 808 1341 haec
830 1276 936 1342 media
958 1296 1015 1342 seu
1039 1298 1093 1342 res
1116 1277 1282 1343 ordinatas
1297 1280 1331 1342 in
1347 1279 1461 1343 Eccle-

284 1403 332 1466 sia
355 1400 395 1467 ad
418 1400 704 1468 sanctificationem
733 1400 884 1482 fidelium,
909 1403 1076 1468 excellunt
1100 1403 1154 1470 SS.
1182 1402 1405 1490 Indulgentiae
1429 1410 1462 1472 et

285 1527 451 1610 Reliquiae
476 1527 680 1600 Sanctorum;
697 1532 756 1600 ast,
773 1547 833 1612 pro
858 1529 982 1593 ratione
1006 1526 1192 1602 mediorum,
1210 1549 1289 1593 sane
1303 1531 1461 1614 potiorem

284 1652 430 1718 obtinent
450 1650 556 1716 locum
580 1649 746 1733 beneficia,
764 1657 875 1740 utpote
890 1674 972 1737 quae
995 1653 1157 1717 adnexum
1181 1653 1304 1718 habent
1321 1652 1461 1719 officium

284 1797 420 1848 sacrmn,
444 1795 573 1859 unaque
589 1777 790 1860 prospiciunt
804 1796 968 1861 congruae
991 1775 1215 1841 sustentationi
1236 1777 1460 1842 Ministrorum

283 1919 394 1964 rerum
416 1917 594 1964 sacrarum.
622 1935 640 1946 -
665 1899 792 1963 Verum
815 1897 855 1963 ob
882 1900 985 1984 ipsum
1015 1900 1197 1986 temporale
1226 1899 1345 1965 bonum
1375 1899 1460 1984 quod

282 2024 411 2110 pariunt
434 2025 513 2088 istae
537 2043 590 2088 res
614 2024 700 2088 inter
723 2023 879 2102 homines,
897 2021 1065 2087 Ecclesiae
1087 2021 1226 2087 historia
1241 2021 1344 2095 docet,
1361 2022 1458 2087 facile

283 2147 436 2213 eiusmodi
468 2165 521 2212 res
551 2144 623 2212 fieri
653 2146 802 2219 venales,
829 2165 945 2230 nempe
975 2147 1008 2209 in
1039 2165 1150 2209 earum
1182 2145 1460 2212 administratione

281 2276 387 2359 turpis
408 2275 491 2339 lucri
520 2273 656 2338 studium
681 2274 829 2352 excitari,
853 2272 934 2338 adeo
957 2278 992 2336 ut
1014 2271 1055 2336 ab
1078 2273 1156 2356 ipsis
1180 2272 1347 2338 Ecclesiae
1369 2273 1458 2336 incu-

282 2396 409 2464 nabulis
432 2403 496 2462 tam
521 2415 622 2481 grave
645 2397 771 2461 facinus
794 2416 886 2461 suum
910 2415 1029 2460 nomen
1052 2402 1182 2461 nactum
1207 2397 1249 2461 sit
1275 2397 1307 2460 in
1330 2396 1459 2461 Simone

281 2523 387 2609 Mago,
415 2522 556 2587 omnium
583 2521 696 2607 primo,
724 2521 811 2585 inter
840 2521 1050 2596 christianos,
1074 2520 1169 2586 huius
1192 2521 1352 2586 teterrimi
1376 2541 1459 2587 com-

282 2649 395 2713 mercii
410 2654 552 2712 auctore.
569 2681 586 2694 -
596 2645 675 2710 ‘Huc
690 2650 839 2730 spectant
852 2664 975 2729 poenae
989 2651 1196 2729 comparatae
1210 2646 1243 2709 in
1255 2646 1457 2711 simoniacos.

371 2773 401 2837 4.
427 2773 570 2855 Denique
597 2770 769 2856 specialem
801 2772 1018 2835 reverentiam
1050 2775 1219 2836 merentur
1248 2771 1322 2834 loca
1343 2789 1455 2847 sacra,

280 2914 362 2979 quaa
397 2902 470 2959 sunt
497 2894 596 2959 veluti
631 2894 793 2958 domicilia
827 2894 1022 2965 sanctitatis,
1051 2894 1203 2958 nimirum
1235 2893 1403 2958 Ecclesiae
1425 2898 1458 2957 et

281 3020 350 3105 ipsa
374 3019 578 3097 monasteria,
605 3016 655 3082 ubi
679 3016 800 3102 degunt
822 3018 885 3081 viri
910 3017 962 3080 vel
984 3014 1146 3083 foeminae
1171 3017 1349 3103 regulares.

370 3141 534 3207 Ecclesiae
557 3140 641 3224 quod
662 3142 787 3221 attinet,
804 3142 879 3223 quia
901 3160 922 3204 a
943 3142 1031 3205 cultu
1053 3140 1172 3214 divino,
1194 3142 1247 3224 qui
1270 3140 1400 3204 fovetur
1423 3142 1455 3204 in

281 3267 445 3338 Ecclesiis,
464 3285 660 3351 magnopere
684 3274 757 3329 suut
776 3262 903 3330 alienae
923 3264 1048 3337 turbae,
1065 3266 1223 3330 tumultus
1237 3285 1400 3328 armorum
1424 3271 1457 3329 et

280 3391 445 3475 sanguinis
468 3386 648 3463 effusiones,
673 3389 747 3452 inde
771 3394 980 3454 constitutum
1004 3395 1053 3454 est
1074 3389 1129 3454 ius
1153 3389 1251 3473 asyli.

368 3516 566 3580 Monasteria
589 3534 668 3578 vero
692 3515 778 3577 intra
801 3533 937 3597 quorum
961 3520 1051 3598 septa
1074 3534 1110 3578 se
1134 3515 1294 3597 recipiunt
1315 3515 1377 3578 viri
1400 3519 1457 3579 aut

280 3641 448 3712 foeminae,
474 3638 669 3704 mundanum
691 3638 895 3723 aufugientes
918 3639 1098 3722 strepitum,
1123 3643 1159 3702 ut
1178 3638 1245 3703 Deo
1270 3640 1398 3723 penitus
1420 3657 1455 3702 se

279 3765 478 3844 devoveant,
504 3763 657 3827 fruuntur
689 3761 762 3847 lege
793 3764 994 3845 clausturam
1022 3760 1229 3846 quamobrem
1260 3764 1455 3827 monasteria

279 3890 424 3953 virorum
449 3889 649 3974 regularium
678 3886 804 3971 ingredi
836 3906 901 3950 non
930 3888 1008 3952 licet
1031 3887 1181 3951 foeminis
1207 3886 1260 3950 vel
1283 3888 1454 3951 sanctimo-

199 4044 203 4051 ·
279 4011 426 4077 nialibus.
443 4048 459 4059 -
479 4012 675 4077 Monasteria
700 4018 807 4076 autem
821 4012 1005 4076 monialium
1028 4012 1151 4075 arctius
1171 4011 1360 4074 muniuntur
1381 4010 1454 4094 lege

280 4137 470 4208 clausurae,
488 4155 569 4219 quae
593 4138 710 4215 statuit,
731 4135 867 4221 ingredi
890 4142 979 4219 septa
999 4137 1186 4200 monasterii
1208 4135 1329 4198 nemini
1353 4132 1454 4199 licere

279 4262 433 4344 cuiusque
457 4280 554 4325 sexus
570 4265 602 4324 et
618 4261 827 4333 conditionis;
845 4258 1025 4342 eisdemque
1042 4258 1233 4324 monialibus
1255 4258 1373 4345 egredi
1389 4278 1453 4323 nou

279 4382 390 4449 licere.
414 4384 506 4449 Haec
530 4384 615 4447 iussa
638 4382 788 4466 legitimis
811 4382 922 4465 poenis
946 4380 1097 4445 roborata
1121 4389 1205 4447 suut.
