3350 5100
545 324 588 371 nn
612 324 751 371 runicus
775 323 1017 372 onrurnnnrsus
1303 306 1368 371 309

189 444 288 509 dendi
305 446 433 529 aliaque
448 446 646 531 producendi
662 454 863 534 argumenta,
888 452 923 511 ut
939 466 1017 511 ecce
1033 466 1133 511 novos
1149 453 1258 528 testes,
1271 451 1304 512 in
1320 450 1368 512 sui

189 568 422 635 defensionem.
441 606 459 619 ·
478 571 604 657 Regula
619 571 755 657 proinde
771 570 1019 637 fundamentalis
1036 570 1067 634 in
1092 590 1245 654 processu
1260 572 1368 638 mimto

189 693 272 759 haec
295 701 354 767 est,
370 694 523 761 videlicet
538 702 573 762 ut
588 684 653 760 non
669 703 875 767 censeantur.
893 714 936 761 ex
952 697 1153 781 praescripto
1169 697 1256 761 iuris
1274 698 1368 779 posi-

192 816 258 890 tivi,
282 818 488 903 probationes
511 838 591 884 vere
613 820 801 899 iudiciales,
823 826 919 904 aptae
946 818 1123 900 definitioni
1142 836 1269 897 causae,
1286 836 1367 901 quae

189 939 348 1006 deductae
370 960 435 1005 non
468 944 532 1007 sint
557 942 598 1007 ad
629 944 677 1008 rei
708 945 853 1009 notitiam
879 949 912 1009 ut
940 942 1077 1013 easdem,
1102 942 1128 1007 si
1152 940 1249 1020 valet,
1273 940 1368 1025 plene

193 1067 338 1133 refutare
361 1070 469 1152 possit.
1016 1031 1021 1052 ι

280 1190 357 1257 239.
371 1191 571 1257 Praehabita
585 1156 648 1258 hac
663 1194 787 1278 regula,
806 1192 906 1278 probe
922 1131 1059 1277 intelligi
1072 1195 1159 1258 valet
1173 1214 1256 1277 quae
1273 1213 1368 1279 expo

192 1323 314 1380 nuntur
335 1338 356 1381 a
378 1319 554 1384 canonistis
584 1319 738 1404 practicis
768 1317 808 1382 de
839 1317 1081 1403 tepitimatione
1110 1337 1288 1401 processus
1311 1339 1368 1383 seu

192 1440 232 1505 de
254 1444 453 1525 repetitione
476 1445 621 1510 testium.
636 1479 653 1492 -
668 1445 773 1508 Bouix
784 1444 835 1509 De
849 1444 920 1509 ind.
938 1443 984 1515 II,
998 1462 1080 1529 pap.
1097 1442 1167 1508 218
1182 1448 1284 1527 capnt
1305 1444 1373 1516 VH

190 1567 352 1635 inscribit:
367 1591 387 1631 ‹
398 1569 449 1635 De
463 1571 661 1653 repetitione
674 1570 804 1635 testium
817 1588 886 1651 pro
903 1568 1143 1654 tepitimatione
1154 1534 1335 1650 processus
1349 1590 1365 1629 »

188 1700 223 1756 et
253 1694 330 1773 quin
364 1691 478 1757 reddet
508 1692 607 1756 ullam
639 1692 798 1756 rationem
827 1691 924 1757 huius
953 1696 1045 1755 actus
1076 1691 1232 1757 iudicialis
1264 1691 1367 1757 refert

191 1832 322 1879 normas
344 1836 365 1879 a
390 1815 567 1901 Pellegrini
592 1816 727 1881 traditas
750 1817 810 1881 toc.
828 1815 881 1881 cit.
900 1814 1103 1893 Sectionett
1122 1816 1295 1900 inscripta:
1319 1816 1368 1881 De

188 1938 388 2020 repetitione
404 1942 545 2005 testium.
565 1975 583 1987 -
600 1940 726 2004 Verum
746 1939 925 2025 Pellegrini
949 1941 970 2004 t.
991 1939 1043 2005 cit.
1060 1958 1094 2005 n.
1111 1939 1138 2019 1,
1156 1938 1262 2004 reddit
1281 1938 1371 2005 hano

189 2063 361 2128 rationem
380 2083 398 2126 a
462 2065 619 2147 quamuis
634 2064 724 2129 enirn
742 2062 937 2156 bninsrnocti
952 2066 1085 2129 testium
1101 2062 1265 2145 depositio
1281 2064 1370 2147 suffi-

189 2187 281 2253 ciens
302 2187 346 2253 sit
368 2189 416 2253 ad
438 2189 685 2273 inquirendum
708 2189 750 2253 de
773 2188 894 2253 delicto
917 2193 948 2253 et
970 2187 1144 2271 acquisitis
1166 2187 1302 2253 indiciis
1321 2189 1368 2252 oct

189 2313 443 2377 carcerandnnt
460 2314 531 2393 (seu
554 2314 587 2377 in
607 2332 644 2376 re
660 2319 772 2377 nostra
786 2311 827 2376 ad
843 2310 1006 2377 citandum
1021 2318 1259 2397 praesumptum
1278 2330 1366 2375 reum

190 2438 231 2503 ad
248 2439 386 2503 formale
402 2437 556 2521 examen)
570 2457 641 2504 non
660 2444 775 2504 tamen
789 2440 872 2504 satis
887 2444 935 2504 est
951 2438 1040 2503 att...
1058 2438 1368 2518 condemnandum,

190 2565 359 2650 siapatnr
370 2565 412 2629 de
423 2583 483 2630 reo
491 2569 682 2646 praesente.
696 2583 775 2629 enni
783 2565 885 2647 prins
897 2565 980 2628 tates
992 2567 1088 2628 testes
1100 2563 1291 2628 comminati
1301 2563 1368 2628 sint

190 2687 267 2768 ipsa
286 2693 389 2770 parte
402 2707 474 2754 non
489 2689 592 2753 citata
613 2691 646 2752 et
656 2692 844 2769 propterea
858 2687 971 2769 ipsam
986 2705 1057 2751 non
1072 2683 1258 2769 officiunt...
1277 2685 1369 2756 Quae

189 2812 362 2878 conclusio
385 2813 575 2894 amptiotnr
595 2817 633 2877 nt
651 2812 736 2876 tates
758 2816 856 2876 testes
878 2811 925 2875 ad
948 2810 1065 2876 ennae
1087 2808 1367 2888 informationem

191 2936 392 3016 examinati,
408 2937 483 3001 sine
497 2935 608 3018 partis
624 2936 791 3014 citatione,
803 2934 1044 3016 probationem
1059 2952 1169 3018 nepne
1184 2935 1315 3016 faciam
1333 2936 1369 2998 in

189 3057 347 3138 favorem
370 3057 460 3124 Fisci
477 3079 508 3121 ›.
532 3058 648 3123 citatio
672 3062 778 3122 autem
802 3057 851 3121 rei
868 3053 968 3122 efficit
991 3061 1026 3120 ut
1049 3061 1141 3123 actus
1164 3054 1281 3121 evadat
1296 3075 1368 3120 oon·

188 3183 347 3246 tentiosus
363 3201 421 3247 seu
432 3181 612 3262 iudicialis,
629 3187 661 3244 et
680 3199 850 3264 processus
861 3156 959 3245 antea
969 3179 1212 3262 informationes
1224 3178 1369 3245 redditur

189 3305 362 3371 iudicialis
368 3325 382 3388 ;
405 3306 469 3371 hoc
495 3325 590 3371 sensu
615 3305 733 3370 dicitur
753 3322 933 3388 processus
957 3305 1139 3391 tepitimart'
1156 3324 1223 3387 per
1244 3307 1368 3388 repeti·

192 3429 317 3498 tionem
340 3430 485 3511 testium,
502 3433 578 3513 quia
601 3449 771 3514 processus
794 3449 878 3514 pene
901 3429 1071 3494 universus
1094 3435 1221 3494 constet
1240 3435 1369 3494 attesta-

189 3553 336 3618 tionibus.
356 3555 463 3618 Porro
485 3558 584 3619 testes
599 3556 716 3619 iterum
739 3563 900 3618 vocantur
922 3553 1005 3639 apud
1022 3553 1157 3618 iudicem
1182 3559 1218 3618 ut
1240 3560 1367 3618 attesta-

189 3681 310 3744 tionem
326 3686 422 3745 entea
438 3679 595 3745 redditam
608 3680 659 3744 vel
677 3649 870 3744 confirment
884 3679 937 3743 vel
954 3685 1109 3744 revocent
1125 3678 1177 3743 vel
1191 3680 1366 3763 corrigant.

190 3803 318 3886 quando
336 3807 398 3868 iam
414 3811 614 3890 cognoscunt
629 3807 731 3889 ipsum
748 3809 988 3889 praesumptum
1006 3822 1097 3868 reum
1116 3804 1247 3868 citatum
1268 3802 1369 3868 fuisse

190 3932 225 3993 ut
247 3926 357 3992 videat
386 3947 542 4012 personas
568 3931 697 3994 testium
721 3947 839 4011 eosque
861 3929 973 3991 iurare
996 3925 1105 3992 audiat
1128 3925 1202 3991 dein
1226 3927 1369 4012 singulas

190 4071 412 4137 perpensums
433 4054 664 4120 attestationes.
683 4053 793 4128 Quare
814 4059 915 4117 testes
935 4050 1195 4117 animadvertent
1217 4069 1252 4114 se
1275 4049 1368 4114 modo

190 4175 317 4261 ingredi
342 4177 582 4242 contentionem
605 4175 796 4247 iudicialem,
814 4177 930 4260 quippe
949 4172 1294 4240 suis.attestationibus
1316 4175 1368 4238 vel

191 4298 349 4364 roborant
374 4300 428 4364 vel
455 4301 610 4366 refellunt
635 4301 884 4366 accusationem.
912 4295 1094 4362 -Proinde
1122 4298 1244 4362 maiore
1271 4299 1368 4362 animi

190 4422 424 4508 ponderatione
446 4426 684 4489 attestationem
707 4423 837 4488 facient.
