3350 5100
564 312 605 357 uu
631 310 770 356 inmens
794 308 1036 355 carinusmnus
1321 291 1384 355 221

204 434 391 518 appellatur
422 434 651 498 ordmatiam.
668 468 682 479 -
702 434 825 497 Verum
857 434 1007 519 Episcopi
1041 452 1105 497 nou
1137 454 1270 517 parvam
1302 436 1387 498 nacti
1455 451 1462 465 ·

203 566 281 623 sunt
304 556 527 623 difficultatem
550 560 584 621 iu
606 558 837 623 constituendis
861 558 951 623 hisce
973 558 1197 630 tribunalibus,
1222 560 1296 642 quia
1324 578 1386 623 uon

204 686 304 750 facile
326 686 360 749 in
385 685 525 750 dioecesi
548 689 677 770 praesto
700 691 795 750 erent
817 689 957 767 quatuor
976 684 1190 751 ecclesiastici
1213 686 1275 749 viri
1298 690 1388 750 tanto

203 811 334 874 muneri
367 809 493 883 idonei;
523 829 626 893 quare
659 808 699 873 ad
731 829 844 874 eorum
876 810 1060 873 instantiam
1093 809 1184 873 Rom.
1218 810 1385 880 Pontifex,

204 938 370 1021 rescripto
393 934 461 1001 diei
483 934 532 999 24
555 934 786 1017 apra1832,
810 935 944 1002 indulsit
966 938 1002 999 ut
1024 934 1092 1000 dae
1116 938 1240 999 tantum
1264 935 1387 1000 iudices

203 1060 472 1127 adsciscerentur
486 1078 677 1140 assessores,
695 1058 747 1124 ubi
763 1064 913 1145 quatuor
928 1058 1057 1125 difficile
1078 1061 1219 1125 inveniri
1236 1066 1389 1143 poteraut

203 1186 246 1251 ad
271 1206 353 1269 opus
377 1186 492 1269 parati.

300 1310 373 1376 158.
392 1308 518 1375 Iudices
533 1308 719 1395 collegiales
735 1330 805 1395 arg.
819 1311 841 1374 t.
854 1308 959 1393 33,ff.
975 1310 1023 1375 De
1037 1328 1077 1375 re
1091 1310 1162 1375 iad.
1180 1310 1307 1376 edicunt
1325 1311 1388 1375 col·

204 1435 371 1519 legieliter
386 1434 577 1497 seutentiam
597 1432 840 1499 absolutoriam
864 1440 920 1498 aut
943 1434 1259 1499 condemnatoriam
1282 1436 1386 1518 prouti

204 1561 240 1621 iu
257 1577 354 1621 uuam
370 1560 426 1620 aut
446 1560 478 1619 in
493 1556 630 1620 alteram
645 1557 837 1620 senteutiam
855 1555 1023 1620 descendit
1040 1558 1141 1619 maior
1161 1574 1246 1640 pers.
1264 1590 1282 1603 -
1301 1558 1389 1629 Quo·

203 1686 407 1766 tiescumque
419 1702 498 1746 vero
515 1683 619 1747 maior
635 1701 710 1766 pars
726 1682 806 1745 nihil
819 1688 948 1767 statuat.
962 1684 1037 1765 quia
1053 1682 1174 1749 iudices
1191 1685 1223 1747 in
1240 1683 1387 1751 diversas

204 1808 329 1871 abeunt
349 1809 526 1872 sententias
540 1806 728 1891 aequalibus
745 1803 908 1891 suffragiis
931 1809 1068 1879 innixas,
1089 1808 1317 1874 attendendum
1340 1819 1389 1879 est

205 1940 304 2017 caput
328 1932 382 1997 26.
403 1932 456 1997 De
477 1937 561 1997 seat.
585 1937 616 1997 et
638 1950 679 1995 re
699 1932 770 1997 iud.
797 1934 830 1997 X
853 1931 909 2015 (ll,
927 1930 982 2017 27)
1007 1932 1195 1998 decernens.
1225 1926 1388 2003 «Duobus

206 2057 366 2123 iudicibus
381 2056 430 2139 (ut
452 2057 648 2141 accepimus)
664 2056 810 2121 diversas
832 2058 1010 2122 sententias
1029 2058 1278 2142 proferentibus,
1297 2064 1322 2124 si
1345 2081 1388 2127 ex

205 2185 429 2251 iurisdictione
459 2182 642 2249 ordinaria
671 2192 918 2266 processerunt,
943 2188 1033 2250 tenet
1059 2204 1118 2269 pro
1145 2202 1204 2251 reo
1233 2206 1295 2251 uon
1331 2207 1388 2271 pro

205 2318 324 2377 actore
336 2310 506 2389 sententia,
523 2309 582 2373 nisi
598 2308 633 2372 in
656 2328 754 2373 causa
769 2307 949 2390 favorabili,
966 2318 1043 2393 puta
1059 2311 1272 2382 matrimonio,
1290 2310 1386 2377 liber

205 2442 284 2513 tate,
309 2434 383 2499 dote
406 2456 464 2499 seu
486 2438 686 2503 testamento.
704 2453 763 2517 pro
786 2434 854 2517 ipso
878 2433 950 2518 (pro
973 2432 1096 2519 actore)
1121 2433 1221 2499 fuerit
1245 2436 1386 2520 promul-

205 2569 292 2648 gata.
318 2562 350 2628 Si
373 2581 454 2627 vero
477 2581 520 2626 ex
543 2561 700 2645 detepata
723 2566 898 2644 potestate.
923 2567 1060 2644 utraque
1086 2559 1203 2644 pendet
1225 2565 1387 2628 sententia

206 2707 249 2752 ex
273 2685 411 2752 arbitrio
434 2686 623 2770 delegantis.
642 2683 732 2758 Quod
755 2687 781 2748 si
806 2704 849 2749 ex
872 2685 1126 2766 compromisso,
1152 2689 1268 2749 neutra
1292 2685 1388 2752 debet

206 2811 333 2876 habere
364 2811 509 2895 vigorem
525 2830 555 2872 i.
581 2809 666 2874 Saue
695 2806 817 2873 iudices
844 2807 1016 2873 ordinarii
1046 2813 1234 2892 potestatem
1268 2797 1412 2876 habeut

205 2939 244 3001 in
266 2934 416 2999 solidum
439 2938 473 2998 et
494 2933 572 2997 hinc
595 2934 692 2996 etiam
715 2931 875 2997 sententia
899 2931 1002 2996 unius
1020 2932 1085 2995 vim
1102 2931 1199 2997 habet
1215 2932 1385 2998 definiendi

206 3063 446 3146 quaestionem
463 3079 523 3144 pro
536 3065 637 3141 parte
651 3077 731 3121 vero
747 3055 870 3124 habent
884 3057 1004 3122 iudices
1024 3057 1179 3144 delepati.
1198 3079 1299 3142 quare
1318 3081 1387 3126 sen-

206 3187 311 3253 tentia
333 3186 428 3249 unius
452 3202 515 3248 neu
531 3185 620 3268 viget
635 3183 695 3246 nisi
712 3181 845 3246 accedet
861 3187 916 3246 aut
939 3177 1128 3268 suffragium
1152 3183 1288 3249 aliorum
1307 3185 1385 3250 iudi·
1478 3270 1483 3279 .

205 3288 287 3375 cuni
309 3302 543 3394 detepatomm
572 3312 628 3372 aut
653 3307 830 3371 auctoritas
862 3305 1070 3392 delepaatis3
1097 3308 1172 3373 item
1196 3328 1264 3390 pro
1288 3318 1389 3392 parte

206 3435 331 3499 habent
357 3430 488 3502 arbitri,
512 3451 614 3514 quare
639 3428 840 3496 discordibus
867 3431 986 3494 ceteris
1013 3429 1154 3502 arbitris.
1173 3451 1215 3496 ex
1242 3453 1386 3518 compro·

205 3560 305 3623 misso
332 3556 492 3621 sententia
521 3575 587 3619 non
617 3555 716 3620 habet
744 3555 900 3639 vigorem.
926 3555 1067 3628 Quodsi
1092 3559 1389 3640 compromittentes

206 3703 304 3747 unam
321 3683 374 3745 vel
390 3681 528 3744 alteram
544 3680 736 3743 sententiam
752 3684 856 3743 ratem
873 3678 1023 3760 babeant,
1040 3687 1118 3745 tunc
1135 3701 1177 3745 ex
1193 3700 1277 3744 noro
1294 3687 1388 3765 pacto

204 3807 370 3872 sententia
393 3807 457 3868 vim
481 3803 628 3869 desumit.
653 3803 701 3870 cf.
727 3803 802 3869 Vol.
827 3805 853 3876 Ι,
879 3825 911 3867 u.
936 3803 1010 3868 604.

299 3929 515 4016 Adnotatione
539 3928 669 4014 dignum
693 3933 743 3992 est
761 3947 899 4011 sequens
923 3926 1088 3992 decretum
1112 3947 1131 3990 a
1152 3927 1184 3993 S.
1202 3929 1301 4014 cong.
1320 3930 1386 3994 llll.

204 4063 239 4120 et
265 4055 336 4120 ΗΚ
353 4053 474 4118 editum
498 4053 554 4119 die
572 4054 622 4118 27
645 4055 733 4138 Aua.
750 4052 843 4119 1852
859 4089 871 4101 ·
888 4071 986 4136 super
1005 4057 1078 4116 roto
1101 4051 1245 4134 ferendo
1269 4054 1303 4118 in
1328 4057 1387 4119 tri·

203 4179 378 4247 bunalibus
401 4179 622 4244 criminalibus
645 4179 809 4243 curiarum
825 4171 1063 4263 Episcopalium
1086 4179 1118 4242 in
1144 4177 1264 4243 ditione
1288 4183 1387 4264 ponti-

203 4300 298 4367 ficia:
314 4336 331 4349 -
348 4319 366 4362 ι
385 4299 515 4365 SSmas
528 4299 724 4375 declaravit,
737 4301 942 4383 Episcopum
958 4300 1018 4364 etsi
1036 4299 1264 4365 Cardiaalitia
1280 4301 1388 4388 dipisi-

204 4432 275 4492 tate
299 4425 434 4510 talpeat
464 4429 495 4488 et
520 4423 652 4488 atianisi
683 4423 862 4491 diaecesim
892 4423 1166 4490 substratam-iam
1196 4432 1302 4510 repat,
1328 4426 1388 4509 qai
