3350 5100
1318 12 1608 114 Ὗ

323 296 391 362 678

323 456 514 511 ecclesiastico
534 456 704 509 instituendo
724 456 751 507 in
767 455 886 510 clericos
993 455 1160 525 Proroputio
1178 460 1387 525 competentiae.
1407 483 1440 495 -
1460 458 1506 509 An

323 530 377 581 ism
401 528 541 582 subiectos
566 528 705 595 processui
731 532 760 579 et
784 527 886 582 iudicio
940 534 970 581 et
987 527 1098 597 quando
1115 527 1142 581 ei
1161 528 1199 581 sit
1224 526 1301 580 locus
1326 527 1354 580 iu
1377 526 1509 580 crimina·

324 600 412 653 laicae
438 598 600 669 potestatis,
622 602 650 652 et
676 600 702 651 in
732 598 824 665 specie
852 598 886 652 de
940 598 1103 668 libus,pag.
1124 598 1286 669 135111..
1309 597 1397 651 Datur
1418 599 1507 653 etiam

323 688 451 741 processu
472 670 585 739 praevio
607 670 757 739 privationi
781 671 886 723 beneti-
940 671 976 723 ob
986 670 1187 723 continentiam
1201 686 1357 730 causarum,
1368 686 1430 739 pag.
1442 668 1507 723 238.

323 744 443 807 ciorum,
473 758 535 811 pag.
563 741 616 794 530
644 758 700 811 seq.
718 768 732 780 ·
756 740 886 795 Refertur

323 814 505 883 praescriptio
526 818 579 867 art.
599 828 667 867 xtnt
690 813 885 867 Instructionis
995 811 1151 865 Publicuts'o
1166 828 1326 882 processus.
1343 840 1380 852 -
1392 812 1509 866 Proces-

322 884 347 937 S.
368 885 397 939 C.
417 884 471 937 EE.
491 889 520 939 et
540 882 599 936 RR.
623 882 795 953 prospiciens
820 882 886 938 huic
939 900 986 935 sus
1010 887 1069 936 tum
1094 883 1245 937 offensivus
1268 893 1327 937 tum
1345 884 1509 938 defensivus

323 957 397 1009 casui
413 962 442 1010 et
454 956 611 1025 explicatur
626 972 725 1009 seusus
743 953 885 1020 litteralis,
958 954 1049 1008 uando
1064 961 1094 1008 et
1104 954 1244 1024 quomodo
1262 954 1429 1023 publicetur,
1442 972 1508 1025 pag.

321 1028 536 1082 ib-Pendente
556 1026 657 1081 iudicio
676 1025 770 1079 laicali
787 1026 886 1081 incle-
975 1025 1000 1079 4.
1026 1054 1040 1067 ·
1067 1026 1105 1080 De
1133 1026 1326 1095 publicatione
1352 1042 1509 1096 processus,

321 1100 394 1151 ricos
413 1106 441 1153 et
466 1098 594 1167 apposita
615 1098 784 1152 coercitione
809 1114 886 1152 assu-
939 1103 1077 1168 quatenus
1088 1098 1143 1152 iste
1154 1103 1234 1151 actus
1246 1097 1285 1151 sit
1296 1096 1406 1152 alienus
1421 1100 1510 1152 afor-

321 1172 407 1223 mitur
419 1170 571 1223 summaria
583 1171 651 1223 facti
665 1169 798 1239 cognitio,
812 1170 885 1225 unde
938 1169 993 1221 mis
1008 1170 1169 1223 summariis
1186 1176 1216 1223 et
1233 1170 1429 1233 oeconomicis,
1441 1186 1508 1239 pag.

322 1242 351 1295 in
370 1242 467 1310 primis
480 1241 625 1310 dispicitur
639 1258 674 1295 an
688 1241 815 1295 incursae
827 1242 886 1295 sint
939 1240 1000 1293 390.
1023 1270 1036 1282 ·
1059 1240 1137 1301 Quae
1162 1242 1276 1310 praevia
1299 1258 1361 1295 esse
1384 1241 1509 1296 debeant

322 1328 427 1381 poenae
447 1313 463 1366 l.
483 1317 553 1367 sent.
580 1318 628 1366 aut
650 1312 885 1381 irregularitates,
939 1310 1138 1380 publicationis
1165 1313 1291 1376 decreto,
1316 1328 1379 1381 pag.
1403 1312 1465 1366 392.
1493 1342 1509 1354 ·

321 1384 483 1453 11111531.-
495 1384 548 1439 Sed
566 1384 648 1438 iudex
668 1385 780 1438 interim
799 1384 886 1438 abati·
937 1382 1054 1443 Quando
1072 1383 1232 1452 publicetur
1249 1398 1393 1453 processus
1408 1386 1508 1438 matri-

322 1460 387 1510 neat
405 1472 422 1509 a
442 1454 538 1524 poenis
562 1456 612 1510 fer.
635 1456 801 1520 sententiae,
821 1459 855 1509 io.
871 1484 886 1496 ·
938 1454 1069 1509 monialis
1084 1455 1131 1525 qui
1151 1462 1194 1509 est
1212 1454 1256 1509 vel
1275 1471 1344 1525 pure
1362 1463 1509 1510 secuntu-

321 1526 350 1579 ln
364 1528 475 1581 casibus
493 1526 585 1581 dubiis
599 1528 670 1581 fiunt
685 1526 837 1583 relationes
850 1528 883 1581 ad
940 1527 997 1579 rius
1015 1526 1060 1580 vel
1080 1527 1195 1592 mixtus,
1213 1542 1276 1597 pag.
1296 1526 1358 1579 506.

321 1596 346 1651 S.
370 1597 482 1665 sedem,
502 1614 564 1681 pag.
592 1598 654 1653 532.
674 1626 687 1639 ·
709 1597 747 1653 De
776 1600 884 1653 ratione

321 1670 485 1738 procedendi
505 1688 532 1723 111
553 1668 582 1725 C.
603 1668 629 1723 S.
651 1670 682 1721 lt.
702 1674 731 1724 et
751 1668 805 1723 Un.
825 1669 884 1723 111.
994 1668 1135 1737 Psoputio.
1160 1694 1195 1709 -
1220 1668 1263 1722 Ad
1290 1668 1508 1735 abstergendam

321 1745 349 1795 et
369 1742 395 1794 iu
423 1740 449 1794 S.
476 1740 578 1810 Congu.
605 1740 719 1807 indicis,
749 1756 810 1809 pag.
938 1753 1048 1795 omnem
1067 1736 1206 1793 maculam
1226 1756 1242 1793 a
1260 1739 1427 1794 sacerdotali
1446 1739 1509 1793 offi-

320 1828 360 1882 sq.
378 1841 391 1851 -
403 1812 443 1866 Gt.
466 1814 566 1883 Conpr.
588 1813 701 1878 Indicis,
723 1812 883 1895 Coepi-epa·
937 1812 990 1878 cio,
1004 1812 1127 1880 pertinet
1141 1811 1271 1879 purgatio
1283 1812 1426 1878 canonica,
1438 1828 1507 1881 pag.

320 1886 357 1937 tio
379 1883 404 1935 S.
427 1883 523 1955 Officii.
545 1883 583 1939 De
603 1898 733 1953 processu
759 1884 883 1938 iudiciali
942 1884 999 1937 160.
1019 1911 1032 1923 -
1052 1882 1114 1937 Non
1130 1890 1173 1936 est
1191 1882 1345 1935 derivatae
1363 1882 1424 1937 iure
1442 1900 1509 1953 ger·

787 314 893 363 INDEX
917 314 1035 363 Rittium

321 1956 492 2009 instituendo
520 1956 547 2008 in
579 1956 775 2010 denunciatum
806 1970 884 2009 reum

321 2026 446 2080 criminis
465 2026 681 2093 sollicitationis,
697 2042 758 2095 pag.
777 2026 830 2079 549
843 2044 883 2097 sq.

320 2096 359 2151 ct.
378 2096 551 2151 Sollicitatio.

375 2276 547 2331 accurator
565 2278 593 2329 in
618 2292 647 2329 rs
672 2276 827 2335 criminali.
847 2278 883 2329 ct.

320 2352 509 2402 advocatus·
525 2348 564 2402 De
576 2348 762 2401 Procuratore
779 2346 883 2412 fiscali,

319 2421 353 2472 ct.
375 2420 524 2473 Pmmotor
540 2420 654 2488 fiscalis.

376 2597 522 2652 Ρνοηιοιον
533 2597 647 2666 fiscalis.
658 2625 691 2638 -
702 2596 755 2664 lpsi
775 2612 884 2651 reman-

319 2671 356 2722 sit
390 2669 418 2722 iu
450 2668 576 2724 Ecclesia
610 2667 747 2738 privative
781 2685 882 2721 munus

319 2740 519 2804 accusationis,
548 2755 609 2810 pag.
638 2739 696 2793 157.
722 2767 735 2778 -
758 2739 789 2792 ln
815 2755 883 2809 qua-

318 2829 436 2882 cumque
463 2811 548 2866 (iuria
576 2811 658 2864 debet
686 2809 790 2874 adesse,
819 2827 882 2879 pag.

321 2881 371 2936 198
399 2889 428 2938 et
456 2887 530 2938 nota.
549 2911 561 2922 ·
585 2881 645 2936 Non
675 2879 760 2934 habet
787 2887 881 2937 tamen

318 2955 379 3008 iure
406 2955 540 3008 canonico
560 2951 747 3022 monopolium
770 2969 883 3006 accusa-

320 3025 412 3092 tionis,
436 3042 497 3094 pag.
526 3023 584 3078 199.
602 3054 616 3066 -
634 3025 686 3093 lpsi
710 3023 882 3079 cumulatius

317 3113 380 3150 cum
399 3096 491 3150 iudice
510 3097 632 3165 pertinet
651 3095 796 3165 inquisitio
821 3112 882 3165 spe-

318 3167 398 3221 cialis
417 3175 445 3222 et
470 3165 671 3238 specialissima
697 3166 724 3218 in
755 3167 881 3232 crimina,

318 3255 381 3308 pag.
396 3239 443 3292 201
462 3255 501 3309 sq.
513 3268 527 3279 ·
540 3239 592 3306 lpsi
613 3237 763 3307 aliquando
783 3239 808 3290 in
833 3255 882 3292 au-

318 3310 415 3364 xilium
434 3309 596 3380 adiungitur·
615 3315 777 3377 procurator·
801 3311 883 3363 lisca·

317 3381 367 3442 lis,
389 3399 450 3452 pag.
477 3381 569 3435 201-
587 3379 689 3435 Munus
715 3382 881 3450 promotor-is

317 3452 420 3506 fiscalis
439 3452 642 3509 determinatur
660 3451 881 3506 habitatatione

316 3523 399 3577 officii
419 3525 597 3588 accusatoris,
613 3525 692 3578 cuius
711 3525 806 3592 explet
820 3541 882 3593 par-

318 3602 367 3660 tes,
385 3595 412 3647 in
434 3595 535 3649 iudicio
554 3595 702 3658 criminali,
719 3597 752 3648 ib.
773 3593 813 3649 cf.
828 3601 880 3650 Ac·

317 3676 434 3720 cusator.
454 3697 466 3707 -
485 3667 632 3720 Promotou
648 3666 751 3719 fiscalis
767 3671 880 3719 accusat

316 3739 428 3791 innixus
448 3737 555 3792 cuidam
576 3739 690 3803 actioni,
709 3753 771 3806 pag.
790 3737 849 3790 240.
869 3768 881 3779 -

319 3809 475 3879 Unicuique
500 3810 600 3863 Curiae
626 3826 695 3878 opus
717 3815 760 3863 est
785 3825 882 3877 procu-

316 3887 408 3935 ratore
428 3897 476 3934 seu
496 3885 654 3944 promotore
673 3880 760 3934 fiscali
778 3897 827 3948 pro
841 3882 880 3933 iu·

316 3952 410 4006 stitiae
433 3957 462 4006 et
487 3951 558 4020 legis
585 3950 686 4016 tutela,
707 3967 768 4020 pag.
789 3952 849 4005 369.
868 3981 881 3992 -

315 4022 375 4091 lpse
385 4023 508 4148 dqfendit
517 4025 685 4078 seutentiam
698 4023 878 4092 appellatam,

318 4097 410 4164 pag.t
429 4095 454 4148 7.
777 4113 779 4118 ·

370 4235 577 4358 Proposilr'ones
607 4265 642 4276 -
672 4235 817 4289 damnatas
845 4237 880 4289 ab

316 4307 410 4374 epost.
442 4307 501 4364 ede.
521 4308 571 4360 sub
584 4307 881 4363 excommunicationis

315 4391 403 4445 poena
422 4377 567 4432 defendere
582 4383 610 4432 et
623 4379 722 4433 docere
736 4395 789 4434 non
805 4379 880 4443 licet,

316 4465 378 4516 pag.
399 4449 433 4500 67
454 4454 526 4502 nota.

937 1955 1056 2021 manico,
1071 1970 1133 2023 pag.
1155 1953 1212 2006 161.
1232 1982 1247 1992 -
1266 1953 1423 2023 Opponitur
1441 1972 1509 2025 pur·

937 2026 1045 2095 gationi
1064 2025 1184 2093 vulgari,
1202 2026 1268 2079 ibid.
1288 2054 1301 2066 ·
1321 2024 1507 2081 11οά111011-

938 2097 987 2150 riis
1005 2095 1146 2160 exulavit,
1166 2111 1229 2165 pag.
1253 2096 1343 2150 161·
1369 2098 1509 2165 Purgatio

937 2170 1072 2222 canonica
1084 2172 1223 2239 quatenus
1236 2174 1279 2223 est
1292 2168 1444 2223 remedium
1457 2186 1508 2223 ex·

936 2238 1113 2296 traiudicisle
1132 2238 1270 2293 laudanda
1288 2248 1339 2305 est,
1359 2256 1422 2309 pag.
1441 2238 1506 2294 363.

938 2342 949 2351 -
969 2310 1026 2365 Sub
1045 2309 1098 2363 hoc
1116 2315 1231 2379 aspectu
1257 2327 1312 2364 non
1334 2311 1507 2366 abhorrete

936 2383 997 2437 loro
1021 2381 1215 2436 ecclesiastico
1233 2387 1262 2436 et
1283 2381 1394 2437 utiliter
1417 2384 1506 2439 etiam

937 2452 1018 2509 bodie
1040 2455 1213 2523 frequentari
1235 2459 1338 2521 potest,
1358 2470 1421 2525 pag.
1441 2454 1505 2508 set.

936 2557 952 2565 -
972 2528 1010 2580 tt
1034 2534 1116 2580 caute
1143 2524 1300 2580 adhibenda
1323 2532 1368 2581 est
1395 2531 1427 2580 ut
1452 2541 1507 2581 suo

936 2613 1020 2722 {ms
1036 2597 1377 2723 intumuisti·
1391 2625 1421 2724 0}
1431 2597 1506 2740 itt

936 2740 1110 2809 potissimum
1130 2740 1379 2794 atte.1dendumeit
1395 2741 1455 2794 sive
1469 2757 1503 2796 ex

936 2820 1016 2882 parte
1034 2812 1159 2865 accusati
1171 2812 1230 2865 sire
1243 2827 1277 2865 ex
1290 2817 1371 2880 parte
1389 2813 1504 2866 testium

936 2889 968 2938 ut
977 2883 1126 2937 admittere
1137 2887 1260 2951 praestet
1269 2883 1403 2937 eiusmodi
1414 2900 1506 2939 reme-

936 2955 1020 3018 dium,
1037 2955 1102 3008 ibid.

990 3097 1125 3166 Purpatio
1146 3099 1281 3166 culparis.
1292 3123 1327 3137 —
1340 3096 1410 3157 Quid
1423 3097 1461 3150 sit
1474 3104 1504 3151 et

935 3168 1072 3239 quomodo
1081 3175 1239 3237 opponatur
1249 3168 1408 3238 purgationi
1420 3185 1506 3222 cano-

935 3239 1024 3305 nicae,
1045 3255 1106 3308 pag.
1131 3239 1175 3293 161
1198 3257 1237 3312 sq.

1201 3419 1236 3507 Q

991 3599 1128 3656 Quaestio.
1148 3625 1182 3636 -
1204 3595 1244 3648 Cf.
1270 3597 1398 3650 Tartara.

990 3739 1138 3797 eruestum
1151 3766 1188 3779 -
1200 3739 1291 3792 facere
1304 3755 1339 3792 ex
1355 3737 1503 3806 indulgen·

935 3809 991 3874 tiis,
1001 3808 1428 3879 aliisquegratiisspiritualibus
1438 3826 1501 3878 poe·

936 3882 978 3933 nis
997 3881 1158 3945 mulctatur,
1178 3897 1240 3950 pag.
1260 3880 1296 3934 53
1314 3898 1357 3952 sq.

989 4025 1119 4082 Querela
1146 4022 1376 4084 -Quomodo
1399 4022 1502 4076 distin·

934 4096 1044 4163 guenda
1060 4097 1096 4148 sit
1109 4112 1125 4147 a
1143 4094 1264 4163 simplici
1276 4093 1503 4157 denunciatione,

935 4182 997 4234 pag.
1022 4167 1070 4220 155
1089 4172 1117 4220 et
1136 4171 1212 4229 nota,
1226 4182 1287 4235 pag.
1304 4166 1362 4218 186.
1380 4192 1417 4208 -
1430 4163 1501 4225 Que-

934 4237 994 4290 rela
1013 4245 1055 4291 est
1073 4238 1208 4308 quaedam
1232 4237 1419 4291 accusationis
1437 4253 1500 4306 spe·

934 4309 999 4370 cies,
1014 4326 1075 4378 pag.
1096 4308 1156 4362 241.
1176 4337 1190 4349 -
1206 4307 1420 4363 Renunciationi
1434 4325 1502 4378 que·

935 4379 1010 4434 celae
1021 4380 1182 4451 aequivalet
1190 4380 1365 4433 contumacia
1374 4395 1409 4434 ex
1420 4386 1502 4448 parte

934 4451 1076 4522 querelam
1096 4452 1242 4516 moventis,
1262 4467 1325 4520 pag.
1345 4451 1398 4504 425
1415 4466 1456 4520 sq.
