3350 5100
347 277 414 342 544
855 299 938 346 runs
967 301 1016 348 ιιι.

349 418 533 493 roboretur,
548 427 734 487 accusatum
749 427 845 486 vocat
856 420 898 485 ad
910 441 1049 488 examen
1063 441 1121 488 seu
1135 422 1176 487 ad
1192 424 1419 490 constitutam.
1436 423 1528 489 Haec

266 619 270 627 ,
351 547 434 611 ratio
456 546 652 631 procedendi
675 552 726 612 est
746 547 900 614 morative
930 547 1145 612 determinata
1167 549 1200 612 iu
1227 569 1382 633 processu
1404 549 1445 614 de
1468 551 1530 614 eri-

349 672 436 735 mine
458 671 714 752 sollicitationis,
730 671 786 736 sed
806 678 857 738 est
872 673 989 758 stylus,
1006 675 1059 756 qui
1077 675 1148 757 plus
1163 675 1311 740 minusve
1329 682 1479 740 servatur
1494 675 1527 738 in

349 795 421 860 aliis
436 797 541 860 causis
556 795 788 860 criminalibus
804 796 1020 862 Nihilominus
1035 797 1224 883 proceditur
1239 799 1334 864 etiam
1350 816 1394 864 ex
1410 799 1527 882 prima

348 921 619 1001 maneamne,
634 921 663 984 si
677 921 761 986 haec
775 923 889 986 innixa
904 925 946 988 sit
961 923 1203 1007 probationibus
1216 919 1298 988 adeo
1317 921 1472 1006 gravibus
1491 929 1528 990 ut

349 1063 414 1108 nou
436 1045 534 1110 liceat
556 1044 785 1111 denunciatum
808 1047 946 1112 ulterius
969 1047 1155 1131 relinquere
1169 1049 1261 1131 quasi
1281 1049 1480 1132 impunitum

437 1169 525 1234 Reus
555 1172 583 1234 si
612 1171 754 1255 ingenue
781 1173 952 1238 veritatem
984 1171 1102 1256 pandat
1131 1177 1207 1238 ante
1234 1170 1525 1241 denunciationem,

349 1294 542 1360 charitative
565 1295 817 1380 reprehenditur
840 1302 873 1361 et
899 1299 1105 1382 poenitentiis
1126 1295 1320 1362 salutaribus
1346 1296 1526 1362 subiicitur.

348 1419 398 1484 Ad
421 1440 492 1486 rem
515 1422 548 1486 in
573 1425 649 1486 nota
663 1421 775 1486 refero
789 1422 812 1504 5
827 1419 881 1504 13,
898 1422 995 1487 lustr.
1012 1421 1117 1488 editae
1132 1421 1186 1487 die
1200 1421 1252 1486 20
1267 1421 1364 1488 Febr.
1387 1440 1418 1488 a.
1435 1422 1528 1488 1867

346 1565 367 1608 a
397 1544 429 1610 S.
462 1543 579 1611 Officio
609 1545 713 1631 quoad
743 1565 931 1631 processum
963 1547 994 1610 in
1026 1547 1163 1612 crimine
1192 1547 1437 1614 sollicitationis
1466 1545 1526 1630 (l).

348 1667 409 1744 Qui
440 1672 503 1734 iam
536 1669 784 1736 denunciatione
807 1675 1004 1756 praeventus
1032 1671 1154 1736 fatetur
1176 1691 1268 1738 suum
1297 1673 1431 1746 crimen.
1459 1689 1525 1736 non

347 1795 475 1880 plenam
498 1793 618 1883 gaudet
639 1797 869 1880 impunitatem.
888 1795 1015 1862 Nullam
1033 1815 1113 1862 vero
1136 1815 1260 1882 poenae
1283 1795 1525 1862 diminutionem

348 1938 409 2003 per
423 1938 469 2000 se,
485 1919 610 1986 obtinet
623 1920 677 2003 qui
701 1924 734 1985 et
754 1918 969 1984 denunciatus
990 1924 1025 1984 et
1047 1921 1163 1986 citatus
1187 1920 1271 1986 sistit
1293 1903 1404 1990 eoram
1420 1917 1526 1984 iudice

347 2051 381 2110 et
410 2043 485 2108 dein
515 2065 607 2109 suum
639 2043 760 2108 fatetur
794 2047 929 2112 crimen.
960 2081 978 2096 ·
1009 2046 1089 2110 Nam
1123 2050 1194 2128 post
1228 2045 1413 2110 citationem
1444 2043 1524 2108 ordo

348 2169 505 2235 iudicialis
536 2169 727 2255 producitur
756 2189 856 2252 usque
887 2169 927 2235 ad
953 2173 1146 2236 seutentiam
1178 2167 1386 2234 definitivam.
1412 2205 1430 2218 -
1456 2170 1527 2234 Reo

347 2292 381 2357 iu
403 2293 591 2359 constitutis
612 2290 649 2358 tit
670 2294 889 2358 accusationis
912 2294 1105 2359 contestatio
1128 2297 1161 2356 et
1184 2292 1300 2358 deinde
1323 2291 1425 2359 eidem
1450 2310 1528 2358 con·

346 2416 473 2482 ceditur
489 2416 628 2482 facultas
649 2415 832 2502 opponendi
848 2419 1055 2500 exceptiones
1079 2421 1111 2480 et
1134 2415 1331 2482 defensionis
1353 2416 1525 2496 articulos,

347 2564 426 2627 quos
441 2548 548 2609 tamen
564 2545 592 2608 si
607 2563 673 2609 non
684 2539 809 2629 probet,
821 2547 934 2627 utpote
946 2539 986 2606 de
997 2543 1133 2607 crimine
1145 2543 1322 2613 convictus,
1335 2540 1527 2607 condemna-

347 2672 401 2731 tur
417 2652 449 2731 et
463 2668 575 2751 poeuis
590 2666 646 2732 sed
661 2666 841 2731 mitioribus
857 2670 890 2731 et
905 2666 1100 2731 salutaribus
1115 2665 1257 2749 punitur.
1282 2664 1439 2749 Equidem
1455 2663 1527 2728 dili·

346 2936 391 2987 ast
402 2933 516 2997 crimen,
529 2930 564 2985 de
575 2948 631 3002 quo
649 2934 793 3001 cognoscit
810 2933 923 3002 saepius
941 2932 967 2985 S.
981 2931 1123 2995 Officium
1142 2947 1206 2983 uam
1219 2930 1253 2985 de
1266 2928 1329 2984 aliie
1341 2929 1423 2985 hodie
1441 2930 1527 2984 raris-

242 3036 247 3043 '
345 3040 415 3095 aime
434 3040 563 3095 usuvenit
580 3040 732 3094 instaurari
750 3040 913 3095 instantiam
929 3038 1113 3093 iudicialem·

435 3141 475 3211 (l)
494 3142 585 3211 (Hanc
603 3142 683 3195 lustr.
703 3142 843 3212 integram
862 3141 1004 3195 trademus
1023 3142 1096 3195 inter
1115 3139 1268 3209 Allegats).
1284 3139 1387 3206 citata,
1400 3141 1413 3207 l
1427 3140 1471 3203 13,
1483 3140 1525 3193 its

345 3227 375 3302 se
387 3247 481 3302 habet
493 3262 511 3305 ιι
524 3248 575 3309 Qui
589 3248 676 3302 nullis
687 3248 800 3302 omniuo
811 3265 895 3317 super
907 3248 960 3303 hoc
973 3248 1089 3301 crimine
1099 3247 1243 3315 praeventi
1253 3244 1525 3310 denunciatiouibus‚

345 3356 517 3410 conscientia
535 3356 612 3421 victi,
631 3355 778 3409 Ordinatio
796 3354 851 3410 loci
874 3356 968 3409 eiueve
990 3354 1120 3425 delegato
1138 3370 1168 3409 se
1187 3348 1305 3419 sistunt,
1329 3358 1440 3422 patrata
1458 3370 1474 3406 a
1493 3370 1524 3408 se

344 3460 553 3516 sollicitationis
570 3461 679 3532 flagitia
696 3467 796 3531 sponte
814 3463 984 3516 confitentur
1001 3467 1032 3516 et
1049 3460 1159 3516 veniam
1178 3464 1286 3531 petunt,
1303 3459 1407 3513 dimitti
1420 3458 1524 3515 debant

345 3586 409 3623 cum
433 3585 557 3639 congrua
581 3569 757 3623 abiuratione
775 3572 805 3623 et
829 3568 1012 3637 poenitentiis
1035 3566 1181 3621 dumtaxat
1204 3566 1390 3630 salutaribus,
1413 3565 1525 3619 adiecto

345 3675 463 3730 consilio
480 3675 526 3730 vel
545 3680 702 3745 praecepto,
717 3679 750 3729 ut
766 3676 802 3729 ab
821 3674 993 3743 excipiendis
1005 3688 1183 3743 personarum
1202 3672 1416 3727 sollicitatorem
1435 3674 1525 3737 saeris

344 3780 565 3836 confessionibus
576 3798 606 3836 sa
618 3780 791 3845 abstineant;
807 3796 861 3835 uec
876 3778 996 3835 coeteris
1014 3779 1109 3847 poenis
1127 3782 1210 3832 autea
1222 3775 1313 3841 dictis,
1326 3776 1523 3832 accedentibus

345 3886 413 3941 licet
431 3889 604 3957 postmodum
622 3887 899 3952 denunciatiouibus,
920 3886 1086 3939 afficiantur.
1105 3883 1156 3944 Qui
1176 3899 1242 3939 vero
1264 3884 1410 3937 iudiciaria
1433 3885 1524 3937 torma

345 3992 402 4046 iam
420 3996 573 4063 praeventi,
585 3994 633 4050 sed
645 3994 766 4049 nondum
784 3992 874 4057 citati,
886 4008 938 4044 sua
956 3996 1055 4060 sponte
1072 4006 1103 4044 se
1121 3989 1238 4053 sistuut;
1257 3988 1320 4043 etii
1335 3989 1524 4059 pariterques

345 4100 493 4156 veritatem
511 4118 566 4156 non
580 4104 718 4169 integram
735 4100 784 4155 sed
802 4099 968 4153 diminutam
981 4098 1011 4151 in
1023 4102 1177 4166 spontanea
1194 4094 1370 4165 apparitione
1382 4096 1524 4151 confessos

345 4222 406 4260 esse
426 4206 588 4260 ordinarius
609 4206 664 4261 loci
685 4222 720 4261 ax
736 4206 864 4276 ‚acceptis
886 4208 982 4274 postea
1007 4202 1268 4259 denunciationibus
1292 4198 1524 4271 deprehenderit,

345 4312 481 4367 beneficio
499 4313 676 4383 impunitatis
692 4329 748 4367 nou
766 4312 898 4381 gaudent.
917 4313 1109 4365 verumtamen
1129 4324 1178 4377 pro
1196 4307 1284 4377 ipsius
1301 4305 1442 4359 Ordiuarii
1459 4322 1525 4375 pru-

344 4418 440 4474 dentia
457 4418 554 4473 mitius
570 4418 702 4488 puniatur
714 4433 740 4474 v.
