3350 5100
330 304 396 371 462
841 326 925 375 rans
950 325 1000 373 nr.

329 450 482 534 coniuges
499 448 640 532 aliquam
662 448 704 513 ad
727 468 799 515 enm
819 449 970 515 delerant
985 450 1251 523 controversiam,
1269 468 1363 533 qnam
1379 468 1507 535 compo-

329 590 409 637 nere
424 572 534 638 valam
549 572 601 637 vel
618 592 677 658 per
690 576 968 639 renunciationem
986 574 1157 639 instantiae
1172 572 1331 639 iudicialis
1343 572 1396 638 vel
1412 572 1509 639 aliter

329 716 390 781 per
411 699 673 779 transactionem,
697 697 797 764 index
819 700 949 783 inquam
981 698 1098 763 eccles.
1124 696 1253 763 instabit
1278 702 1312 763 nt
1335 704 1445 782 partes
1468 698 1507 763 ad

329 821 536 888 concordiam
559 821 708 904 adducat,
732 822 860 907 quando
877 842 919 888 ex
942 822 1005 888 hac
1027 822 1203 889 concordia
1226 842 1361 907 sperare
1384 822 1433 887 sas
1456 824 1506 897 sit,

327 944 384 1009 illa
407 946 504 1011 vitari
526 946 620 1027 mala,
643 965 726 1031 quae
749 953 928 1031 sequuntur
954 948 1022 1012 sive
1049 967 1091 1012 ex
1118 945 1279 1012 dissolutis
1306 946 1508 1032 sponsalibus

328 1070 398 1135 sive
420 1090 463 1135 ex
485 1070 657 1136 dissociata
680 1072 746 1137 vita
769 1071 940 1157 coniugali,
959 1078 993 1137 ut
1016 1090 1094 1137 ecce
1117 1092 1178 1157 per
1196 1071 1465 1157 dispensationem
1488 1092 1508 1137 a

292 1239 296 1246 .
329 1200 421 1260 matr.
441 1201 513 1261 rato
528 1200 640 1279 etnon
656 1202 888 1262 consummato.
914 1196 995 1260 ltem
1019 1194 1181 1261 adducere
1206 1202 1350 1282 praestat
1373 1200 1507 1261 conten·

329 1318 443 1385 dentes
466 1325 509 1391 ut,
534 1321 754 1403 potiusquam
777 1320 868 1384 litem
893 1321 978 1385 inire
1002 1319 1042 1385 de
1065 1318 1160 1385 dubio
1185 1318 1422 1404 impedimento,
1448 1317 1507 1384 sibi

329 1451 518 1531 comparent
541 1445 829 1529 dispensationem
852 1450 908 1511 aut
934 1445 1154 1512 reoatidandi
1183 1446 1379 1510 matrimonii
1406 1444 1508 1510 facul·

225 1594 229 1601 ·
327 1574 437 1636 tatem.
455 1569 546 1635 Onus
569 1571 804 1636 conciliationis
827 1569 958 1636 ineundi
983 1570 1193 1637 committitur
1212 1569 1338 1636 utiliter
1359 1590 1379 1633 a
1402 1568 1507 1634 iudice

328 1690 453 1756 cuidam
470 1695 542 1757 viro
558 1692 718 1777 prudenti,
743 1694 942 1777 potissimum
966 1694 1145 1759 animarum
1170 1695 1326 1773 curatori,
1343 1692 1397 1776 qui
1413 1690 1509 1756 vehe·
1587 1666 1589 1671 ¹

329 1822 456 1883 menter
479 1816 520 1881 ad
543 1836 655 1901 pacem
670 1817 806 1883 allicere
826 1819 914 1884 valet
930 1819 1169 1885 contendentes.
1188 1818 1236 1884 of.
1254 1824 1314 1883 art.
1334 1817 1407 1892 133,
1424 1817 1506 1883 Inst.

329 1942 424 2008 Aust.
451 1976 469 1990 -
494 1941 777 2025 Supervacaneum
809 1948 859 2010 est
888 1943 1062 2009 advertere
1092 1962 1208 2010 causas
1237 1942 1509 2011 matrimoniales

329 2067 477 2131 scansis
507 2067 715 2149 sponsalitiis
746 2072 814 2133 toto
844 2070 935 2134 coelo
963 2069 1095 2144 distare,
1120 2075 1152 2133 et
1181 2068 1301 2133 vinculi
1332 2066 1507 2152 sponsalitii

329 2189 593 2264 dissolutimsem,
608 2193 749 2256 maxime
764 2210 807 2256 ex
823 2178 932 2259 mituo
949 2212 1118 2265 consensu,
1132 2192 1297 2273 adiuvare,
1310 2191 1508 2278 persuadere

328 2315 454 2398 sponsis
472 2314 644 2398 aliquando
667 2320 811 2401 praestat
825 2318 901 2400 quia
916 2322 1033 2384 coacta
1057 2316 1216 2401 centupla
1231 2317 1338 2383 solent
1356 2312 1509 2400 difficiles

329 2438 442 2504 emitas
465 2438 597 2510 babere,
622 2441 772 2523 cap.17‚
797 2440 851 2507 De
872 2459 986 2524 spons.
1011 2442 1045 2505 X
1065 2442 1137 2526 (lV,
1165 2440 1208 2523 l).

419 2564 491 2632 420.
526 2562 618 2630 Ordo
649 2565 807 2632 iudicialis
829 2570 863 2632 in
886 2569 976 2634 hisce
1008 2569 1112 2634 causis
1143 2566 1322 2632 servandus
1346 2573 1395 2630 est
1418 2583 1508 2632 occo·

327 2690 485 2756 nomicns
507 2710 564 2755 seu
585 2691 806 2757 summamus.
823 2691 909 2757 Sane
924 2696 1095 2776 antequam
1120 2691 1269 2758 Clemens
1285 2691 1317 2755 V
1333 2691 1506 2755 constitue·

329 2814 373 2877 rit
395 2831 582 2897 processum
605 2814 835 2879 summarium
867 2817 1077 2881 Innocentius
1101 2816 1150 2881 ΙΙΙ
1176 2817 1206 2879 in
1232 2835 1301 2899 cap.
1329 2815 1358 2887 l,
1390 2813 1429 2879 Ut
1451 2811 1507 2878 lite

328 2956 400 3003 non
421 2943 556 3004 contest.
581 2939 615 3002 X
636 2935 693 3022 (ll,
718 2937 752 3020 6)
777 2939 900 3007 aiebat:
930 2962 1004 3004 «....
1030 2941 1106 3007 licet
1128 2941 1213 3007 ordo
1244 2938 1448 3006 iudiciarias
1469 2937 1508 3002 in

328 3064 406 3130 aliis
429 3066 668 3132 controversiis
690 3067 734 3132 sit
754 3068 947 3133 secandas
962 3073 994 3132 et
1009 3067 1046 3132 in
1060 3065 1372 3133 matrimonialibus
1395 3064 1508 3131 cauas

328 3207 399 3256 non
414 3207 659 3274 usquequaque
672 3196 826 3256 servetur
905 3215 922 3257 »
941 3190 996 3278 (1).
1023 3192 1107 3258 Sane
1130 3192 1193 3257 hae
1217 3210 1343 3270 causae,
1365 3188 1506 3256 celerem

329 3312 565 3404 expeditionem
589 3316 839 3399 expostulantes,
864 3316 1044 3381 abhorrent
1066 3335 1086 3381 a
1109 3315 1362 3381 solemnitatibus
1385 3312 1506 3378 ordinis

329 3437 498 3509 iudicarit,
522 3442 556 3503 et
579 3439 727 3504 (llamens
750 3441 793 3513 V,
817 3444 850 3504 in
875 3447 977 3507 const.
1002 3441 1033 3514 2,
1060 3441 1108 3507 De
1132 3442 1202 3506 iud.
1227 3441 1283 3525 (11,
1310 3438 1351 3527 l),
1376 3441 1410 3503 in
1432 3437 1506 3505 Cle·

329 3568 427 3628 ment.
453 3582 574 3627 morem
606 3565 766 3630 tractandi
797 3567 1010 3634 oeconomice
1041 3566 1100 3631 has
1131 3587 1244 3632 causas
1275 3565 1396 3630 diserte
1427 3583 1506 3628 oon·

328 3686 477 3752 firmavit.
504 3687 628 3771 Verum
651 3689 685 3752 in
708 3689 798 3756 hisce
821 3689 946 3756 iudiciis
969 3693 995 3756 si
1019 3690 1234 3775 amputandae
1257 3695 1332 3756 sunt
1354 3688 1505 3754 solemni·

328 3815 420 3882 tatas,
444 3814 552 3875 tamen
576 3811 685 3877 nullae
716 3813 833 3877 nimiae
864 3818 961 3879 arunt
989 3814 1136 3880 cautelae
1166 3811 1328 3878 adhibitae
1351 3810 1391 3875 ad
1414 3829 1506 3896 prae·

418 4019 457 4092 (l)
476 4021 560 4076 Patet
584 4022 699 4077 minime
722 4024 895 4094 probabilem
921 4041 981 4080 esse
1005 4024 1174 4080 sententiam
1200 4025 1297 4092 Bouix,
1322 4024 1364 4078 De
1385 4025 1443 4078 iud.
1466 4021 1507 4086 11,

326 4145 355 4199 p.
375 4127 439 4181 446
457 4128 607 4198 opinantis,
628 4128 709 4185 bodie
728 4148 826 4185 causas
848 4132 881 4186 de
903 4133 1000 4186 valore
1019 4131 1125 4186 vinculi
1150 4135 1235 4210 matr..
1251 4131 1426 4186 oeconomica
1450 4145 1506 4183 non

327 4232 450 4302 amplias
463 4248 523 4287 esse
532 4238 749 4304 pertractandas
759 4241 821 4305 post
834 4241 877 4291 tot
890 4237 985 4292 const.
998 4237 1080 4292 Pont.
1089 4241 1119 4294 et
1132 4237 1248 4291 lustruc.
1263 4235 1353 4292 editas
1362 4253 1379 4289 a
1389 4235 1415 4288 S.
1426 4233 1504 4289 Sede.

327 4336 439 4391 Etenim
458 4354 571 4394 normae
590 4338 667 4395 hisce
685 4341 804 4397 decretis
817 4343 1007 4412 praescriptae
1020 4358 1075 4398 non
1087 4343 1218 4397 ordinant
1233 4342 1355 4414 aliquam
1375 4341 1505 4394 solemni·

298 4428 303 4436 ’
328 4451 421 4508 tatem,
439 4445 487 4498 sed
507 4445 647 4514 pleniores
665 4452 694 4502 et
706 4449 843 4504 firmiores
856 4449 963 4519 exquiri
974 4451 1155 4520 probanones
1175 4449 1279 4504 iubant.
1294 4447 1355 4502 Vol.
1369 4447 1389 4514 l,
1402 4464 1428 4500 n.
1442 4444 1506 4502 593.
