3350 5100
317 304 382 370 480
730 357 733 367 .
822 325 905 374 unas
930 326 981 374 111.

315 447 432 512 iudicio
455 447 507 512 vel
530 465 595 512 uno
618 468 661 512 ex
684 447 1133 535 66616616666616161161166,
1154 469 1302 534 quorum
1318 449 1405 514 alter
1424 467 1491 532 pro

313 573 497 646 validitate,
521 574 608 638 alter
631 591 711 640 uero
730 593 798 657 pro
821 575 975 640 nullitate
998 575 1165 642 actionem
1195 574 1360 649 intendat,
1382 571 1492 640 defeu-

314 717 369 763 666
384 702 478 761 matr.
495 702 605 782 partes
620 717 732 762 omues
746 696 842 763 officii
859 700 906 782 sui
923 698 1099 785 diligenter
1114 699 1290 784 adimpleat
1304 717 1340 763 a:
1368 697 1490 782 Itaque,

315 823 360 888 uti
382 820 580 887 advertimus
603 823 679 888 Vol.
704 823 731 902 1,
758 843 789 888 6.
817 823 890 896 137,
919 823 1047 908 quaudo
1070 844 1153 890 uuus
1176 825 1296 888 coniux
1327 827 1376 888 661
1400 827 1491 888 actor

275 1026 277 1031 Ι
314 965 371 1012 666
401 952 533 1012 accusat
560 949 799 1014 matrimonium
829 948 929 1014 veluti
956 949 1100 1022 nullum,
1124 949 1207 1013 alter
1239 952 1289 1012 est
1324 967 1401 1012 raus
1434 967 1491 1012 seu

314 1069 458 1136 defendit
481 1076 574 1135 matr.
597 1071 808 1152 validitatem,
824 1073 857 1136 in
875 1072 965 1138 hisee
986 1073 1101 1146 causis,
1118 1070 1270 1136 defensor
1294 1071 1489 1136 matrimonii

312 1195 469 1260 adhaeret
487 1169 527 1269 ei,
551 1197 605 1281 qui
628 1194 794 1262 contendit
816 1215 876 1282 pro
900 1196 1064 1263 validitate
1088 1201 1120 1262 et
1148 1217 1220 1262 eum
1244 1196 1375 1262 adiuvat
1398 1197 1487 1280 quasi

312 1319 488 1385 advocatus
511 1339 554 1384 ex
576 1323 778 1406 praescripto
803 1319 910 1386 06661.
936 1318 1059 1386 Bened.

424 1584 446 1666 ἓ
468 1583 499 1649 3.
525 1584 575 1650 De
598 1585 649 1650 lia
672 1586 732 1669 qut
755 1586 1014 1653 matrimonium
1039 1605 1203 1652 accusare
1221 1591 1376 1670 pareunt.

219 1826 223 1834 ⁴
312 1809 529 1870 8616166161.
547 1841 583 1854 -
602 1812 663 1868 450.
688 1813 796 1869 Causae
818 1817 902 1870 matr.
921 1814 1114 1870 instaurantur
1133 1813 1177 1870 vel
1196 1813 1231 1868 ad
1250 1815 1415 1870 instantiam
1431 1815 1491 1884 pri·

401 1921 459 1974 uati
475 1922 646 1975 comisatoris
659 1920 705 1976 vai
718 1937 756 1976 aa
767 1919 866 1992 officio,
882 1923 997 1990 praevia
1015 1921 1205 1992 inquisitione.
1218 1949 1253 1962 -
1265 1923 1327 1978 451.
1347 1921 1391 1976 166
1409 1937 1490 1976 accu-

401 2028 479 2082 sandi
498 2043 553 2081 nou
572 2045 681 2097 semper
700 2029 834 2098 competit
853 2032 952 2100 cuique
965 2030 1001 2084 da
1016 2028 1195 2100 6666166611
1209 2029 1360 2100 aliquando
1379 2033 1487 2084 tautum

402 2133 513 2204 utrique
537 2132 650 2202 coniugi
675 2137 725 2187 aut
748 2134 834 2188 etiam
854 2150 888 2188 ex
907 2134 950 2188 his
972 2133 1064 2190 alteri.
1083 2163 1117 2176 -
1136 2135 1197 2189 452
1217 2134 1333 2195 Quando
1358 2149 1488 2188 accusare

400 2244 542 2308 competat
560 2245 670 2294 tautum
689 2239 867 2310 coniugibus.
879 2269 916 2282 -
928 2241 989 2296 453.
1006 2242 1156 2296 Accusatio
1174 2257 1229 2296 non
1248 2241 1334 2298 666161
1353 2239 1488 2310 competit

401 2350 509 2398 tantum
521 2345 573 2399 nni
585 2363 621 2399 coc
633 2347 804 2416 coniuqitua.
818 2374 853 2387 -
865 2347 926 2400 454.
947 2346 976 2400 16
996 2346 1138 2401 nonnullis
1156 2351 1251 2401 tamen
1270 2363 1304 2400 ex
1324 2344 1401 2399 hisce
1419 2343 1488 2398 casi-

399 2453 451 2506 bus
470 2455 569 2522 cuique
588 2453 623 2508 de
638 2454 746 2524 populo
769 2453 904 2522 competit
923 2455 1110 2520 denunciatio,
1128 2453 1152 2508 61
1171 2470 1226 2508 666
1247 2469 1315 2509 vara
1339 2452 1488 2508 namatio.

397 2588 435 2603 -
451 2562 512 2616 455.
531 2561 562 2614 16
581 2560 698 2633 reliquie
715 2561 827 2615 caribus
845 2562 943 2631 cuique
963 2564 999 2617 de
1013 2562 1121 2633 popula
1140 2561 1275 2631 competit
1292 2560 1442 2625 comantia,
1457 2561 1487 2613 61

399 2668 493 2723 curiae
512 2668 650 2723 incumbit
668 2668 813 2738 inquisitio
831 2686 868 2723 ea
886 2667 983 2739 afficio.
1003 2696 1038 2711 -
1057 2668 1118 2723 456.
1136 2667 1284 2739 Praecipui
1306 2682 1386 2721 casua
1404 2682 1487 2723 exce·

400 2774 504 2843 ptiouia
521 2775 687 2844 municionis
705 2774 734 2827 iu
753 2778 952 2829 accusatorem.
966 2802 1003 2816 -
1014 2774 1074 2829 457.
1094 2773 1305 2827 Matrimonium
1325 2775 1487 2829 conuellen-

399 2882 467 2933 dum
485 2882 618 2931 accusant
635 2878 683 2949 qui
703 2878 873 2932 denunciant
898 2878 1104 2949 impedimenta.
1122 2906 1159 2920 -
1176 2878 1236 2933 ⁴58.
1256 2877 1484 2947 {inpedimentum

399 3002 433 3040 ex
452 2986 620 3054 obliaatione
642 2986 817 3056 sponsalium
835 2984 981 3039 dumtaxat
1006 2985 1099 3054 666661
1123 3000 1264 3054 opponere
1287 2982 1391 3039 valent.
1415 2985 1486 3045 Quo·

398 3092 480 3146 modo
498 3092 688 3161 componenda
705 3090 775 3145 haec
793 3090 837 3145 lia.

398 3308 473 3372 450.
491 3308 667 3373 Instructio
683 3308 735 3374 cit.
749 3306 780 3373 S.
794 3304 900 3375 Officii
918 3326 977 3392 pro
994 3306 1120 3374 Orieut
1133 3308 1156 3389 ἓ
1167 3308 1194 3381 1,
1214 3306 1410 3377 determinat
1421 3326 1484 3373 ma

309 3428 376 3501 dos,
389 3428 502 3512 quibus
517 3429 580 3493 hae
596 3448 713 3494 causae
727 3427 889 3495 introduci
909 3430 1034 3495 valent:
1053 3449 1071 3491 ‹
1089 3429 1129 3495 Ut
1144 3432 1179 3495 in
1193 3428 1346 3495 tribunali
1363 3430 1481 3495 666166.

309 3573 406 3620 causa
428 3554 536 3638 aliqua
558 3552 802 3619 matrimonialis
824 3552 996 3619 tractanda
1017 3553 1220 3640 suscipiatur,
1237 3571 1370 3619 6666666
1386 3558 1483 3619 estut

308 3656 423 3745 contra
438 3678 674 3744 matrimonium
694 3677 857 3763 regularis
871 3682 904 3743 61
919 3676 1055 3742 iuridica
1068 3678 1238 3745 macuta
1258 3677 1483 3763 praecesserit,

307 3821 390 3887 quae
413 3819 586 3885 numquam
609 3801 673 3864 erit
695 3798 893 3865 admittenda
916 3800 977 3864 6161
1000 3796 1225 3885 proficiscatur
1240 3818 1261 3863 a
1275 3817 1416 3884 persona
1430 3798 1482 3863 vel

307 3929 462 4013 personis,
479 3946 563 4011 quae
585 3927 746 3991 communi
766 3927 837 3991 iure
851 3924 976 3991 habiles
991 3924 1031 3990 ad
1048 3923 1262 3991 accusandum
1285 3921 1481 3997 habeantur;

306 4054 425 4117 etenim
455 4052 489 4115 16
519 4048 706 4135 quibusdam
741 4048 974 4136 impedimentis
1005 4050 1065 4135 ipsi
1096 4050 1249 4134 coniuges
1279 4052 1402 4113 tantum
1434 4047 1479 4113 uti

306 4182 512 4243 accusatores
534 4175 763 4250 admittuntur;
787 4176 820 4239 iu
836 4175 908 4239 aliis
924 4174 978 4258 qui
994 4178 1070 4239 suut
1084 4172 1202 4239 eisdem
1226 4174 1383 4258 sanguine
1406 4190 1480 4257 pro·

305 4306 415 4391 pinqui
437 4303 491 4367 vel
514 4302 610 4367 etiam
633 4298 766 4385 quilibet
780 4299 820 4364 de
834 4298 962 4383 populo.
980 4298 1029 4363 Ac
1044 4296 1173 4363 tandem
1189 4316 1235 4363 eto
1256 4295 1364 4381 officio
1385 4296 1480 4359 etiam

304 4428 465 4513 inquisitio
489 4412 560 4492 fieri
586 4430 693 4511 potest
715 4429 748 4489 61
770 4422 960 4508 quaudoque
992 4419 1101 4503 debet,
1132 4420 1259 4506 quaudo
1290 4420 1479 4506 praesertim
