<?xml version="1.0" encoding="UTF-8"?>
<!DOCTYPE html PUBLIC "-//W3C//DTD XHTML 1.0 Transitional//EN"
    "http://www.w3.org/TR/xhtml1/DTD/xhtml1-transitional.dtd">
<html xmlns="http://www.w3.org/1999/xhtml" xml:lang="en" lang="en">
 <head>
  <title>
</title>
<meta http-equiv="Content-Type" content="text/html;charset=utf-8" />
  <meta name='ocr-system' content='tesseract 3.04.00' />
  <meta name='ocr-capabilities' content='ocr_page ocr_carea ocr_par ocr_line ocrx_word'/>
</head>
<body>
  <div class='ocr_page' id='page_1' title='image "./praelectionesin00legagoog_0053.png"; bbox 0 0 3350 5100; ppageno 0'>
   <div class='ocr_carea' id='block_1_1' title="bbox 527 274 1336 344">
    <p class='ocr_par' dir='ltr' id='par_1_1' title="bbox 527 274 1336 344">
     <span class='ocr_line' id='line_1_1' title="bbox 527 274 1336 344; baseline -0.004 -1"><span class='ocrx_word' id='word_1_1' title='bbox 527 297 571 343; x_wconf 81' lang='lat' dir='ltr'><strong>oa</strong></span> <span class='ocrx_word' id='word_1_2' title='bbox 600 295 754 344; x_wconf 80' lang='lat' dir='ltr'><strong>nnnrcrrs</strong></span> <span class='ocrx_word' id='word_1_3' title='bbox 778 295 819 342; x_wconf 81' lang='lat' dir='ltr'><strong>ar</strong></span> <span class='ocrx_word' id='word_1_4' title='bbox 844 295 963 343; x_wconf 81' lang='lat' dir='ltr'><strong>rearis</strong></span> <span class='ocrx_word' id='word_1_5' title='bbox 1290 274 1336 340; x_wconf 84' lang='grc'><strong>49</strong></span> 
     </span>
    </p>
   </div>
   <div class='ocr_carea' id='block_1_2' title="bbox 141 417 1336 1752">
    <p class='ocr_par' dir='ltr' id='par_1_2' title="bbox 141 417 1336 878">
     <span class='ocr_line' id='line_1_2' title="bbox 236 417 1333 504; baseline 0.004 -20"><span class='ocrx_word' id='word_1_6' title='bbox 236 420 290 484; x_wconf 89' lang='grc'><strong>36.</strong></span> <span class='ocrx_word' id='word_1_7' title='bbox 316 421 462 504; x_wconf 86' lang='lat' dir='ltr'><strong>Denique</strong></span> <span class='ocrx_word' id='word_1_8' title='bbox 494 418 697 484; x_wconf 84' lang='lat' dir='ltr'><strong>corrsideruri</strong></span> <span class='ocrx_word' id='word_1_9' title='bbox 728 417 823 482; x_wconf 86' lang='lat' dir='ltr'><strong>debet</strong></span> <span class='ocrx_word' id='word_1_10' title='bbox 852 437 895 482; x_wconf 85' lang='lat' dir='ltr'><strong>au</strong></span> <span class='ocrx_word' id='word_1_11' title='bbox 918 417 1070 500; x_wconf 83' lang='lat' dir='ltr'><strong>pretinm</strong></span> <span class='ocrx_word' id='word_1_12' title='bbox 1095 417 1333 488; x_wconf 71' lang='lat' dir='ltr'><strong>simoniacam,</strong></span> 
     </span>
     <span class='ocr_line' id='line_1_3' title="bbox 148 541 1336 612; baseline -0.001 -3"><span class='ocrx_word' id='word_1_13' title='bbox 148 545 345 611; x_wconf 75' lang='lat' dir='ltr'><strong>restitutioni</strong></span> <span class='ocrx_word' id='word_1_14' title='bbox 376 547 417 611; x_wconf 88' lang='lat' dir='ltr'><strong>sit</strong></span> <span class='ocrx_word' id='word_1_15' title='bbox 447 543 622 612; x_wconf 81' lang='lat' dir='ltr'><strong>obnoxium</strong></span> <span class='ocrx_word' id='word_1_16' title='bbox 655 551 689 611; x_wconf 92' lang='lat' dir='ltr'><strong>et</strong></span> <span class='ocrx_word' id='word_1_17' title='bbox 719 543 859 610; x_wconf 86' lang='lat' dir='ltr'><strong>cainam</strong></span> <span class='ocrx_word' id='word_1_18' title='bbox 893 541 1126 608; x_wconf 87' lang='lat' dir='ltr'><strong>restituendum</strong></span> <span class='ocrx_word' id='word_1_19' title='bbox 1156 544 1209 608; x_wconf 89' lang='lat' dir='ltr'><strong>sit.</strong></span> <span class='ocrx_word' id='word_1_20' title='bbox 1249 541 1336 609; x_wconf 83' lang='lat' dir='ltr'><strong>Sane</strong></span> 
     </span>
     <span class='ocr_line' id='line_1_4' title="bbox 147 667 1335 754; baseline -0.002 -20"><span class='ocrx_word' id='word_1_21' title='bbox 147 672 360 736; x_wconf 79' lang='lat' dir='ltr'><strong>restitutionis</strong></span> <span class='ocrx_word' id='word_1_22' title='bbox 391 689 471 735; x_wconf 91' lang='lat' dir='ltr'><strong>onus</strong></span> <span class='ocrx_word' id='word_1_23' title='bbox 494 689 554 754; x_wconf 93' lang='lat' dir='ltr'><strong>per</strong></span> <span class='ocrx_word' id='word_1_24' title='bbox 577 687 613 735; x_wconf 85' lang='lat' dir='ltr'><strong>se</strong></span> <span class='ocrx_word' id='word_1_25' title='bbox 636 688 700 733; x_wconf 92' lang='lat' dir='ltr'><strong>non</strong></span> <span class='ocrx_word' id='word_1_26' title='bbox 725 673 775 734; x_wconf 86' lang='lat' dir='ltr'><strong>est</strong></span> <span class='ocrx_word' id='word_1_27' title='bbox 796 687 918 754; x_wconf 89' lang='lat' dir='ltr'><strong>poena,</strong></span> <span class='ocrx_word' id='word_1_28' title='bbox 946 667 1072 734; x_wconf 88' lang='lat' dir='ltr'><strong>scilicet</strong></span> <span class='ocrx_word' id='word_1_29' title='bbox 1100 673 1258 752; x_wconf 89' lang='lat' dir='ltr'><strong>quatenus</strong></span> <span class='ocrx_word' id='word_1_30' title='bbox 1285 672 1335 732; x_wconf 86' lang='lat' dir='ltr'><strong>est</strong></span> 
     </span>
     <span class='ocr_line' id='line_1_5' title="bbox 141 793 1247 878; baseline 0 -20"><span class='ocrx_word' id='word_1_31' title='bbox 141 801 369 878; x_wconf 85' lang='lat' dir='ltr'><strong>praeceptam</strong></span> <span class='ocrx_word' id='word_1_32' title='bbox 392 795 560 876; x_wconf 51' lang='lat' dir='ltr'><strong>iustitiam</strong></span> <span class='ocrx_word' id='word_1_33' title='bbox 583 793 639 860; x_wconf 90' lang='lat' dir='ltr'><strong>sed</strong></span> <span class='ocrx_word' id='word_1_34' title='bbox 663 793 835 877; x_wconf 87' lang='lat' dir='ltr'><strong>aliquando</strong></span> <span class='ocrx_word' id='word_1_35' title='bbox 859 795 1034 878; x_wconf 92' lang='lat' dir='ltr'><strong>imponitur</strong></span> <span class='ocrx_word' id='word_1_36' title='bbox 1055 794 1102 858; x_wconf 92' lang='lat' dir='ltr'><strong>uti</strong></span> <span class='ocrx_word' id='word_1_37' title='bbox 1122 811 1247 876; x_wconf 86' lang='lat' dir='ltr'><strong>poena.</strong></span> 
     </span>
    </p>

    <p class='ocr_par' dir='ltr' id='par_1_3' title="bbox 144 917 1336 1752">
     <span class='ocr_line' id='line_1_6' title="bbox 235 917 1336 1004; baseline -0.001 -20"><span class='ocrx_word' id='word_1_38' title='bbox 235 921 279 984; x_wconf 90' lang='lat' dir='ltr'><strong>Et</strong></span> <span class='ocrx_word' id='word_1_39' title='bbox 302 920 465 1004; x_wconf 89' lang='lat' dir='ltr'><strong>loquimur</strong></span> <span class='ocrx_word' id='word_1_40' title='bbox 493 919 532 985; x_wconf 88' lang='lat' dir='ltr'><strong>de</strong></span> <span class='ocrx_word' id='word_1_41' title='bbox 558 920 669 1002; x_wconf 88' lang='lat' dir='ltr'><strong>pretio</strong></span> <span class='ocrx_word' id='word_1_42' title='bbox 695 918 884 984; x_wconf 84' lang='lat' dir='ltr'><strong>simoniaco</strong></span> <span class='ocrx_word' id='word_1_43' title='bbox 908 917 1110 983; x_wconf 87' lang='lat' dir='ltr'><strong>restituendo</strong></span> <span class='ocrx_word' id='word_1_44' title='bbox 1136 937 1194 982; x_wconf 89' lang='lat' dir='ltr'><strong>seu</strong></span> <span class='ocrx_word' id='word_1_45' title='bbox 1221 918 1265 983; x_wconf 82' lang='lat' dir='ltr'><strong>de</strong></span> <span class='ocrx_word' id='word_1_46' title='bbox 1295 937 1336 983; x_wconf 86' lang='lat' dir='ltr'><strong>re</strong></span> 
     </span>
     <span class='ocr_line' id='line_1_7' title="bbox 146 1043 1334 1127; baseline -0.002 -19"><span class='ocrx_word' id='word_1_47' title='bbox 146 1045 340 1127; x_wconf 84' lang='lat' dir='ltr'><strong>temporati,</strong></span> <span class='ocrx_word' id='word_1_48' title='bbox 358 1063 430 1108; x_wconf 87' lang='lat' dir='ltr'><strong>nam</strong></span> <span class='ocrx_word' id='word_1_49' title='bbox 448 1065 502 1109; x_wconf 89' lang='lat' dir='ltr'><strong>res</strong></span> <span class='ocrx_word' id='word_1_50' title='bbox 525 1043 717 1126; x_wconf 78' lang='lat' dir='ltr'><strong>spiritantia</strong></span> <span class='ocrx_word' id='word_1_51' title='bbox 739 1043 969 1109; x_wconf 79' lang='lat' dir='ltr'><strong>consideratur</strong></span> <span class='ocrx_word' id='word_1_52' title='bbox 992 1043 1038 1109; x_wconf 92' lang='lat' dir='ltr'><strong>uti</strong></span> <span class='ocrx_word' id='word_1_53' title='bbox 1054 1061 1182 1108; x_wconf 85' lang='lat' dir='ltr'><strong>merces</strong></span> <span class='ocrx_word' id='word_1_54' title='bbox 1205 1044 1239 1106; x_wconf 91' lang='lat' dir='ltr'><strong>in</strong></span> <span class='ocrx_word' id='word_1_55' title='bbox 1256 1060 1334 1109; x_wconf 91' lang='lat' dir='ltr'><strong>con·</strong></span> 
     </span>
     <span class='ocr_line' id='line_1_8' title="bbox 146 1169 1334 1254; baseline 0 -20"><span class='ocrx_word' id='word_1_56' title='bbox 146 1175 255 1236; x_wconf 86' lang='lat' dir='ltr'><strong>tractu</strong></span> <span class='ocrx_word' id='word_1_57' title='bbox 280 1171 456 1236; x_wconf 89' lang='lat' dir='ltr'><strong>simoniaco</strong></span> <span class='ocrx_word' id='word_1_58' title='bbox 479 1175 512 1235; x_wconf 88' lang='lat' dir='ltr'><strong>et</strong></span> <span class='ocrx_word' id='word_1_59' title='bbox 535 1170 617 1236; x_wconf 87' lang='lat' dir='ltr'><strong>haec</strong></span> <span class='ocrx_word' id='word_1_60' title='bbox 635 1170 829 1236; x_wconf 78' lang='lat' dir='ltr'><strong>restitutioni</strong></span> <span class='ocrx_word' id='word_1_61' title='bbox 845 1189 910 1234; x_wconf 89' lang='lat' dir='ltr'><strong>non</strong></span> <span class='ocrx_word' id='word_1_62' title='bbox 925 1175 976 1236; x_wconf 89' lang='lat' dir='ltr'><strong>est</strong></span> <span class='ocrx_word' id='word_1_63' title='bbox 998 1169 1153 1236; x_wconf 85' lang='lat' dir='ltr'><strong>subiecta.</strong></span> <span class='ocrx_word' id='word_1_64' title='bbox 1171 1169 1334 1254; x_wconf 90' lang='lat' dir='ltr'><strong>Siquidem</strong></span> 
     </span>
     <span class='ocr_line' id='line_1_9' title="bbox 147 1293 1336 1376; baseline 0.003 -19"><span class='ocrx_word' id='word_1_65' title='bbox 147 1314 201 1358; x_wconf 86' lang='lat' dir='ltr'><strong>res</strong></span> <span class='ocrx_word' id='word_1_66' title='bbox 217 1294 420 1360; x_wconf 78' lang='lat' dir='ltr'><strong>restituenda</strong></span> <span class='ocrx_word' id='word_1_67' title='bbox 435 1301 484 1360; x_wconf 87' lang='lat' dir='ltr'><strong>est</strong></span> <span class='ocrx_word' id='word_1_68' title='bbox 500 1293 639 1375; x_wconf 90' lang='lat' dir='ltr'><strong>domino,</strong></span> <span class='ocrx_word' id='word_1_69' title='bbox 656 1313 701 1360; x_wconf 81' lang='lat' dir='ltr'><strong>etc</strong></span> <span class='ocrx_word' id='word_1_70' title='bbox 714 1295 791 1360; x_wconf 85' lang='lat' dir='ltr'><strong>iure</strong></span> <span class='ocrx_word' id='word_1_71' title='bbox 806 1294 972 1376; x_wconf 84' lang='lat' dir='ltr'><strong>natarali,</strong></span> <span class='ocrx_word' id='word_1_72' title='bbox 984 1293 1042 1360; x_wconf 88' lang='lat' dir='ltr'><strong>sed</strong></span> <span class='ocrx_word' id='word_1_73' title='bbox 1054 1294 1223 1359; x_wconf 84' lang='lat' dir='ltr'><strong>Ecclesiae</strong></span> <span class='ocrx_word' id='word_1_74' title='bbox 1236 1295 1336 1360; x_wconf 81' lang='lat' dir='ltr'><strong>Prae</strong></span> 
     </span>
     <span class='ocr_line' id='line_1_10' title="bbox 144 1416 1336 1502; baseline 0.002 -22"><span class='ocrx_word' id='word_1_75' title='bbox 144 1417 204 1482; x_wconf 89' lang='lat' dir='ltr'><strong>lati</strong></span> <span class='ocrx_word' id='word_1_76' title='bbox 219 1418 476 1502; x_wconf 65' lang='lat' dir='ltr'><strong>dispensatores</strong></span> <span class='ocrx_word' id='word_1_77' title='bbox 490 1417 759 1484; x_wconf 68' lang='lat' dir='ltr'><strong>annotatorem</strong></span> <span class='ocrx_word' id='word_1_78' title='bbox 775 1416 846 1490; x_wconf 87' lang='lat' dir='ltr'><strong>Dei,</strong></span> <span class='ocrx_word' id='word_1_79' title='bbox 863 1436 928 1482; x_wconf 92' lang='lat' dir='ltr'><strong>non</strong></span> <span class='ocrx_word' id='word_1_80' title='bbox 947 1421 1023 1482; x_wconf 88' lang='lat' dir='ltr'><strong>sunt</strong></span> <span class='ocrx_word' id='word_1_81' title='bbox 1044 1416 1199 1482; x_wconf 88' lang='lat' dir='ltr'><strong>eiusmodi</strong></span> <span class='ocrx_word' id='word_1_82' title='bbox 1224 1437 1336 1482; x_wconf 87' lang='lat' dir='ltr'><strong>rerum</strong></span> 
     </span>
     <span class='ocr_line' id='line_1_11' title="bbox 146 1540 1334 1628; baseline -0.002 -22"><span class='ocrx_word' id='word_1_83' title='bbox 146 1541 281 1607; x_wconf 91' lang='lat' dir='ltr'><strong>domini.</strong></span> <span class='ocrx_word' id='word_1_84' title='bbox 308 1541 419 1608; x_wconf 87' lang='lat' dir='ltr'><strong>Veluti</strong></span> <span class='ocrx_word' id='word_1_85' title='bbox 435 1545 460 1608; x_wconf 91' lang='lat' dir='ltr'><strong>si</strong></span> <span class='ocrx_word' id='word_1_86' title='bbox 478 1543 548 1628; x_wconf 90' lang='lat' dir='ltr'><strong>quis</strong></span> <span class='ocrx_word' id='word_1_87' title='bbox 564 1543 739 1608; x_wconf 85' lang='lat' dir='ltr'><strong>simoniace</strong></span> <span class='ocrx_word' id='word_1_88' title='bbox 755 1541 899 1607; x_wconf 87' lang='lat' dir='ltr'><strong>obtineat</strong></span> <span class='ocrx_word' id='word_1_89' title='bbox 921 1541 1112 1608; x_wconf 81' lang='lat' dir='ltr'><strong>facultatem</strong></span> <span class='ocrx_word' id='word_1_90' title='bbox 1127 1540 1334 1628; x_wconf 88' lang='lat' dir='ltr'><strong>dispensandi</strong></span> 
     </span>
     <span class='ocr_line' id='line_1_12' title="bbox 146 1665 1335 1752; baseline -0.001 -23"><span class='ocrx_word' id='word_1_91' title='bbox 146 1667 199 1730; x_wconf 82' lang='lat' dir='ltr'><strong>rel</strong></span> <span class='ocrx_word' id='word_1_92' title='bbox 233 1668 337 1752; x_wconf 90' lang='lat' dir='ltr'><strong>ipsam</strong></span> <span class='ocrx_word' id='word_1_93' title='bbox 368 1665 601 1733; x_wconf 88' lang='lat' dir='ltr'><strong>absolutionem</strong></span> <span class='ocrx_word' id='word_1_94' title='bbox 624 1685 644 1731; x_wconf 93' lang='lat' dir='ltr'><strong>a</strong></span> <span class='ocrx_word' id='word_1_95' title='bbox 668 1667 831 1740; x_wconf 83' lang='lat' dir='ltr'><strong>censuris,</strong></span> <span class='ocrx_word' id='word_1_96' title='bbox 858 1667 929 1731; x_wconf 91' lang='lat' dir='ltr'><strong>iure</strong></span> <span class='ocrx_word' id='word_1_97' title='bbox 959 1667 1028 1731; x_wconf 89' lang='lat' dir='ltr'><strong>istis</strong></span> <span class='ocrx_word' id='word_1_98' title='bbox 1059 1667 1177 1739; x_wconf 88' lang='lat' dir='ltr'><strong>utitur,</strong></span> <span class='ocrx_word' id='word_1_99' title='bbox 1202 1665 1335 1731; x_wconf 84' lang='lat' dir='ltr'><strong>fruitur.</strong></span> 
     </span>
    </p>
   </div>
   <div class='ocr_carea' id='block_1_3' title="bbox 147 1791 1337 2129">
    <p class='ocr_par' dir='ltr' id='par_1_4' title="bbox 147 1791 1337 2129">
     <span class='ocr_line' id='line_1_13' title="bbox 147 1791 1336 1880; baseline -0.002 -24"><span class='ocrx_word' id='word_1_100' title='bbox 147 1791 242 1856; x_wconf 90' lang='lat' dir='ltr'><strong>Unde</strong></span> <span class='ocrx_word' id='word_1_101' title='bbox 267 1810 372 1875; x_wconf 88' lang='lat' dir='ltr'><strong>neque</strong></span> <span class='ocrx_word' id='word_1_102' title='bbox 388 1791 463 1858; x_wconf 87' lang='lat' dir='ltr'><strong>iare</strong></span> <span class='ocrx_word' id='word_1_103' title='bbox 479 1792 641 1858; x_wconf 88' lang='lat' dir='ltr'><strong>canonico</strong></span> <span class='ocrx_word' id='word_1_104' title='bbox 666 1793 785 1878; x_wconf 91' lang='lat' dir='ltr'><strong>imponi</strong></span> <span class='ocrx_word' id='word_1_105' title='bbox 809 1798 936 1878; x_wconf 86' lang='lat' dir='ltr'><strong>poterat</strong></span> <span class='ocrx_word' id='word_1_106' title='bbox 956 1793 1122 1860; x_wconf 78' lang='lat' dir='ltr'><strong>restitutio</strong></span> <span class='ocrx_word' id='word_1_107' title='bbox 1146 1813 1243 1860; x_wconf 86' lang='lat' dir='ltr'><strong>sensu</strong></span> <span class='ocrx_word' id='word_1_108' title='bbox 1263 1815 1336 1880; x_wconf 88' lang='lat' dir='ltr'><strong>pro-</strong></span> 
     </span>
     <span class='ocr_line' id='line_1_14' title="bbox 147 1915 1336 1999; baseline 0.004 -20"><span class='ocrx_word' id='word_1_109' title='bbox 147 1917 239 1999; x_wconf 91' lang='lat' dir='ltr'><strong>prio;</strong></span> <span class='ocrx_word' id='word_1_110' title='bbox 265 1915 474 1982; x_wconf 90' lang='lat' dir='ltr'><strong>nihilominus</strong></span> <span class='ocrx_word' id='word_1_111' title='bbox 497 1916 561 1982; x_wconf 89' lang='lat' dir='ltr'><strong>hoc</strong></span> <span class='ocrx_word' id='word_1_112' title='bbox 584 1917 632 1982; x_wconf 90' lang='lat' dir='ltr'><strong>ins</strong></span> <span class='ocrx_word' id='word_1_113' title='bbox 654 1916 826 1999; x_wconf 85' lang='lat' dir='ltr'><strong>aliquando</strong></span> <span class='ocrx_word' id='word_1_114' title='bbox 849 1917 958 1983; x_wconf 86' lang='lat' dir='ltr'><strong>reddit</strong></span> <span class='ocrx_word' id='word_1_115' title='bbox 979 1918 1107 1984; x_wconf 83' lang='lat' dir='ltr'><strong>irritam</strong></span> <span class='ocrx_word' id='word_1_116' title='bbox 1130 1918 1336 1984; x_wconf 88' lang='lat' dir='ltr'><strong>collationem</strong></span> 
     </span>
     <span class='ocr_line' id='line_1_15' title="bbox 148 2037 1337 2129; baseline 0.008 -29"><span class='ocrx_word' id='word_1_117' title='bbox 148 2037 333 2104; x_wconf 87' lang='lat' dir='ltr'><strong>officiorum</strong></span> <span class='ocrx_word' id='word_1_118' title='bbox 367 2045 423 2106; x_wconf 91' lang='lat' dir='ltr'><strong>aut</strong></span> <span class='ocrx_word' id='word_1_119' title='bbox 453 2038 682 2106; x_wconf 85' lang='lat' dir='ltr'><strong>beneficiorum</strong></span> <span class='ocrx_word' id='word_1_120' title='bbox 714 2042 830 2106; x_wconf 88' lang='lat' dir='ltr'><strong>eccles.</strong></span> <span class='ocrx_word' id='word_1_121' title='bbox 862 2041 914 2108; x_wconf 84' lang='lat' dir='ltr'><strong>vel</strong></span> <span class='ocrx_word' id='word_1_122' title='bbox 941 2042 1062 2106; x_wconf 91' lang='lat' dir='ltr'><strong>nullius</strong></span> <span class='ocrx_word' id='word_1_123' title='bbox 1088 2043 1210 2108; x_wconf 86' lang='lat' dir='ltr'><strong>valoris</strong></span> <span class='ocrx_word' id='word_1_124' title='bbox 1234 2045 1337 2129; x_wconf 82' lang='lat' dir='ltr'><strong>ipsam</strong></span> 
     </span>
    </p>
   </div>
   <div class='ocr_carea' id='block_1_4' title="bbox 129 2163 1339 3875">
    <p class='ocr_par' dir='ltr' id='par_1_5' title="bbox 148 2163 1337 2625">
     <span class='ocr_line' id='line_1_16' title="bbox 148 2163 1334 2251; baseline 0.008 -28"><span class='ocrx_word' id='word_1_125' title='bbox 148 2163 327 2237; x_wconf 69' lang='lat' dir='ltr'><strong>«lationem,</strong></span> <span class='ocrx_word' id='word_1_126' title='bbox 352 2165 404 2228; x_wconf 88' lang='lat' dir='ltr'><strong>vel</strong></span> <span class='ocrx_word' id='word_1_127' title='bbox 429 2167 693 2250; x_wconf 78' lang='lat' dir='ltr'><strong>acceptationem,</strong></span> <span class='ocrx_word' id='word_1_128' title='bbox 718 2167 835 2250; x_wconf 91' lang='lat' dir='ltr'><strong>quippe</strong></span> <span class='ocrx_word' id='word_1_129' title='bbox 866 2167 1085 2240; x_wconf 86' lang='lat' dir='ltr'><strong>simoniacam,</strong></span> <span class='ocrx_word' id='word_1_130' title='bbox 1109 2172 1223 2251; x_wconf 89' lang='lat' dir='ltr'><strong>utputa</strong></span> <span class='ocrx_word' id='word_1_131' title='bbox 1253 2169 1334 2233; x_wconf 88' lang='lat' dir='ltr'><strong>iuris</strong></span> 
     </span>
     <span class='ocr_line' id='line_1_17' title="bbox 149 2289 1337 2373; baseline 0.003 -21"><span class='ocrx_word' id='word_1_132' title='bbox 149 2295 344 2373; x_wconf 88' lang='lat' dir='ltr'><strong>patronatus</strong></span> <span class='ocrx_word' id='word_1_133' title='bbox 368 2295 400 2354; x_wconf 89' lang='lat' dir='ltr'><strong>et</strong></span> <span class='ocrx_word' id='word_1_134' title='bbox 422 2295 499 2356; x_wconf 91' lang='lat' dir='ltr'><strong>tunc</strong></span> <span class='ocrx_word' id='word_1_135' title='bbox 523 2291 584 2354; x_wconf 87' lang='lat' dir='ltr'><strong>ista</strong></span> <span class='ocrx_word' id='word_1_136' title='bbox 598 2289 786 2354; x_wconf 89' lang='lat' dir='ltr'><strong>dimittenda</strong></span> <span class='ocrx_word' id='word_1_137' title='bbox 808 2295 883 2355; x_wconf 88' lang='lat' dir='ltr'><strong>sunt</strong></span> <span class='ocrx_word' id='word_1_138' title='bbox 905 2291 939 2355; x_wconf 93' lang='lat' dir='ltr'><strong>in</strong></span> <span class='ocrx_word' id='word_1_139' title='bbox 962 2309 1075 2356; x_wconf 89' lang='lat' dir='ltr'><strong>manns</strong></span> <span class='ocrx_word' id='word_1_140' title='bbox 1091 2291 1266 2364; x_wconf 84' lang='lat' dir='ltr'><strong>collatoris,</strong></span> <span class='ocrx_word' id='word_1_141' title='bbox 1283 2293 1337 2356; x_wconf 85' lang='lat' dir='ltr'><strong>rel</strong></span> 
     </span>
     <span class='ocr_line' id='line_1_18' title="bbox 149 2414 1336 2499; baseline 0.002 -21"><span class='ocrx_word' id='word_1_142' title='bbox 149 2415 299 2480; x_wconf 85' lang='lat' dir='ltr'><strong>alienare</strong></span> <span class='ocrx_word' id='word_1_143' title='bbox 323 2414 495 2498; x_wconf 86' lang='lat' dir='ltr'><strong>cupientis;</strong></span> <span class='ocrx_word' id='word_1_144' title='bbox 519 2415 594 2498; x_wconf 86' lang='lat' dir='ltr'><strong>quin</strong></span> <span class='ocrx_word' id='word_1_145' title='bbox 611 2415 730 2479; x_wconf 91' lang='lat' dir='ltr'><strong>nemini</strong></span> <span class='ocrx_word' id='word_1_146' title='bbox 755 2415 832 2480; x_wconf 86' lang='lat' dir='ltr'><strong>licet</strong></span> <span class='ocrx_word' id='word_1_147' title='bbox 847 2414 994 2480; x_wconf 90' lang='lat' dir='ltr'><strong>detinere</strong></span> <span class='ocrx_word' id='word_1_148' title='bbox 1008 2416 1092 2499; x_wconf 90' lang='lat' dir='ltr'><strong>qnod</strong></span> <span class='ocrx_word' id='word_1_149' title='bbox 1112 2415 1153 2479; x_wconf 86' lang='lat' dir='ltr'><strong>ad</strong></span> <span class='ocrx_word' id='word_1_150' title='bbox 1176 2436 1223 2496; x_wconf 84' lang='lat' dir='ltr'><strong>se,</strong></span> <span class='ocrx_word' id='word_1_151' title='bbox 1247 2417 1336 2480; x_wconf 91' lang='lat' dir='ltr'><strong>nullo</strong></span> 
     </span>
     <span class='ocr_line' id='line_1_19' title="bbox 151 2541 412 2625; baseline 0.004 -23"><span class='ocrx_word' id='word_1_152' title='bbox 151 2541 234 2621; x_wconf 87' lang='lat' dir='ltr'><strong>iure,</strong></span> <span class='ocrx_word' id='word_1_153' title='bbox 260 2543 412 2625; x_wconf 86' lang='lat' dir='ltr'><strong>pertinet.</strong></span> 
     </span>
    </p>

    <p class='ocr_par' dir='ltr' id='par_1_6' title="bbox 151 2663 1338 3749">
     <span class='ocr_line' id='line_1_20' title="bbox 243 2663 1335 2747; baseline 0.004 -18"><span class='ocrx_word' id='word_1_154' title='bbox 243 2665 295 2729; x_wconf 86' lang='lat' dir='ltr'><strong>Dc</strong></span> <span class='ocrx_word' id='word_1_155' title='bbox 305 2664 419 2747; x_wconf 82' lang='lat' dir='ltr'><strong>pretio</strong></span> <span class='ocrx_word' id='word_1_156' title='bbox 435 2663 621 2731; x_wconf 81' lang='lat' dir='ltr'><strong>simoniaca</strong></span> <span class='ocrx_word' id='word_1_157' title='bbox 637 2672 713 2728; x_wconf 89' lang='lat' dir='ltr'><strong>ante</strong></span> <span class='ocrx_word' id='word_1_158' title='bbox 730 2667 922 2729; x_wconf 86' lang='lat' dir='ltr'><strong>sententiam</strong></span> <span class='ocrx_word' id='word_1_159' title='bbox 939 2664 1053 2730; x_wconf 90' lang='lat' dir='ltr'><strong>indicis</strong></span> <span class='ocrx_word' id='word_1_160' title='bbox 1066 2702 1083 2713; x_wconf 94' lang='lat'>·</span> <span class='ocrx_word' id='word_1_161' title='bbox 1095 2666 1303 2733; x_wconf 78' lang='lat' dir='ltr'><strong>restituendo</strong></span> <span class='ocrx_word' id='word_1_162' title='bbox 1317 2702 1335 2713; x_wconf 95' lang='lat'>-</span> 
     </span>
     <span class='ocr_line' id='line_1_21' title="bbox 152 2789 1334 2875; baseline 0.002 -22"><span class='ocrx_word' id='word_1_163' title='bbox 152 2790 236 2855; x_wconf 88' lang='lat' dir='ltr'><strong>haec</strong></span> <span class='ocrx_word' id='word_1_164' title='bbox 249 2795 433 2857; x_wconf 87' lang='lat' dir='ltr'><strong>teneantur.</strong></span> <span class='ocrx_word' id='word_1_165' title='bbox 446 2826 461 2837; x_wconf 94' lang='lat'>-</span> <span class='ocrx_word' id='word_1_166' title='bbox 475 2790 624 2855; x_wconf 86' lang='lat' dir='ltr'><strong>lamrero</strong></span> <span class='ocrx_word' id='word_1_167' title='bbox 637 2789 715 2853; x_wconf 93' lang='lat' dir='ltr'><strong>illud</strong></span> <span class='ocrx_word' id='word_1_168' title='bbox 727 2791 915 2875; x_wconf 83' lang='lat' dir='ltr'><strong>temporale,</strong></span> <span class='ocrx_word' id='word_1_169' title='bbox 929 2791 1028 2855; x_wconf 85' lang='lat' dir='ltr'><strong>veluti</strong></span> <span class='ocrx_word' id='word_1_170' title='bbox 1043 2792 1193 2875; x_wconf 86' lang='lat' dir='ltr'><strong>pretinm</strong></span> <span class='ocrx_word' id='word_1_171' title='bbox 1206 2791 1255 2856; x_wconf 88' lang='lat' dir='ltr'><strong>rei</strong></span> <span class='ocrx_word' id='word_1_172' title='bbox 1266 2793 1334 2875; x_wconf 81' lang='lat' dir='ltr'><strong>rpi-</strong></span> 
     </span>
     <span class='ocr_line' id='line_1_22' title="bbox 151 2910 1335 3009; baseline 0.003 -33"><span class='ocrx_word' id='word_1_173' title='bbox 151 2913 299 2992; x_wconf 75' lang='lat' dir='ltr'><strong>ritualis,</strong></span> <span class='ocrx_word' id='word_1_174' title='bbox 317 2910 455 2979; x_wconf 87' lang='lat' dir='ltr'><strong>habetur</strong></span> <span class='ocrx_word' id='word_1_175' title='bbox 478 2918 514 2981; x_wconf 87' lang='lat' dir='ltr'><strong>ut</strong></span> <span class='ocrx_word' id='word_1_176' title='bbox 528 2914 659 2979; x_wconf 91' lang='lat' dir='ltr'><strong>omnino</strong></span> <span class='ocrx_word' id='word_1_177' title='bbox 675 2914 791 2977; x_wconf 86' lang='lat' dir='ltr'><strong>iniuste</strong></span> <span class='ocrx_word' id='word_1_178' title='bbox 808 2920 974 2998; x_wconf 89' lang='lat' dir='ltr'><strong>acceptum</strong></span> <span class='ocrx_word' id='word_1_179' title='bbox 995 2913 1079 2997; x_wconf 92' lang='lat' dir='ltr'><strong>quod</strong></span> <span class='ocrx_word' id='word_1_180' title='bbox 1094 2916 1165 2998; x_wconf 90' lang='lat' dir='ltr'><strong>quis</strong></span> <span class='ocrx_word' id='word_1_181' title='bbox 1184 2915 1335 3009; x_wconf 86' lang='lat' dir='ltr'><strong>acquirit,</strong></span> 
     </span>
     <span class='ocr_line' id='line_1_23' title="bbox 151 3039 1336 3125; baseline 0.002 -22"><span class='ocrx_word' id='word_1_182' title='bbox 151 3041 284 3104; x_wconf 91' lang='lat' dir='ltr'><strong>omnino</strong></span> <span class='ocrx_word' id='word_1_183' title='bbox 311 3039 466 3113; x_wconf 84' lang='lat' dir='ltr'><strong>indebite.</strong></span> <span class='ocrx_word' id='word_1_184' title='bbox 491 3040 532 3105; x_wconf 93' lang='lat' dir='ltr'><strong>ob</strong></span> <span class='ocrx_word' id='word_1_185' title='bbox 560 3059 628 3105; x_wconf 90' lang='lat' dir='ltr'><strong>rem</strong></span> <span class='ocrx_word' id='word_1_186' title='bbox 655 3040 857 3125; x_wconf 87' lang='lat' dir='ltr'><strong>spiritualem</strong></span> <span class='ocrx_word' id='word_1_187' title='bbox 880 3040 1148 3122; x_wconf 84' lang='lat' dir='ltr'><strong>administratam,</strong></span> <span class='ocrx_word' id='word_1_188' title='bbox 1173 3044 1286 3125; x_wconf 86' lang='lat' dir='ltr'><strong>utputa</strong></span> <span class='ocrx_word' id='word_1_189' title='bbox 1309 3042 1336 3105; x_wconf 88' lang='lat' dir='ltr'><strong>si</strong></span> 
     </span>
     <span class='ocr_line' id='line_1_24' title="bbox 152 3162 1337 3249; baseline 0.003 -22"><span class='ocrx_word' id='word_1_190' title='bbox 152 3164 317 3248; x_wconf 87' lang='lat' dir='ltr'><strong>parochus</strong></span> <span class='ocrx_word' id='word_1_191' title='bbox 347 3162 387 3228; x_wconf 92' lang='lat' dir='ltr'><strong>ob</strong></span> <span class='ocrx_word' id='word_1_192' title='bbox 413 3163 724 3229; x_wconf 86' lang='lat' dir='ltr'><strong>administrationem</strong></span> <span class='ocrx_word' id='word_1_193' title='bbox 756 3170 1033 3230; x_wconf 83' lang='lat' dir='ltr'><strong>sacramentomm</strong></span> <span class='ocrx_word' id='word_1_194' title='bbox 1065 3184 1111 3231; x_wconf 85' lang='lat' dir='ltr'><strong>ea</strong></span> <span class='ocrx_word' id='word_1_195' title='bbox 1136 3184 1198 3231; x_wconf 77' lang='lat' dir='ltr'><strong>sao</strong></span> <span class='ocrx_word' id='word_1_196' title='bbox 1226 3165 1337 3249; x_wconf 80' lang='lat' dir='ltr'><strong>officio</strong></span> 
     </span>
     <span class='ocr_line' id='line_1_25' title="bbox 152 3286 1334 3374; baseline -0.002 -21"><span class='ocrx_word' id='word_1_197' title='bbox 152 3286 399 3373; x_wconf 85' lang='lat' dir='ltr'><strong>adimplendam,</strong></span> <span class='ocrx_word' id='word_1_198' title='bbox 424 3288 542 3371; x_wconf 86' lang='lat' dir='ltr'><strong>aliquid</strong></span> <span class='ocrx_word' id='word_1_199' title='bbox 571 3290 690 3373; x_wconf 83' lang='lat' dir='ltr'><strong>exiget,</strong></span> <span class='ocrx_word' id='word_1_200' title='bbox 715 3288 795 3353; x_wconf 84' lang='lat' dir='ltr'><strong>elias</strong></span> <span class='ocrx_word' id='word_1_201' title='bbox 823 3295 1000 3374; x_wconf 81' lang='lat' dir='ltr'><strong>negaturus</strong></span> <span class='ocrx_word' id='word_1_202' title='bbox 1027 3308 1096 3353; x_wconf 90' lang='lat' dir='ltr'><strong>rem</strong></span> <span class='ocrx_word' id='word_1_203' title='bbox 1123 3288 1334 3374; x_wconf 85' lang='lat' dir='ltr'><strong>spiritualem.</strong></span> 
     </span>
     <span class='ocr_line' id='line_1_26' title="bbox 153 3412 1338 3499; baseline 0 -22"><span class='ocrx_word' id='word_1_204' title='bbox 153 3412 246 3488; x_wconf 86' lang='lat' dir='ltr'><strong>Quod</strong></span> <span class='ocrx_word' id='word_1_205' title='bbox 269 3414 297 3477; x_wconf 89' lang='lat' dir='ltr'><strong>si</strong></span> <span class='ocrx_word' id='word_1_206' title='bbox 321 3412 440 3496; x_wconf 92' lang='lat' dir='ltr'><strong>aliquid</strong></span> <span class='ocrx_word' id='word_1_207' title='bbox 463 3415 574 3499; x_wconf 82' lang='lat' dir='ltr'><strong>exigat</strong></span> <span class='ocrx_word' id='word_1_208' title='bbox 597 3413 637 3477; x_wconf 92' lang='lat' dir='ltr'><strong>ob</strong></span> <span class='ocrx_word' id='word_1_209' title='bbox 660 3413 804 3478; x_wconf 90' lang='lat' dir='ltr'><strong>laborem</strong></span> <span class='ocrx_word' id='word_1_210' title='bbox 828 3414 1068 3485; x_wconf 77' lang='lat' dir='ltr'><strong>extrinsecam,</strong></span> <span class='ocrx_word' id='word_1_211' title='bbox 1088 3413 1258 3478; x_wconf 90' lang='lat' dir='ltr'><strong>dummodo</strong></span> <span class='ocrx_word' id='word_1_212' title='bbox 1282 3414 1338 3477; x_wconf 93' lang='lat' dir='ltr'><strong>ali·</strong></span> 
     </span>
     <span class='ocr_line' id='line_1_27' title="bbox 153 3538 1338 3625; baseline -0.002 -20"><span class='ocrx_word' id='word_1_213' title='bbox 153 3540 229 3623; x_wconf 90' lang='lat' dir='ltr'><strong>quid</strong></span> <span class='ocrx_word' id='word_1_214' title='bbox 249 3542 380 3603; x_wconf 91' lang='lat' dir='ltr'><strong>omnino</strong></span> <span class='ocrx_word' id='word_1_215' title='bbox 405 3538 608 3604; x_wconf 90' lang='lat' dir='ltr'><strong>immodicum</strong></span> <span class='ocrx_word' id='word_1_216' title='bbox 633 3560 697 3603; x_wconf 92' lang='lat' dir='ltr'><strong>non</strong></span> <span class='ocrx_word' id='word_1_217' title='bbox 721 3544 915 3625; x_wconf 80' lang='lat' dir='ltr'><strong>extorqueat</strong></span> <span class='ocrx_word' id='word_1_218' title='bbox 937 3546 1071 3625; x_wconf 83' lang='lat' dir='ltr'><strong>praeter</strong></span> <span class='ocrx_word' id='word_1_219' title='bbox 1094 3540 1239 3605; x_wconf 93' lang='lat' dir='ltr'><strong>locorum</strong></span> <span class='ocrx_word' id='word_1_220' title='bbox 1264 3560 1338 3605; x_wconf 91' lang='lat' dir='ltr'><strong>con·</strong></span> 
     </span>
     <span class='ocr_line' id='line_1_28' title="bbox 153 3664 1337 3749; baseline 0 -20"><span class='ocrx_word' id='word_1_221' title='bbox 153 3664 357 3730; x_wconf 86' lang='lat' dir='ltr'><strong>suetudinem</strong></span> <span class='ocrx_word' id='word_1_222' title='bbox 389 3670 422 3729; x_wconf 88' lang='lat' dir='ltr'><strong>et</strong></span> <span class='ocrx_word' id='word_1_223' title='bbox 452 3670 585 3749; x_wconf 86' lang='lat' dir='ltr'><strong>praeter</strong></span> <span class='ocrx_word' id='word_1_224' title='bbox 615 3684 742 3729; x_wconf 88' lang='lat' dir='ltr'><strong>ornnem</strong></span> <span class='ocrx_word' id='word_1_225' title='bbox 773 3667 1048 3749; x_wconf 86' lang='lat' dir='ltr'><strong>comparationem</strong></span> <span class='ocrx_word' id='word_1_226' title='bbox 1078 3666 1166 3730; x_wconf 90' lang='lat' dir='ltr'><strong>intra</strong></span> <span class='ocrx_word' id='word_1_227' title='bbox 1192 3664 1337 3729; x_wconf 89' lang='lat' dir='ltr'><strong>laborem</strong></span> 
     </span>
    </p>

    <p class='ocr_par' dir='ltr' id='par_1_7' title="bbox 129 3790 1339 3875">
     <span class='ocr_line' id='line_1_29' title="bbox 129 3790 1339 3875; baseline -0.002 -21"><span class='ocrx_word' id='word_1_228' title='bbox 129 3790 133 3803; x_wconf 93' lang='lat'>&#39;</span> <span class='ocrx_word' id='word_1_229' title='bbox 155 3792 377 3855; x_wconf 74' lang='lat' dir='ltr'><strong>extrinsecum</strong></span> <span class='ocrx_word' id='word_1_230' title='bbox 401 3808 458 3853; x_wconf 91' lang='lat' dir='ltr'><strong>seu</strong></span> <span class='ocrx_word' id='word_1_231' title='bbox 479 3808 548 3854; x_wconf 91' lang='lat' dir='ltr'><strong>rem</strong></span> <span class='ocrx_word' id='word_1_232' title='bbox 566 3790 777 3875; x_wconf 87' lang='lat' dir='ltr'><strong>temporalem</strong></span> <span class='ocrx_word' id='word_1_233' title='bbox 794 3794 827 3853; x_wconf 90' lang='lat' dir='ltr'><strong>et</strong></span> <span class='ocrx_word' id='word_1_234' title='bbox 850 3790 989 3874; x_wconf 89' lang='lat' dir='ltr'><strong>pretium</strong></span> <span class='ocrx_word' id='word_1_235' title='bbox 1005 3794 1186 3875; x_wconf 88' lang='lat' dir='ltr'><strong>acceptum,</strong></span> <span class='ocrx_word' id='word_1_236' title='bbox 1203 3790 1339 3853; x_wconf 83' lang='lat' dir='ltr'><strong>simonia</strong></span> 
     </span>
    </p>
   </div>
   <div class='ocr_carea' id='block_1_5' title="bbox 155 4000 1339 4603">
    <p class='ocr_par' dir='ltr' id='par_1_8' title="bbox 155 4000 1338 4071">
     <span class='ocr_line' id='line_1_30' title="bbox 155 4000 1338 4071; baseline -0.002 -17"><span class='ocrx_word' id='word_1_237' title='bbox 155 4002 324 4057; x_wconf 88' lang='lat' dir='ltr'><strong>commercii.</strong></span> <span class='ocrx_word' id='word_1_238' title='bbox 353 4000 467 4055; x_wconf 81' lang='lat' dir='ltr'><strong>Statuta</strong></span> <span class='ocrx_word' id='word_1_239' title='bbox 493 4016 560 4057; x_wconf 86' lang='lat' dir='ltr'><strong>vero</strong></span> <span class='ocrx_word' id='word_1_240' title='bbox 588 4006 631 4056; x_wconf 83' lang='lat' dir='ltr'><strong>est</strong></span> <span class='ocrx_word' id='word_1_241' title='bbox 658 4016 748 4071; x_wconf 86' lang='lat' dir='ltr'><strong>poena</strong></span> <span class='ocrx_word' id='word_1_242' title='bbox 775 4001 1068 4071; x_wconf 63' lang='lat' dir='ltr'><strong>permicantem.</strong></span> <span class='ocrx_word' id='word_1_243' title='bbox 1091 4001 1289 4054; x_wconf 86' lang='lat' dir='ltr'><strong>beneficiorum</strong></span> <span class='ocrx_word' id='word_1_244' title='bbox 1309 4006 1338 4055; x_wconf 89' lang='lat' dir='ltr'><strong>et</strong></span> 
     </span>
    </p>

    <p class='ocr_par' dir='ltr' id='par_1_9' title="bbox 155 4105 1339 4178">
     <span class='ocr_line' id='line_1_31' title="bbox 155 4105 1339 4178; baseline -0.001 -17"><span class='ocrx_word' id='word_1_245' title='bbox 155 4108 307 4162; x_wconf 88' lang='lat' dir='ltr'><strong>officiorum</strong></span> <span class='ocrx_word' id='word_1_246' title='bbox 328 4112 358 4162; x_wconf 90' lang='lat' dir='ltr'><strong>et</strong></span> <span class='ocrx_word' id='word_1_247' title='bbox 376 4105 564 4161; x_wconf 85' lang='lat' dir='ltr'><strong>inhabilitatis</strong></span> <span class='ocrx_word' id='word_1_248' title='bbox 577 4108 609 4160; x_wconf 93' lang='lat' dir='ltr'><strong>ad</strong></span> <span class='ocrx_word' id='word_1_249' title='bbox 625 4106 693 4161; x_wconf 88' lang='lat' dir='ltr'><strong>haec</strong></span> <span class='ocrx_word' id='word_1_250' title='bbox 707 4112 735 4161; x_wconf 92' lang='lat' dir='ltr'><strong>et</strong></span> <span class='ocrx_word' id='word_1_251' title='bbox 748 4122 939 4178; x_wconf 86' lang='lat' dir='ltr'><strong>quaecumque</strong></span> <span class='ocrx_word' id='word_1_252' title='bbox 957 4105 1015 4161; x_wconf 81' lang='lat' dir='ltr'><strong>elia</strong></span> <span class='ocrx_word' id='word_1_253' title='bbox 1032 4106 1191 4160; x_wconf 86' lang='lat' dir='ltr'><strong>obtinendo.</strong></span> <span class='ocrx_word' id='word_1_254' title='bbox 1211 4106 1250 4160; x_wconf 83' lang='lat' dir='ltr'><strong>Cf.</strong></span> <span class='ocrx_word' id='word_1_255' title='bbox 1270 4108 1339 4161; x_wconf 81' lang='lat' dir='ltr'><strong>The·</strong></span> 
     </span>
    </p>

    <p class='ocr_par' dir='ltr' id='par_1_10' title="bbox 155 4212 1337 4283">
     <span class='ocr_line' id='line_1_32' title="bbox 155 4212 1337 4283; baseline -0.001 -16"><span class='ocrx_word' id='word_1_256' title='bbox 155 4232 257 4269; x_wconf 71' lang='lat' dir='ltr'><strong>salimes</strong></span> <span class='ocrx_word' id='word_1_257' title='bbox 277 4214 317 4278; x_wconf 84' lang='lat'><strong>11,</strong></span> <span class='ocrx_word' id='word_1_258' title='bbox 336 4231 362 4267; x_wconf 82' lang='lat' dir='ltr'><strong>v.</strong></span> <span class='ocrx_word' id='word_1_259' title='bbox 383 4212 460 4280; x_wconf 67' lang='lat' dir='ltr'><strong>Sim„</strong></span> <span class='ocrx_word' id='word_1_260' title='bbox 479 4232 500 4269; x_wconf 89' lang='lat' dir='ltr'><strong>o.</strong></span> <span class='ocrx_word' id='word_1_261' title='bbox 518 4216 566 4267; x_wconf 88' lang='lat'><strong>15.</strong></span> <span class='ocrx_word' id='word_1_262' title='bbox 586 4214 657 4266; x_wconf 82' lang='lat' dir='ltr'><strong>llam</strong></span> <span class='ocrx_word' id='word_1_263' title='bbox 676 4218 798 4283; x_wconf 84' lang='lat' dir='ltr'><strong>receptio</strong></span> <span class='ocrx_word' id='word_1_264' title='bbox 819 4217 848 4265; x_wconf 86' lang='lat' dir='ltr'><strong>in</strong></span> <span class='ocrx_word' id='word_1_265' title='bbox 866 4213 1128 4283; x_wconf 72' lang='lat' dir='ltr'><strong>confraternitatem</strong></span> <span class='ocrx_word' id='word_1_266' title='bbox 1147 4219 1190 4267; x_wconf 88' lang='lat' dir='ltr'><strong>est</strong></span> <span class='ocrx_word' id='word_1_267' title='bbox 1208 4213 1295 4277; x_wconf 87' lang='lat' dir='ltr'><strong>nulla,</strong></span> <span class='ocrx_word' id='word_1_268' title='bbox 1314 4214 1337 4266; x_wconf 91' lang='lat' dir='ltr'><strong>si</strong></span> 
     </span>
    </p>

    <p class='ocr_par' dir='ltr' id='par_1_11' title="bbox 157 4319 1338 4391">
     <span class='ocr_line' id='line_1_33' title="bbox 157 4319 1338 4391; baseline -0.001 -16"><span class='ocrx_word' id='word_1_269' title='bbox 157 4323 275 4391; x_wconf 87' lang='lat' dir='ltr'><strong>pretinm</strong></span> <span class='ocrx_word' id='word_1_270' title='bbox 290 4321 454 4375; x_wconf 86' lang='lat' dir='ltr'><strong>intercedat</strong></span> <span class='ocrx_word' id='word_1_271' title='bbox 470 4320 511 4375; x_wconf 87' lang='lat' dir='ltr'><strong>Ex</strong></span> <span class='ocrx_word' id='word_1_272' title='bbox 524 4321 626 4375; x_wconf 83' lang='lat' dir='ltr'><strong>decret.</strong></span> <span class='ocrx_word' id='word_1_273' title='bbox 639 4320 665 4373; x_wconf 93' lang='lat' dir='ltr'><strong>S.</strong></span> <span class='ocrx_word' id='word_1_274' title='bbox 679 4320 708 4375; x_wconf 89' lang='lat' dir='ltr'><strong>C.</strong></span> <span class='ocrx_word' id='word_1_275' title='bbox 722 4320 778 4374; x_wconf 90' lang='lat' dir='ltr'><strong>lnd.</strong></span> <span class='ocrx_word' id='word_1_276' title='bbox 793 4319 917 4385; x_wconf 73' lang='lat' dir='ltr'><strong>(Deerat.</strong></span> <span class='ocrx_word' id='word_1_277' title='bbox 929 4322 1051 4375; x_wconf 76' lang='lat' dir='ltr'><strong>authent.</strong></span> <span class='ocrx_word' id='word_1_278' title='bbox 1064 4337 1091 4373; x_wconf 90' lang='lat' dir='ltr'><strong>n.</strong></span> <span class='ocrx_word' id='word_1_279' title='bbox 1106 4321 1179 4386; x_wconf 65' lang='lat'><strong>341)</strong></span> <span class='ocrx_word' id='word_1_280' title='bbox 1193 4321 1220 4373; x_wconf 92' lang='lat' dir='ltr'><strong>in</strong></span> <span class='ocrx_word' id='word_1_281' title='bbox 1239 4321 1338 4374; x_wconf 82' lang='lat' dir='ltr'><strong>Valen-</strong></span> 
     </span>
    </p>

    <p class='ocr_par' dir='ltr' id='par_1_12' title="bbox 157 4426 1338 4603">
     <span class='ocr_line' id='line_1_34' title="bbox 157 4426 1338 4496; baseline 0 -15"><span class='ocrx_word' id='word_1_282' title='bbox 157 4432 239 4485; x_wconf 80' lang='lat' dir='ltr'><strong>tinsn.</strong></span> <span class='ocrx_word' id='word_1_283' title='bbox 254 4430 291 4483; x_wconf 82' lang='lat'><strong>12</strong></span> <span class='ocrx_word' id='word_1_284' title='bbox 305 4428 361 4482; x_wconf 82' lang='lat' dir='ltr'><strong>Iul.</strong></span> <span class='ocrx_word' id='word_1_285' title='bbox 376 4428 460 4481; x_wconf 82' lang='grc'><em>1847</em></span> <span class='ocrx_word' id='word_1_286' title='bbox 472 4444 526 4483; x_wconf 92' lang='lat' dir='ltr'><strong>non</strong></span> <span class='ocrx_word' id='word_1_287' title='bbox 540 4430 582 4482; x_wconf 83' lang='lat' dir='ltr'><strong>fas</strong></span> <span class='ocrx_word' id='word_1_288' title='bbox 595 4432 638 4483; x_wconf 82' lang='lat' dir='ltr'><strong>est</strong></span> <span class='ocrx_word' id='word_1_289' title='bbox 652 4429 772 4485; x_wconf 84' lang='lat' dir='ltr'><strong>vendere</strong></span> <span class='ocrx_word' id='word_1_290' title='bbox 785 4428 892 4482; x_wconf 81' lang='lat' dir='ltr'><strong>rosaria</strong></span> <span class='ocrx_word' id='word_1_291' title='bbox 910 4444 974 4481; x_wconf 90' lang='lat' dir='ltr'><strong>cnm</strong></span> <span class='ocrx_word' id='word_1_292' title='bbox 987 4426 1170 4496; x_wconf 80' lang='lat' dir='ltr'><strong>indulgentiis</strong></span> <span class='ocrx_word' id='word_1_293' title='bbox 1183 4428 1338 4490; x_wconf 80' lang='lat' dir='ltr'><strong>benedicta,</strong></span> 
     </span>
     <span class='ocr_line' id='line_1_35' title="bbox 265 4532 1231 4603; baseline -0.003 -16"><span class='ocrx_word' id='word_1_294' title='bbox 265 4534 328 4588; x_wconf 84' lang='lat' dir='ltr'><strong>Soc.</strong></span> <span class='ocrx_word' id='word_1_295' title='bbox 349 4532 427 4603; x_wconf 74' lang='lat' dir='ltr'><strong>Lapa</strong></span> <span class='ocrx_word' id='word_1_296' title='bbox 1215 4537 1231 4584; x_wconf 84' lang='grc'><strong>4</strong></span> 
     </span>
    </p>
   </div>
   <div class='ocr_carea' id='block_1_6' title="bbox 0 0 1692 5100">
    <p class='ocr_par' dir='ltr' id='par_1_13' title="bbox 0 0 1692 5100">
     <span class='ocr_line' id='line_1_36' title="bbox 0 0 1692 5100; baseline 0 0"><span class='ocrx_word' id='word_1_297' title='bbox 0 0 1692 5100; x_wconf 95' lang='lat' dir='ltr'><strong> </strong></span> 
     </span>
    </p>
   </div>
  </div>
 </body>
</html>
