3350 5100
338 239 406 305 290
854 258 935 305 raas
961 258 997 303 11.

339 382 476 449 rendum
491 388 524 449 et
539 383 682 447 formare
698 401 887 467 processum
911 389 972 446 etc.
992 402 1021 447 ›.
1039 382 1130 457 Quod
1155 382 1208 448 hic
1224 382 1324 449 tradit
1340 384 1519 470 Pellegriui

338 508 379 574 de
400 513 594 575 accusatore
610 507 663 573 vel
679 512 771 581 teste,
787 526 890 591 aeque
914 507 1001 573 valet
1017 527 1077 591 pro
1093 512 1244 573 accusato
1261 513 1295 575 et
1309 508 1439 592 planum
1461 516 1517 575 est.

427 633 532 697 Porro
559 632 715 699 eiusmodi
746 631 917 705 confessio,
942 631 1026 715 quod
1054 632 1095 697 ad
1126 632 1214 697 illam
1247 634 1443 715 instantiam,
1468 641 1518 701 est

335 774 419 842 pene
431 754 703 821 maiadiaialis
716 754 915 841 proindeque
931 774 996 820 non
1009 754 1043 820 flt
1055 754 1202 840 probatio
1215 756 1386 823 iudicialis
1401 777 1517 841 quous-

335 898 398 964 que
420 879 461 945 de
484 881 621 945 crimine
644 881 825 945 instaurata
850 899 915 945 non
947 881 988 945 sit
1010 880 1181 965 iudicialis
1207 882 1371 955 instantia,
1395 884 1428 946 in
1456 902 1517 967 qua

336 1005 506 1078 confessio,
521 1007 584 1071 rite
606 1020 759 1090 expensa,
772 1002 844 1070 fieri
864 1010 971 1090 potest
994 1006 1089 1090 plena
1112 1006 1259 1091 probatio
1282 1011 1358 1091 apta
1381 1012 1422 1071 ad
1445 1012 1518 1073 coit·

336 1130 551 1196 demnandum
568 1148 660 1195 reum
674 1130 869 1196 iudicialiter
881 1112 1074 1195 convictum.
1090 1166 1107 1179 -
1122 1129 1170 1197 of.
1185 1131 1259 1197 Vol.
1274 1133 1287 1196 Ι
1292 1182 1299 1203 ,
1313 1151 1346 1195 n.
1359 1132 1425 1197 452
1440 1152 1486 1217 sq.
1500 1167 1516 1179 -

337 1252 503 1318 articulus
536 1252 575 1317 15
605 1252 658 1317 cit.
686 1250 766 1317 Inst.
795 1253 864 1317 EE.
896 1258 929 1317 et
960 1252 1030 1317 RR.
1063 1258 1157 1317 cavet
1187 1254 1221 1317 iu
1251 1252 1517 1336 confessionibus

335 1377 655 1444 catraiadicialibus
685 1377 824 1442 obtineri
848 1396 946 1442 unum
974 1396 1016 1442 ex
1044 1376 1170 1442 indiciis
1196 1377 1292 1443 valde
1314 1376 1516 1445 attendendis
1555 1376 1558 1381 ’

335 1507 370 1567 et
392 1522 451 1585 per
466 1502 549 1567 istas
563 1520 658 1588 posse
673 1503 823 1568 constitui
839 1501 957 1568 cariae
971 1500 1261 1583 informationem,
1278 1504 1443 1586 praeviam
1467 1503 1516 1569 rei

335 1624 490 1689 citationi·
507 1624 673 1691 Confessio
688 1629 797 1690 autem
813 1623 996 1689 huiusmodi
1013 1629 1149 1690 vocatur
1164 1624 1446 1699 emtraiadicialta
1462 1625 1516 1691 vel

335 1749 411 1831 quia
436 1749 525 1813 facta
547 1753 596 1813 est
618 1768 639 1813 a
662 1768 718 1814 reo
741 1753 875 1836 praeter
897 1768 1133 1833 quamcumque
1163 1751 1366 1815 occasionem
1396 1749 1515 1823 iudicii,

334 1873 388 1937 vel
412 1874 487 1957 quia
509 1874 597 1940 facta
619 1877 670 1940 est
691 1873 776 1959 apud
799 1875 903 1959 ipsum
926 1873 1063 1939 iudicem
1084 1874 1300 1958 inquirentem
1321 1894 1378 1939 seu
1395 1875 1514 1939 instru-

334 1999 470 2067 ctorem,
495 1995 551 2061 sed
573 2000 649 2061 ante
671 1996 761 2062 litem
785 2001 1008 2063 contestatam.

422 2120 498 2186 224.
523 2120 692 2188 Confessio
706 2122 879 2189 iudicialis
894 2142 953 2207 per
969 2123 1223 2207 interrogatoria
1234 2121 1448 2207 exprimenda
1463 2126 1515 2187 est

333 2265 378 2311 ex
404 2265 463 2311 ore
494 2247 560 2322 rei;
587 2266 688 2330 quare
719 2248 882 2315 confessio
913 2254 962 2314 est
993 2250 1115 2332 optima
1137 2246 1372 2333 probationum,
1398 2248 1515 2333 quippe

333 2372 551 2456 praesumitur
581 2392 655 2437 cum
684 2373 824 2437 veritate
854 2368 1052 2445 cohaerere,
1077 2376 1127 2439 est
1156 2372 1242 2437 enim
1267 2374 1336 2456 ipse
1367 2372 1513 2435 criminis

332 2501 458 2571 auctor,
482 2498 536 2582 qui
559 2498 685 2563 crimen
711 2497 823 2601 pandit
850 2500 982 2582 eiusque
1008 2496 1170 2562 adiuncta.
1196 2496 1319 2562 Verum
1353 2497 1513 2563 confessio

333 2623 519 2687 necessario
542 2641 632 2688 suam
655 2623 773 2689 amittit
795 2625 948 2688 virtutem
972 2621 1184 2708 probativam,
1201 2623 1229 2687 si
1253 2641 1318 2686 non
1342 2623 1383 2688 sit
1406 2622 1513 2689 libera

291 2770 293 2774 ’
331 2766 390 2812 eeu
413 2767 477 2812 non
501 2745 642 2832 profluat
665 2769 707 2812 ea
730 2749 843 2813 intima
865 2749 963 2813 animi
991 2749 1202 2833 persuasione
1225 2747 1282 2812 sed
1305 2767 1349 2813 ex
1377 2769 1435 2814 ore
1463 2749 1511 2813 rei

332 2853 499 2955 promatur
522 2871 574 2935 vet
590 2889 650 2955 per
670 2870 851 2959 fallaciam
873 2871 1140 2958 interrogationis
1155 2877 1211 2936 aut
1225 2891 1286 2956 per
1304 2871 1510 2937 uiolentiam.

420 2994 576 3062 Fallacia
589 2998 856 3082 interrogationis
872 2999 1057 3063 continetur
1072 2999 1105 3062 in
1117 3003 1277 3084 supposta
1289 3017 1346 3064 seu
1358 2999 1392 3064 in
1409 2998 1511 3065 inter-

331 3120 553 3206 rogationibus
575 3123 784 3208 sappestivis.
809 3123 987 3208 Suggestus
1003 3121 1039 3188 dt
1056 3143 1127 3187 cum
1145 3125 1418 3209 interrogationes
1433 3124 1509 3188 insi·

332 3249 433 3309 nuent
448 3244 577 3329 aliquod
591 3245 713 3311 factum
729 3253 785 3313 aut
796 3247 874 3313 tacti
890 3247 1086 3329 adiunctum,
1099 3247 1199 3314 veluti
1212 3247 1381 3331 probatum
1396 3253 1429 3314 et
1444 3267 1510 3313 non

330 3374 588 3451 controversum,
605 3370 699 3455 quod,
713 3391 839 3458 reapse,
852 3392 957 3457 neque
973 3372 1140 3457 probatum
1153 3377 1202 3438 est
1213 3391 1318 3457 neque
1334 3377 1426 3438 caret
1437 3391 1510 3438 con·

330 3496 503 3560 troversia.
521 3496 573 3560 Ex
595 3497 659 3561 hac
681 3495 896 3563 affirmatione
919 3497 1033 3563 iudicis
1056 3498 1243 3583 suggeritur
1258 3498 1425 3581 responsio
1449 3497 1509 3572 rei,

330 3619 385 3703 qui
400 3619 530 3685 timidus
552 3619 649 3685 facile
672 3619 814 3689 affirmat
829 3620 982 3707 quidquid
997 3641 1017 3686 a
1031 3621 1138 3688 iudice
1160 3620 1281 3706 absque
1296 3623 1510 3688 haesitatione

329 3750 547 3811 asseveratur.
572 3745 735 3821 Quocirca
755 3746 950 3834 supportica
973 3747 1187 3832 interrogatio
1202 3751 1359 3832 provocat
1373 3766 1509 3831 respon-

329 3867 453 3932 sionem
476 3888 541 3934 nou
563 3870 704 3936 elicitam
728 3891 771 3938 ex
794 3871 909 3937 intima
931 3870 1141 3955 persuasione
1157 3868 1396 3955 respondentis;
1413 3869 1507 3943 uude.

330 3994 498 4076 responsio
528 3999 578 4061 eet
604 3995 699 4062 dabit
728 3996 850 4062 valoris
882 3993 937 4081 (l).
962 3997 1139 4082 Suggestus
1169 4000 1276 4060 autem
1307 4011 1372 4059 non
1403 3996 1508 4060 miuus

419 4165 460 4240 (l)
480 4169 519 4224 De
531 4176 667 4241 suggestu
680 4172 794 4226 vitando
812 4171 884 4226 haec
896 4172 976 4226 docet
989 4171 1143 4241 Pellegrini
1158 4172 1212 4225 lac.
1228 4173 1272 4225 cit.
1287 4171 1358 4225 Sect.
1379 4170 1447 4238 lta.
1465 4171 1507 4224 83

329 4271 446 4345 loquens
464 4278 497 4333 de
515 4279 636 4333 testibus
653 4280 868 4350 interrogandis.
887 4279 1068 4349 ‹Suggestio
1086 4277 1115 4332 in
1133 4279 1253 4334 testibus
1271 4277 1421 4347 dupliciter
1439 4291 1507 4331 cou-

328 4379 446 4436 siderari
465 4389 565 4452 potest,
583 4397 682 4455 aperta
701 4390 730 4441 st
745 4387 868 4457 palliata
882 4415 897 4426 -
911 4385 1055 4456 suggestio
1073 4394 1173 4456 aperta
1185 4383 1287 4438 dieitur
1299 4382 1409 4454 quando
1425 4381 1507 4438 testis
