3350 5100
534 323 577 370 nn
602 321 755 368 nemoris
780 321 823 368 nr
847 319 968 367 renuis
1296 299 1341 364 33

250 444 318 508 Ista
332 450 426 529 pecta
441 446 559 532 triplici
573 446 730 511 vocabulo
746 445 899 531 distingui
914 445 1029 510 solent.
1043 445 1095 509 Fit
1111 445 1216 530 pactio
1232 462 1341 511 acces·

157 585 227 636 ster,
244 586 319 630 cum
338 569 408 650 quis
431 574 586 654 patronus
608 575 665 633 aut
682 570 816 640 elector,
832 569 947 634 voleus
969 567 1160 634 beneficium
1184 569 1340 634 obvenire

161 690 254 770 Titio,
272 693 305 755 in
322 694 578 775 praesentiarum
593 692 737 766 inhabili,
754 694 806 778 vel
826 692 868 758 ob
884 692 1044 757 deiectum
1060 695 1184 766 aetatis,
1202 695 1254 759 vel
1275 695 1339 760 alia

161 816 201 880 de
225 837 333 882 causa.
351 818 391 882 ad
415 818 491 884 illud
515 821 642 884 interea
665 825 853 904 praesentat
876 825 932 883 aut
946 820 1036 903 eligit
1052 817 1173 900 Caium,
1190 825 1246 884 aut
1266 820 1342 885 buic

122 940 126 959 '
162 941 308 1006 conferri
325 945 400 1007 sinit
415 943 466 1006 vel
483 942 598 1012 studet,
616 963 654 1006 ea
670 943 862 1013 conditione,
880 948 916 1007 ut
930 943 984 1007 bio
999 947 1180 1028 opportuno
1196 949 1342 1029 tempore

160 1063 353 1130 beneficium
378 1070 531 1152 resignet,
548 1077 581 1132 et
596 1069 675 1131 itaa
698 1067 912 1132 determinata
934 1086 1073 1151 persona
1096 1067 1279 1135 obtineatur
1301 1068 1341 1134 ad

161 1186 355 1254 beneficium
380 1209 542 1270 accensure,
567 1211 623 1256 seu
647 1191 864 1276 praesentatio
887 1197 942 1256 aut
965 1191 1091 1255 electio.

254 1313 400 1384 Pactum,
418 1333 474 1377 seu
490 1315 674 1380 reservatio
696 1314 879 1400 inpressae,
894 1314 1112 1399 interponitur
1127 1314 1254 1397 quando
1269 1317 1339 1399 quis

162 1441 220 1500 aut
243 1442 469 1520 praesentatus
492 1443 547 1502 aut
570 1439 751 1504 nominatus
777 1437 817 1502 ad
841 1434 1043 1518 beneficium,
1067 1439 1116 1502 ius
1143 1438 1280 1504 haberet
1303 1438 1342 1503 ad

162 1559 417 1637 institutionem,
435 1569 489 1628 aut
514 1565 575 1628 iem
595 1565 774 1638 irretirentur,
796 1565 920 1628 admitti
944 1563 1076 1630 deberet
1098 1564 1136 1628 ad
1157 1565 1343 1647 possessio-

162 1703 244 1749 nem
260 1686 448 1769 capiendam
469 1685 614 1753 beneficii
631 1689 661 1752 ei
680 1688 798 1757 collati,
817 1689 868 1752 cui
885 1689 1014 1752 interim
1031 1691 1209 1760 renunciat,
1226 1695 1262 1753 ut
1284 1690 1339 1755 alii

165 1809 358 1876 conferatur
372 1811 451 1877 illud
467 1811 668 1893 beneficium,
686 1812 768 1896 quod
785 1819 965 1898 opportuno
987 1819 1142 1897 tempore,
1160 1835 1232 1879 cum
1248 1835 1342 1880 vaca·

164 1935 252 1998 verit
267 1939 323 1998 aut
346 1955 406 2018 per
421 1943 556 2000 mortem
573 1943 629 2002 aut
644 1957 704 2022 per
720 1939 995 2002 renunciationem
1011 1943 1083 2009 etc,
1097 1937 1154 2002 sibi
1178 1947 1234 2002 aut
1248 1938 1344 2004 alteri

166 2056 400 2124 conferendum
424 2062 474 2125 sit.
493 2095 510 2110 -
529 2035 728 2148 Ingreditur
743 2083 821 2126 sane
841 2065 912 2145 quis
926 2053 1127 2133 beneficium,
1144 2081 1240 2145 quum
1265 2062 1342 2128 illud

166 2184 351 2265 assequitur
373 2205 433 2269 per
448 2187 652 2252 collationem
668 2186 814 2259 liberem,
832 2207 891 2270 per
909 2189 1138 2252 institutionem
1156 2193 1226 2270 post
1242 2189 1343 2252 nomi·

168 2306 332 2372 nationem
356 2311 493 2392 petroni,
518 2310 569 2374 vel
594 2311 688 2375 etiem
714 2331 772 2394 per
796 2307 1071 2376 confirmationem
1094 2310 1270 2375 electionis.
1287 2309 1344 2372 la-

166 2449 305 2516 pressus
328 2454 408 2498 vero
430 2433 598 2520 perficitur
619 2457 679 2521 per
700 2443 825 2520 ceptam
845 2436 1101 2519 possessionem.
1124 2433 1215 2500 Unde
1238 2452 1344 2498 reser-

168 2560 255 2622 vatio
289 2560 463 2646 ingrersus
500 2560 538 2628 dt
570 2565 665 2627 etiam
701 2582 721 2627 a
755 2562 927 2630 collatore,
964 2561 1018 2645 qui
1053 2560 1178 2625 cuidam
1216 2560 1346 2624 confert

167 2662 366 2747 beneficium
384 2702 423 2747 eo
445 2691 548 2769 pacto.
574 2692 608 2750 ut
631 2688 691 2749 iste
714 2687 885 2750 renunciet
908 2690 941 2748 et
964 2685 1045 2748 alius
1068 2683 1294 2769 ingrediatur.

259 2805 393 2870 Demum
418 2826 459 2871 ex
478 2814 570 2893 pecto
586 2826 770 2893 repressus,
784 2809 855 2891 quis
870 2804 1026 2872 beneficio
1040 2806 1183 2891 legitime
1196 2811 1345 2871 assecuto

167 2936 200 2993 et
224 2950 371 3014 possesso
395 2934 574 3012 renunciat,
591 2940 625 2997 ut
647 2934 776 3011 interim
800 2932 855 2995 alii
879 2931 1067 2996 conteratur
1091 2951 1130 2994 ea
1152 2929 1344 3006 conditione,

166 3054 304 3120 utillud
329 3076 448 3121 vacans
478 3064 533 3122 aut
558 3078 618 3143 per
645 3064 780 3124 mortem
805 3062 861 3121 aut
883 3076 943 3141 per
966 3058 1261 3130 renunciationem,
1284 3056 1345 3121 sibi

165 3186 225 3245 erut
247 3182 301 3245 alii
325 3183 442 3247 iterum
457 3183 552 3267 plene
567 3182 750 3247 habendum
774 3188 808 3247 et
830 3180 1054 3265 possidendum
1078 3180 1277 3245 conferatur.
1296 3180 1344 3243 lta

165 3306 202 3369 in
216 3304 416 3371 beneficium
439 3307 579 3372 babetur
600 3326 785 3393 repressus.
812 3340 829 3353 -
856 3307 906 3370 lta
928 3325 987 3370 nos
1008 3306 1213 3388 interpretati
1238 3325 1346 3369 sumus

167 3430 230 3495 has
254 3429 400 3497 celebres
432 3434 555 3517 species
580 3432 810 3496 reservationis
834 3450 950 3515 nempe
974 3448 1137 3503 accessus,
1162 3430 1344 3513 inpressas.

169 3558 204 3616 et
225 3572 423 3638 regressam
453 3554 510 3619 sed
541 3556 604 3619 DD.
629 3554 801 3639 plurimum
830 3555 960 3617 variant
994 3554 1025 3616 iu
1056 3551 1257 3637 assignandis
1278 3554 1347 3613 ter-

167 3679 267 3742 minis
298 3678 414 3741 barum
445 3680 720 3753 reservationum;
744 3678 800 3743 sed
820 3674 1001 3743 differentia
1030 3682 1080 3741 eet
1109 3672 1347 3753 accidentali&

168 3803 246 3885 quia
269 3800 447 3868 substantia
467 3803 549 3868 baec
572 3809 637 3877 est;
662 3823 777 3888 nempe
803 3803 896 3866 Pium
913 3802 961 3866 lV
985 3822 1044 3865 sua
1060 3802 1166 3865 Coust.
1189 3798 1249 3881 §3
1271 3817 1346 3883 pro-

168 3926 312 3991 hibuisse
338 3926 491 3992 eiusmodi
519 3932 613 4011 pacta
639 3926 763 3991 adiecta
794 3927 863 3990 sive
890 3946 910 3988 e
936 3930 1089 4011 patrono,
1115 3925 1184 3987 sive
1209 3921 1250 3985 ab
1281 3919 1346 3985 ele·

169 4057 270 4124 etore,
294 4054 366 4117 sive
389 4073 409 4116 a
432 4053 596 4121 collatore.
614 4054 682 4117 sive
705 4072 725 4115 a
747 4049 947 4121 beneficiato,
965 4052 1017 4134 qui
1034 4046 1225 4114 beneficium
1250 4048 1346 4113 alteri

170 4195 351 4261 procurare
380 4180 485 4260 potest
515 4194 574 4260 per
605 4176 880 4239 renunciationem
910 4170 1057 4237 beneficii
1081 4172 1186 4255 plene,
1205 4175 1261 4234 aut
1283 4186 1348 4232 non

172 4301 267 4387 plene
289 4302 446 4375 assecuti3
462 4304 494 4365 et
517 4299 599 4365 baec
623 4304 717 4384 pacta
740 4296 942 4384 prohibuisse
964 4299 1039 4380 quia
1061 4294 1206 4361 afficiunt
1225 4294 1348 4359 directe

172 4422 320 4489 beneficii
343 4426 586 4496 assecutionem,
603 4442 685 4509 quae
710 4420 745 4487 lit
772 4422 831 4487 sub
856 4421 991 4505 quadem
1015 4421 1237 4487 reservatione
1269 4420 1349 4484 iuris

283 4550 343 4601 Suc.
363 4546 441 4616 Lege
1260 4540 1278 4592 3
