3350 5100
553 333 598 382 nn
624 335 778 384 nements
801 337 845 384 ur
867 337 986 384 nornis
1314 315 1358 378 :37

177 463 213 522 et
236 458 423 540 hodiernus,
450 479 575 524 necnon
596 459 848 525 christianorum
870 462 999 526 innatus
1022 460 1148 545 pietatis
1171 479 1294 529 sensus,
1319 456 1361 523 ad

179 584 349 648 mercedes
365 584 449 668 quod
472 587 596 658 attinet,
614 579 834 650 sacerdotibus
855 605 896 650 ea
918 586 991 671 lege
1006 581 1239 670 rependendas.
1264 583 1360 648 huius

179 707 349 773 doctrinae
380 709 576 782 moderatur,
609 715 641 774 et
671 708 817 775 declarat
848 710 1022 796 legitimam
1049 709 1306 794 applicationem.
1339 743 1357 756 -

178 833 416 899 Verumtamen
440 835 489 901 ius
512 835 682 920 positivum
705 834 877 918 aliquando
904 854 1059 918 expresse
1081 838 1176 904 vetat,
1200 832 1241 897 ad
1264 851 1359 898 omne

180 956 405 1040 repellendum
429 959 584 1024 simoniae
606 959 794 1044 periculum,
812 959 865 1023 vel
889 958 1005 1023 intuitu
1020 957 1147 1024 laboris
1165 957 1358 1033 extrinseci,

178 1083 282 1146 sacris
304 1083 461 1148 ministris
488 1085 637 1169 recipere
661 1083 856 1164 mercedem,
880 1083 1005 1148 scilieet
1026 1083 1090 1148 hoc
1113 1088 1216 1149 vetat:
1286 1115 1289 1121 ·

318 1207 347 1292 1)
372 1208 405 1271 in
440 1227 535 1272 sacra
565 1207 768 1273 ordinatione
795 1208 980 1292 Episcopis:
1005 1204 1104 1286 Trid,
1128 1225 1207 1272 sesa.
1231 1206 1284 1278 21.
1309 1207 1360 1272 De

178 1330 243 1412 res.
268 1350 295 1397 a.
321 1332 337 1394 1
347 1351 361 1415 ;

258 1518 262 1528 ,
315 1453 348 1538 2)
366 1455 400 1518 in
413 1454 704 1540 dispensationibus
717 1454 947 1520 concedendis:
960 1453 1048 1518 Trid.
1061 1453 1116 1534 25,
1125 1453 1175 1518 De
1185 1453 1250 1536 ref.
1264 1474 1290 1520 e.
1303 1455 1360 1536 18,-

314 1577 348 1664 3)
365 1577 652 1644 Examinatoribus
677 1597 739 1642 non
764 1577 814 1642 fas
829 1582 879 1642 est
894 1579 926 1640 in
943 1597 1104 1642 concursu
1120 1576 1160 1642 ad
1177 1577 1359 1661 parochiae,

179 1705 351 1768 occasione
374 1705 542 1778 examinis
568 1704 693 1788 quidvis
723 1705 798 1790 ipsis
830 1703 882 1768 rel
911 1704 996 1768 ultro
1019 1703 1159 1769 oblatum
1192 1705 1358 1790 recipere:

179 1828 278 1900 Trid.‚
303 1847 381 1894 sess.
406 1829 465 1904 er,
490 1828 630 1912 Deras.
655 1851 682 1896 c.
706 1831 757 1894 18.

271 1953 448 2018 Praeterea
465 1973 527 2018 non
545 1958 667 2018 tantum
685 1953 837 2020 laborem
852 1953 959 2038 operis
975 1953 1185 2017 considerare
1205 1957 1357 2038 praestat,

179 2075 235 2140 sed
259 2079 357 2142 etiam
380 2098 489 2160 opem,
503 2099 559 2144 seu
584 2080 740 2144 auxilium
758 2079 884 2144 cuidam
900 2081 1088 2163 praestitum
1111 2077 1151 2142 ad
1177 2098 1245 2144 rem
1269 2080 1360 2162 spiri·

179 2201 299 2266 tualern
316 2205 590 2288 consequendam.
608 2210 641 2270 et
655 2209 783 2270 remote
804 2225 882 2288 opes
905 2202 1065 2289 praestari
1083 2207 1195 2288 potest,
1212 2205 1263 2268 rel
1276 2223 1360 2286 pro·

179 2325 281 2391 ainte.
305 2325 472 2394 Prooeime
497 2335 681 2413 praestatur
697 2347 774 2412 opes
791 2326 923 2398 directa,
940 2326 980 2390 ad
996 2326 1247 2412 comparandam
1264 2328 1361 2392 alteri

181 2469 250 2513 rem
269 2452 468 2536 spiritualem
482 2473 489 2528 ;
505 2454 605 2518 veluti
630 2455 827 2526 intercessi0,
845 2451 1080 2519 commendatio
1103 2453 1186 2536 apud
1210 2451 1359 2518 beneficii

180 2577 385 2653 collatinam
402 2584 540 2653 remote,
555 2599 651 2663 quum
666 2582 729 2644 ista
743 2578 840 2644 alteri
855 2580 938 2642 viam
956 2581 1072 2644 sternit
1087 2577 1127 2642 ad
1143 2600 1212 2643 rem
1232 2599 1359 2644 sacram
1380 2582 1385 2595 ’

179 2702 422 2786 assequendam,
454 2710 567 2789 utputa
590 2704 757 2769 candidato
781 2704 820 2768 ad
841 2702 1032 2769 beneficium
1057 2706 1136 2768 iuris
1161 2710 1359 2789 patronatus,

135 2808 138 2813 ¹
179 2828 382 2893 occasionem
407 2828 569 2912 praebere
592 2829 775 2913 alloquendi
799 2831 902 2914 ipsum
926 2834 1107 2912 patronum,
1133 2828 1186 2892 vel
1214 2828 1360 2893 collatori

180 2952 307 3018 referre
323 2956 446 3037 optima
463 2956 580 3021 merita
596 2954 765 3025 candidati,
779 2955 855 3038 quin
871 2960 979 3020 tamen
995 2953 1061 3017 ulla
1076 2954 1251 3019 misceatur
1261 2954 1359 3020 inter·

180 3077 293 3143 cessio.
313 3079 462 3141 lamvero
486 3098 546 3161 pro
562 3097 621 3162 ope
644 3082 774 3143 ramam
798 3073 916 3160 aliquid
933 3074 1100 3160 praebere,
1118 3096 1182 3141 non
1199 3081 1249 3143 est
1267 3078 1359 3141 simo

180 3201 323 3273 niacum;
347 3219 407 3284 pro
442 3219 502 3283 ope
528 3200 694 3282 pronirnu
721 3219 777 3263 seu
809 3196 1001 3265 immediata.
1028 3218 1097 3271 res,
1123 3200 1267 3281 quamvis
1294 3220 1359 3263 non

182 3323 361 3387 intrinsece
384 3325 486 3395 mala,
511 3325 585 3406 quia
608 3342 688 3405 oper
711 3329 760 3386 est
782 3321 858 3405 quid
880 3323 1075 3407 temporale,
1100 3329 1208 3387 tamen
1230 3325 1287 3387 vin
1310 3330 1360 3389 est

180 3467 200 3511 a
224 3449 360 3541 simonia
383 3448 548 3522 immunis;
573 3450 688 3532 quippe
712 3446 807 3511 facile
835 3468 895 3531 per
918 3448 1099 3513 mercedem
1123 3449 1359 3531 intercedenti,

94 3594 101 3609 ·
181 3574 369 3638 auxilianti
384 3573 490 3638 datam
506 3573 634 3637 videtur
647 3576 707 3637 emi
727 3594 778 3637 res
795 3574 981 3657 spiritualis.
995 3572 1105 3637 Monet
1116 3576 1361 3659 Eretraaapanr

178 3696 213 3760 2.
232 3696 282 3762 De
298 3698 381 3763 Sim.
400 3700 489 3763 inter
504 3717 623 3764 earnm.
641 3700 807 3763 simoniam
824 3700 988 3777 committi,
1005 3717 1077 3761 cum
1104 3698 1241 3780 pecunia
1264 3697 1360 3763 datur

177 3840 240 3908 pro
264 3821 436 3886 collatione
506 3822 627 3903 facore
649 3842 708 3887 seu
732 3822 945 3888 mediatione.
962 3824 1005 3887 Et
1029 3823 1127 3885 llivus
1149 3820 1288 3884 Thomas
1303 3822 1359 3906 22,

179 3965 210 4031 q.
242 3946 306 4011 100
332 3946 373 4011 ad
397 3948 427 4019 5,
455 3946 563 4029 docet,
589 3950 620 4011 in
644 3947 706 4013 hoc
729 3947 841 4011 haberi
866 3950 1048 4021 simoniam;
1076 3946 1232 4030 siquidem
1255 3948 1359 4013 inter-

182 4072 285 4138 cessio
303 4076 352 4137 est
365 4072 440 4155 quid
458 4072 644 4157 temporale,
662 4072 717 4138 sed
734 4073 852 4137 exinde
869 4094 927 4157 per
943 4074 1207 4138 intercessionem
1222 4078 1361 4159 pecunia

183 4200 334 4279 emptam,
351 4194 476 4259 directe
495 4187 622 4278 parari
637 4196 728 4259 niani
745 4196 792 4259 ad
807 4214 882 4259 rem
896 4196 1108 4278 spiritualem
1130 4195 1358 4263 obtinendam.

184 4318 230 4383 Gi.
256 4316 467 4399 D'Annibale,
492 4320 513 4383 l.
538 4340 564 4385 c.
590 4319 665 4384 104.

268 4440 322 4506 25.
348 4442 428 4506 item
453 4461 495 4505 ex
519 4442 616 4507 allato
643 4442 801 4528 principio
824 4444 979 4526 sequitur,
1004 4444 1170 4509 simoniam
1194 4442 1263 4507 iar.
1289 4442 1356 4508 div.
