3350 5100
497 304 541 352 os
565 305 705 354 ronrcns
729 305 974 354 aarumuomus
1263 287 1327 355 157

144 427 376 512 impedimento
391 432 487 496 etiam
503 449 570 494 non
582 432 756 496 criminoso
768 431 955 497 detinentur
967 433 1136 516 quominus
1148 439 1204 498 aut
1216 453 1328 500 sacros

142 553 277 619 ordines
300 557 477 639 suscipiant
498 562 557 621 aut
578 558 818 623 matrimonium
841 558 959 622 ineant.
986 557 1059 623 Hac
1078 558 1329 625 denunciatione

143 677 345 763 deteguntur
366 679 535 760 haeretici,
552 682 730 768 coryphaei
753 688 863 747 sectae
886 682 1086 746 massonicae
1108 688 1142 748 et
1160 683 1216 748 alii
1230 687 1329 768 prout

141 801 199 866 lex
223 801 331 869 iubet:
357 803 401 868 cs.
425 804 605 890 Pellegrini
629 807 650 870 t.
674 805 728 871 cit.
745 804 832 873 Sect.
851 807 878 878 Ι,
902 826 937 871 n.
954 805 1060 890 deep.
1088 841 1105 854 -
1131 807 1236 872 Bouix
1260 808 1281 872 l.
1299 825 1327 874 c.

138 944 173 1007 p.
190 924 244 990 35
266 926 431 1011 improbat
451 928 538 993 hanc
562 927 865 1002 denominationem,
885 929 975 994 aiens
999 948 1127 993 omnem
1149 927 1327 996 denuncia-

140 1051 265 1116 tionem
281 1071 357 1116 esse
371 1053 596 1134 canonicam
618 1058 652 1117 et
673 1050 759 1118 hanc
782 1073 857 1119 cum
873 1051 1164 1138 Schmalzgrueber
1186 1053 1329 1138 appellat

141 1177 446 1243 denunciationem
467 1176 664 1242 iudicialem
686 1176 742 1242 sed
767 1177 881 1244 delicti
893 1177 1070 1260 patrandi.
1096 1182 1141 1242 At
1155 1196 1220 1241 nou
1243 1176 1328 1242 bene

140 1301 216 1381 quia
232 1301 320 1363 haec
335 1298 542 1364 denunciatio
553 1319 619 1364 non
632 1299 874 1365 estindicialis.
889 1334 907 1346 -
922 1298 1007 1366 Saue
1019 1298 1235 1366 denuntiandi
1251 1305 1327 1366 sunt

141 1424 327 1509 coryphaei
342 1430 451 1489 sectae
466 1426 667 1489 massonicee
682 1429 718 1489 ut
728 1422 874 1489 Praeleti
890 1430 1028 1490 caveant
1043 1423 1101 1489 sibi
1120 1430 1153 1490 et
1167 1422 1325 1506 fidelibus,

141 1549 200 1612 etsi
232 1549 361 1612 nullum
393 1547 525 1613 subesse
558 1549 659 1632 possit
682 1549 878 1634 propositum
910 1567 1015 1632 neque
1046 1549 1079 1612 in
1111 1549 1327 1615 denunciante

139 1693 248 1757 neque
265 1674 299 1737 iu
317 1673 472 1740 Praeleto
487 1673 662 1749 inchoandi
684 1673 867 1740 iudicialem
883 1675 1130 1758 inquisitionem.

231 1798 329 1864 Infra
345 1798 549 1885 dispiciemus
564 1820 606 1866 an
623 1821 742 1866 revera
758 1820 818 1885 per
833 1800 1114 1866 denunciationem
1130 1800 1325 1874 iudicialem,

140 1921 277 1988 inducta
295 1924 338 1987 sit
362 1942 446 1986 nora
471 1924 556 1987 ratio
583 1921 798 2007 procedendi,
826 1923 976 1989 distincta
997 1921 1038 1987 ab
1057 1922 1272 1989 accusatione
1295 1928 1328 1989 et

139 2047 365 2131 inquisitione
371 2067 386 2129 ,·
408 2044 465 2110 sed
488 2047 583 2112 modo
605 2047 804 2112 advertimus
826 2047 1107 2113 denunciationem
1129 2045 1327 2113 iudicialem

138 2170 212 2233 iore
244 2189 320 2233 cau.
359 2188 431 2234 esse
468 2171 607 2254 speciem
646 2170 862 2235 accusationis
900 2170 974 2253 quia
1013 2175 1063 2234 est
1095 2167 1326 2252 manifestatio

141 2505 298 2559 criminali
316 2508 398 2575 eique
417 2505 509 2558 omnia
528 2504 633 2559 indicia
651 2507 833 2575 suppeditare
851 2506 889 2559 ad
913 2507 1005 2575 ipsum
1031 2505 1245 2559 transmittendo
1263 2513 1327 2559 aeta

138 2616 361 2685 relativarum
379 2617 455 2684 forte
473 2616 625 2685 confecerit
637 2628 662 2670 ».
676 2618 736 2668 Art.
753 2614 820 2668 141.-
832 2628 849 2666 e
864 2614 1042 2667 Renuntiatio
1055 2614 1153 2667 delicti
1161 2624 1253 2685 potest
1266 2630 1326 2669 esse

140 2723 168 2771 in
184 2737 306 2789 periere,
326 2730 425 2773 contra
441 2734 592 2789 perreriam
610 2721 761 2785 incertam,
780 2718 827 2773 uel
846 2720 876 2771 in
893 2722 986 2789 specie
1006 2736 1069 2772 cum
1093 2719 1326 2772 determinatione

139 2828 267 2880 auctor-is
278 2840 306 2883 ›·
325 2828 388 2881 Art.
412 2828 488 2880 143:
506 2841 524 2882 tt
542 2827 609 2880 Nan
632 2827 820 2880 admittuntur
843 2826 1072 2879 denunciationes
1097 2828 1189 2895 quoad
1213 2824 1327 2889 delicta,

139 2952 212 3005 quae
232 2936 323 2988 iudici
337 2938 474 3004 persequi
490 2952 547 2988 non
559 2938 605 3005 fes
617 2944 659 2988 est
670 2936 726 2988 nisi
743 2939 780 2989 ad
793 2935 941 3004 querehtm
953 2936 1042 3003 partis
1056 2934 1151 2988 laesae
1162 2942 1210 2987 aut
1223 2936 1326 2987 damno

138 3044 260 3112 affectae
271 3056 298 3096 ›.
318 3040 371 3095 Sed
391 3046 536 3109 praeterea
554 3047 599 3096 eet
611 3040 689 3094 locus
701 3040 833 3111 querelae
847 3042 931 3094 etiam
945 3040 1035 3111 quoad
1048 3040 1106 3094 alia
1124 3040 1243 3095 crimina
1254 3057 1326 3111 quae

140 3153 258 3215 possunt
283 3147 448 3202 denunciari
471 3164 489 3199 a
511 3149 609 3217 puceie
636 3148 694 3201 sire
722 3148 756 3201 nd
775 3147 879 3201 iudicia
904 3148 1105 3217 promovenda3
1123 3148 1157 3201 de
1182 3146 1226 3200 his
1250 3148 1325 3201 enim

139 3255 286 3325 querelam
305 3270 420 3307 movere
439 3261 554 3322 possum
573 3253 593 3305 ii
613 3254 768 3325 omnesqui
790 3260 985 3321 persenserunt
1004 3270 1038 3309 ex
1058 3254 1175 3308 crimine
1193 3253 1325 3307 damnum

140 3364 347 3418 immediatum.
374 3364 437 3417 Art.
458 3362 533 3415 145:
557 3377 573 3415 e
595 3364 767 3432 Quicumque
794 3379 831 3416 ea
859 3363 961 3417 delicto
982 3378 1085 3433 passus
1110 3373 1150 3417 est
1177 3364 1325 3429 iniuriam,

141 3472 327 3541 offentonam
354 3478 403 3522 aut
429 3470 578 3532 damnum,
602 3479 651 3523 aut
678 3471 738 3524 eins
764 3471 877 3523 nomine
902 3480 1001 3539 pater,
1026 3479 1101 3523 tutor
1130 3478 1179 3523 cut
1211 3478 1326 3522 curator

140 3587 231 3647 potest
249 3576 402 3631 certiorem
419 3578 543 3629 reddere
566 3586 723 3645 competens
744 3576 872 3628 tribunal
890 3591 946 3645 per
957 3576 1112 3644 formalem
1130 3576 1279 3645 querelam
1296 3586 1327 3629 »0

141 3684 221 3738 Tunc
243 3697 348 3752 scopus
372 3682 504 3751 querelae
531 3688 576 3737 est
602 3682 727 3735 criminis
751 3682 880 3735 obtinere
903 3686 933 3737 et
957 3683 1097 3751 publicam
1122 3680 1273 3735 vindictam
1296 3686 1326 3735 et

142 3790 284 3857 privatam
309 3790 535 3853 maternitatem,
553 3792 583 3841 et
602 3805 674 3841 unos
691 3794 722 3841 et
739 3775 814 3841 aiter
831 3788 948 3841 effectus
972 3788 1151 3843 satisfaciunt
1169 3787 1223 3841 civi
1248 3785 1325 3840 laeso

143 3894 306 3949 instituenti
332 3893 483 3964 querelam.
511 3923 546 3932 —
575 3894 659 3947 Iudex
686 3910 767 3959 vero,
790 3893 905 3962 praevia
926 3899 975 3946 aut
1000 3892 1116 3964 querela
1143 3899 1193 3946 eut
1220 3892 1325 3945 denon-

144 3999 520 4069 ciatione,·iuqoieitionem
550 4000 687 4063 instituit,
715 4011 767 4054 art.
787 4000 848 4053 154
855 4038 863 4065 ,
888 4008 915 4053 et
933 4001 1005 4052 155.
1034 4028 1068 4040 -
1097 3998 1145 4052 Isti
1173 4002 1325 4067 conceptus

143 4106 214 4174 apud
242 4105 446 4159 criminalistas
472 4104 604 4175 antiquos
632 4106 783 4174 practicos,
807 4106 847 4158 uti
875 4104 1043 4174 pellegrini,
1065 4112 1131 4158 sunt
1154 4104 1326 4159 sufficienter

143 4211 284 4277 distincti,
304 4217 438 4265 econtra
456 4210 529 4281 apud
554 4216 723 4266 tractatores
741 4211 912 4266 theoreticos
932 4212 972 4265 uti
992 4211 1157 4279 Schmatzg,
1177 4212 1322 4267 Reiffeust.

142 4316 196 4373 hae
213 4319 346 4374 notiones
364 4319 487 4372 maxima
510 4318 692 4388 implicantur
709 4319 887 4385 confusione,
908 4318 980 4389 quod
999 4324 1080 4372 notat
1100 4318 1160 4387 ipse
1180 4318 1323 4374 Reiffeust.

144 4426 169 4477 ia
187 4436 206 4479 t.
225 4445 255 4479 n
269 4426 337 4493 184,
355 4432 386 4481 et
404 4428 505 4496 probat
523 4426 615 4493 Marx,
634 4444 677 4497 op.
697 4428 742 4481 cit.
762 4444 821 4497 cap.
836 4428 858 4479 1.
