3350 5100
315 290 384 355 ‘282
830 310 916 357 rues
940 310 976 357 11.

316 438 373 497 aut
394 438 504 497 votum
527 432 646 517 publici
668 430 817 499 afficiatis
830 440 888 499 aut
902 434 965 498 riri
988 454 1008 497 a
1031 433 1160 519 publica
1173 438 1369 501 morantate
1383 435 1424 501 de
1439 456 1496 502 sua

315 560 477 623 sententia
490 559 683 642 percontati.
699 594 714 605 ·
728 557 889 642 Equidem
904 560 966 623 ista
980 566 1175 645 argumenta
1188 560 1378 626 obtinentur
1392 563 1426 625 in
1444 580 1496 646 pe

316 680 407 745 riodo
430 682 653 747 instructionis
674 688 709 746 et
729 681 806 747 inde
832 678 1024 749 efformatur
1050 702 1232 767 procusum,
1256 686 1311 767 qui
1339 702 1361 747 a
1390 684 1497 749 iudice

316 808 514 873 instructore
535 806 754 874 conficiendas
775 816 836 875 est.
853 809 964 883 Quare
978 810 1006 874 si
1022 810 1076 875 bic
1086 811 1270 894 perquirat
1285 818 1342 877 aut
1357 811 1497 877 metat

316 931 357 995 ad
372 932 480 997 locum
493 933 606 999 delicti
619 939 676 998 aut
689 939 806 1000 votum
820 936 974 1017 exquirat
985 935 1099 1017 periti,
1115 934 1157 999 de
1171 934 1319 1000 omnibus
1342 936 1497 1020 scriptam

316 1057 507 1123 relatimem
523 1058 637 1123 iacere
658 1063 692 1121 et
713 1057 863 1123 obtinere
878 1058 973 1123 debet
989 1065 1085 1142 atque
1098 1062 1207 1124 omnia
1217 1059 1394 1125 amandare
1410 1060 1497 1124 inter

316 1188 403 1248 acta.
428 1184 520 1248 Haec
542 1180 759 1248 coniiciuntur
780 1204 801 1247 a
823 1183 937 1250 iiidice
958 1184 1164 1251 instructore
1178 1184 1220 1251 ob
1235 1187 1379 1249 rationes
1394 1204 1493 1271 supra

317 1306 514 1391 explicatam
539 1304 638 1370 sedai
654 1307 723 1390 ipse
746 1306 854 1379 iudex,
879 1308 933 1391 qui
957 1310 1150 1373 sententiam
1173 1307 1330 1393 proferet,
1354 1309 1497 1391 inquirat

317 1432 351 1493 et
373 1448 559 1514 processum
582 1430 731 1501 instruat
748 1429 789 1495 de
804 1429 953 1496 omnibus
968 1432 1080 1497 taliter
1098 1431 1184 1497 actis
1205 1432 1386 1516 appositum
1402 1430 1496 1496 docu-

317 1558 459 1620 mentum
483 1555 616 1619 exarari
639 1554 777 1620 curabit.
794 1591 810 1603 ·
825 1558 864 1621 ln
889 1554 965 1620 God.
982 1556 1083 1641 Greg.
1107 1558 1161 1624 cit.
1186 1558 1219 1620 in
1241 1555 1296 1621 lib.
1323 1556 1372 1623 lll
1396 1562 1429 1621 et
1445 1556 1494 1621 IV

318 1682 351 1742 et
373 1678 406 1740 V
429 1685 662 1744 enumerantur
684 1679 801 1765 singuli
826 1680 933 1745 fontes
956 1679 1154 1765 probationis
1169 1684 1203 1745 et
1217 1680 1367 1745 distincte
1389 1682 1496 1765 agitur

317 1836 333 1847 -
356 1800 404 1864 De
414 1799 718 1885 conquisitionibus
733 1838 746 1849 ·
764 1803 811 1866 De
825 1802 1015 1869 accessibus
1029 1803 1247 1869 iudicialibus
1261 1839 1277 1851 ·
1297 1803 1344 1867 De
1363 1802 1493 1885 penitis.

317 1960 334 1972 -
358 1926 511 1989 Attamen
533 1924 609 2007 quia
630 1925 749 1991 exinde
771 1924 989 1993 coniiciuntur
1011 1926 1167 2011 quaedam
1191 1931 1383 2014 scripturae,
1408 1948 1494 1994 com·

317 2048 411 2114 mode
433 2051 513 2115 istae
536 2050 741 2134 probationes
764 2052 989 2141 coadunantur
1004 2052 1062 2118 sub
1077 2073 1200 2138 genere
1216 2052 1494 2119 documentorum.

405 2175 482 2240 214.
511 2175 604 2242 Unde
632 2177 780 2260 sequitur
808 2179 870 2245 ista
901 2178 1094 2243 documenta
1124 2175 1292 2243 afferenda
1322 2198 1394 2243 esse
1420 2178 1495 2243 dum

316 2305 406 2385 patet
419 2301 571 2386 periodus
586 2303 819 2377 instructionis,
832 2306 866 2368 in
878 2323 941 2388 qua
957 2312 1188 2389 comparantur
1204 2304 1411 2389 probationes
1427 2309 1494 2369 tum

316 2427 348 2491 in
372 2426 631 2500 arcuationem,
649 2433 716 2493 tum
732 2430 765 2492 in
781 2428 1015 2511 defnuuoncm
1031 2430 1191 2503 causus
1209 2431 1269 2495 etsi
1290 2429 1378 2494 facta
1396 2429 1496 2495 tuerit

312 2551 497 2636 publicatio
509 2571 698 2636 processus,
712 2556 757 2618 uti
769 2555 858 2619 inira
871 2555 1115 2640 explicabimus.
1132 2557 1212 2620 Nam
1223 2555 1408 2640 publicatur
1419 2575 1495 2640 pro-

315 2697 435 2750 cessus,
451 2680 628 2745 instructus
643 2685 771 2744 secreta
787 2681 1002 2763 inquisitione,
1024 2687 1060 2747 ut
1082 2685 1254 2746 accusatus
1275 2701 1310 2746 se
1330 2681 1491 2747 defendat.

316 2837 329 2850 ·
346 2803 522 2867 Instructio
537 2806 655 2881 autem,
671 2801 775 2884 quoad
791 2821 920 2866 omnem
936 2808 1072 2886 partem,
1086 2801 1249 2868 clauditur
1263 2802 1389 2886 quando
1406 2804 1491 2868 inco·

316 2927 415 2992 batur
437 2925 577 3008 publica
598 2927 770 2992 nammatio
793 2926 847 2990 vel
871 2927 904 2990 in
927 2929 1057 3012 scriptis
1080 2927 1415 2994 animadversionibus
1437 2927 1492 2992 vel

314 3053 469 3116 oretenus
487 3049 649 3134 agitanda,
665 3049 719 3114 vel
735 3055 873 3134 utroque
888 3051 983 3116 simul
999 3052 1102 3117 modo.
1122 3087 1140 3100 -
1157 3053 1246 3117 Finis
1269 3053 1495 3117 instructionis

315 3177 452 3238 vocatur
482 3173 651 3240 conclusio
678 3174 717 3238 in
741 3193 857 3248 causa,
883 3174 972 3258 (Vol.
1002 3176 1026 3248 1,
1053 3195 1084 3238 n.
1114 3173 1207 3260 531);
1236 3180 1269 3239 et
1300 3176 1495 3260 principium

316 3294 559 3363 fundamentale
581 3297 644 3363 hac
666 3297 707 3362 de
729 3317 777 3379 re,
793 3317 851 3362 seu
867 3297 971 3382 quoad
987 3296 1121 3364 effectus
1143 3299 1319 3380 incidians,
1336 3304 1385 3364 est
1408 3298 1493 3364 idem

317 3422 350 3486 in
373 3419 526 3488 civilibus
548 3425 581 3486 et
608 3421 843 3488 criminalibus
865 3429 898 3488 et
921 3424 1052 3490 eaedem
1081 3425 1267 3510 allegantur
1293 3423 1494 3508 exceptionis

316 3563 435 3610 musae
449 3544 631 3629 explicatae
654 3544 785 3610 locuit.
803 3580 818 3592 -
836 3545 928 3609 Haeo
950 3544 1188 3611 animadversio
1204 3551 1329 3631 spectat
1344 3546 1384 3610 ud
1404 3565 1495 3630 quas

315 3688 452 3752 cumque
475 3667 700 3754 probationum
723 3669 850 3752 species
874 3673 906 3733 et
929 3670 992 3735 boc
1015 3671 1115 3735 semel
1138 3671 1320 3736 advertisse
1346 3669 1493 3736 sufficiat

404 3793 481 3858 215.
498 3792 714 3867 Quamobrem
730 3793 857 3876 quando
880 3794 914 3857 in
937 3794 1088 3860 iudicium
1103 3791 1240 3862 affertur
1255 3795 1493 3868 documentum,

310 3917 431 4000 pmcne
453 3918 605 4002 quaestio
629 3922 678 3982 est
700 3937 748 3982 un
770 3917 906 3984 admitti
925 3919 1042 4001 pacat,
1067 3939 1123 3985 seu
1148 3940 1190 3984 an
1214 3927 1340 4004 tempus
1355 3921 1438 3986 utile
1453 3922 1494 3986 sit

316 4061 374 4126 pro
389 4042 599 4137 admissione;
620 4043 760 4126 itemque
775 4061 818 4106 an
833 4041 912 4107 illud
928 4041 1153 4109 documentum
1170 4045 1227 4110 illa
1243 4047 1368 4111 ratione
1384 4045 1492 4110 coule-

317 4168 413 4233 ctum,
437 4162 561 4228 admitti
582 4165 691 4249 possit
712 4164 824 4230 Veluti
849 4184 891 4230 an
915 4164 1039 4230 admitti
1062 4167 1163 4251 possit
1186 4169 1308 4252 scripta
1330 4168 1494 4233 attestatio

316 4284 402 4350 illius
424 4288 488 4368 qui,
513 4291 667 4351 oretenus
688 4286 876 4360 audiendus,
900 4289 934 4351 in
958 4289 1007 4352 ius
1030 4294 1166 4356 vocatus
1188 4290 1306 4356 fuerat.

405 4409 553 4474 Admisso
576 4406 778 4486 documento,
802 4411 877 4476 dein
902 4413 1012 4495 quaeri
1036 4417 1141 4496 potest
1171 4434 1212 4477 an
1241 4413 1361 4480 habeat
1382 4421 1493 4482 aucte
