3350 5100
411 377 454 421 ns
479 351 884 424 133131133111111111333
909 376 945 422 ln
970 375 1087 423 3111313
1273 355 1339 422 513

157 517 266 582 quare
288 519 358 566 non
381 499 524 566 debeant
547 500 948 582 accommodamus
970 500 1038 566 duo
1070 500 1117 565 ad
1150 499 1335 569 3111333331

156 643 193 688 33
222 626 527 708 33333133313311,
551 626 600 690 313
628 625 780 706 amptius
804 644 876 690 non
905 625 1089 690 monitis».
1114 621 1220 688 Porro
1243 642 1338 687 nemo

158 767 222 811 non
246 747 334 813 videt
355 751 569 814 terminorum
592 750 827 833 assignationes
850 748 945 813 valde
961 750 1075 814 iuvare
1090 753 1125 813 ut
1140 751 1338 832 praeventus

159 878 335 954 cognoscat
365 869 517 937 effectum
546 873 757 952 monitionis,
788 891 906 958 nempe
940 875 1062 958 primo,
1095 872 1263 938 ordinatae
1296 869 1337 934 ad

159 997 404 1084 significandum
436 996 511 1081 quid
540 995 613 1063 11311
636 999 688 1062 vel
716 999 817 1063 omitti
850 995 986 1072 debeam
1007 998 1158 1063 'secundo
1190 996 1230 1062 ad
1262 1017 1340 1061 oen·
1440 1089 1444 1096 .

158 1145 267 1191 suram
290 1125 571 1191 comminandum
577 1144 591 1206 ;
613 1125 711 1190 tertio
734 1124 775 1189 ad
798 1123 1076 1190 determinandum
1100 1128 1227 1208 tempus
1257 1142 1337 1190 con·

159 1249 395 1314 damnationis.
421 1249 493 1313 Hac
517 1247 557 1312 de
579 1267 678 1314 causa
702 1249 824 1314 Concil.
849 1246 941 1313 Γ11111.
967 1251 999 1312 in
1025 1247 1108 1313 Sess.
1132 1249 1185 1314 25.
1204 1249 1250 1312 De
1273 1247 1336 1312 131.

160 1393 230 1457 cap.
255 1373 276 1437 3
298 1373 422 1438 statuit:
448 1371 610 1439 <Licebit
631 1373 737 1438 iudici
760 1373 823 1439 boc
840 1372 1014 1454 spirituaii
1029 1371 1145 1457 ptadio
1164 1373 1336 1452 (censura)

159 1495 459 1579 indelinquentes
485 1497 546 1577 uti,
573 1496 604 1561 si
638 1502 751 1561 tomen
781 1495 894 1562 delicti
924 1495 1084 1580 qualitas,
1112 1495 1340 1576 praecedente

161 1620 241 1687 13133
271 1621 391 1685 saitem
420 1620 623 1700 monitione,
650 1621 754 1685 etiarn
780 1638 846 1702 per
876 1619 1041 1700 edictum,
1072 1619 1109 1684 id
1136 1621 1282 1702 postulet
1306 1638 1337 1683 r.

161 1745 246 1810 Sane
262 1743 343 1810 bina
357 1744 472 1810 saltem
485 1745 617 1808 monitio
629 1746 693 1809 hoo
705 1741 812 1815 efficit,
825 1749 859 1809 ut
870 1744 990 1826 prima
1002 1751 1130 1810 moneat
1146 1741 1340 1827 (131331113-

160 1868 274 1934 nanda
296 1873 354 1933 aut
375 1853 561 1939 omittenda.
585 1870 794 1936 comminata
816 1887 972 1941 censura,
995 1873 1027 1933 et
1048 1869 1200 1935 secunda
1223 1869 1340 1934 invitat

162 2012 252 2057 reum
276 2012 416 2058 censura
439 1993 643 2078 plectendum
666 1998 701 2058 ut
724 2013 759 2058 se
782 1997 918 2058 excuset
940 2012 960 2056 a
982 1992 1087 2078 culpa,
1111 1993 1137 2058 si
1161 1997 1282 2078 potest;
1306 1995 1339 2056 et

160 2115 285 2194 doceat,
309 2136 411 2199 quare
435 2137 498 2180 non
522 2116 638 2181 debeat
660 2118 869 2183 comminata
892 2136 1031 2182 censura
1047 2119 1229 2182 executioni
1246 2136 1339 2180 man-

161 2241 242 2305 dari.
259 2242 322 2306 Hic
342 2241 421 2306 ordo
437 2240 634 2325 procedendi
651 2241 746 2306 debet
760 2241 906 2306 absolute
922 2242 1059 2313 servari,
1076 2243 1194 2326 quippe
1210 2260 1341 2325 respon-

161 2361 241 2428 dens
262 2365 321 2448 ipsi
346 2365 407 2428 iuri
432 2365 582 2437 naturali,
607 2367 652 2430 uti
677 2364 773 2431 docet
795 2366 842 2430 De
867 2347 963 2436 11113
990 2364 1038 2431 De
1060 2365 1180 2431 iurisd.
1206 2366 1246 2429 D.
1271 2365 1341 2430 100

160 2456 266 2551 allatis
289 2485 504 2551 decisionibus
527 2486 558 2552 S.
586 2488 622 2552 R.
651 2488 763 2553 Rotae.

248 2612 375 2677 Verum
399 2614 424 2675 si
450 2618 627 2695 quaeratur
657 2632 699 2675 an
730 2612 770 2676 ad
801 2612 1010 2678 validitatem
1034 2614 1219 2695 requiratur
1247 2612 1338 2677 trtna

160 2737 213 2799 131
242 2755 315 2800 una
342 2754 408 2817 pro
441 2736 547 2801 tribus
570 2736 766 2801 denunciata
786 2736 937 2807 monitio,
963 2735 1137 2821 eademque
1169 2740 1276 2803 utrum
1299 2736 1337 2799 in

161 2861 295 2943 scriptis
325 2860 514 2925 denunciari
545 2860 669 2932 debeat,
701 2861 931 2945 respondemus
954 2860 995 2924 ad
1021 2862 1230 2927 validitatem
1261 2880 1339 2925 cen-

162 3003 259 3048 surae
281 2983 431 3049 suffioere
453 2987 673 3052 monitionem
688 2986 792 3052 etiarn
814 2987 893 3051 3133
915 3006 995 3053 3333
1012 2986 1252 3053 denunciatum
1257 3008 1271 3072 ,·
1295 2989 1342 3053 ait

162 3112 246 3175 enim
263 3110 433 3192 3333148,
451 3110 504 3175 De
517 3118 599 3176 sent.
617 3130 747 3178 cacam.
761 3113 795 3176 X
808 3111 863 3196 (V,
877 3112 933 3197 39)
950 3112 1134 3179 3133111333
1146 3114 1339 3197 praemissa

162 3240 194 3301 et
212 3237 370 3319 personis
388 3237 625 3320 praesentibus
647 3238 779 3304 idoneis
798 3258 865 3321 per
887 3258 974 3323 quos
989 3237 1028 3321 (si
1045 3258 1178 3304 necesse
1194 3240 1246 3325 sit)
1259 3259 1340 3323 pos·

161 3366 204 3427 sit
228 3362 375 3445 probari
396 3362 547 3429 monitio.
581 3363 691 3447 Ipsum
719 3364 772 3428 cit.
797 3369 901 3445 caput
926 3364 948 3428 9
972 3362 1005 3427 b.
1032 3369 1053 3428 t.
1077 3364 1228 3431 indita
1256 3364 1343 3429 iubet
1381 3366 1383 3369 ’

161 3485 233 3550 fieri
254 3485 456 3567 monitiones,
470 3487 538 3551 nisi
560 3486 644 3568 facti
664 3487 846 3552 necessitas
868 3488 965 3551 aliter
987 3486 1169 3552 faciendum
1192 3488 1340 3552 suaserit.

163 3612 258 3675 Hanc
279 3616 386 3676 autem
402 3613 633 3676 necessitatem
654 3612 791 3677 dicimus
813 3612 992 3676 consistere
1017 3613 1048 3675 in
1073 3632 1150 3678 casu
1173 3612 1343 3697 tepitimae

162 3732 368 3814 desmsionis
391 3740 424 3800 et
446 3736 479 3797 in
503 3754 581 3799 casu
602 3734 822 3814 notorietatis,
847 3733 887 3798 de
911 3731 1024 3817 quibus
1052 3732 1147 3797 infre.

251 3858 325 3923 489.
352 3860 426 3943 Ipsa
449 3861 609 3924 sententia
633 3878 798 3926 censurae
828 3858 1110 3926 condemnatoria
1140 3859 1177 3923 in
1204 3859 1339 3940 scriptis

161 3981 384 4046 denuncianda
399 3989 448 4047 est
461 3981 516 4067 (1).
536 3984 627 4049 Iubet
642 3986 726 4048 enirn
744 3990 841 4068 caput
859 3984 887 4056 1,
905 3983 956 4047 De
970 3988 1054 4048 sent.
1072 4000 1237 4049 caconem.
1254 3984 1291 4049 in
1307 3984 1343 4048 6:

164 4104 364 4189 «Quisquis
398 4108 680 4179 eucommunicat
712 4106 1100 4174 eccomrnunicationern
1133 4106 1171 4171 in
1204 4106 1340 4189 scriptis

155 4228 318 4311 proferat
345 4236 377 4295 et
405 4250 547 4296 causam
577 4231 940 4297 eoocomrnunicationis
967 4248 1129 4313 ecpresse
1151 4230 1339 4297 conscribat

250 4492 288 4562 (1)
307 4493 394 4547 Facta
412 4497 456 4548 est
475 4494 603 4563 exceptio
615 4509 665 4563 pro
678 4492 826 4548 sententiis
845 4510 880 4548 ex
899 4496 1014 4564 inform.
1030 4510 1118 4547 oonsc.
1133 4492 1221 4561 Supra
1240 4492 1341 4547 11410.

233 4600 294 4654 Soc.
312 4600 399 4670 Leqa,
420 4600 480 4653 Lib.
494 4600 526 4667 11,
545 4600 598 4654 vol.
613 4600 660 4654 111.
1237 4598 1272 4653 33
