3350 5100
355 259 422 324 306
872 278 953 324 runs
982 278 1017 323 11.

354 422 429 485 cap.
447 404 472 467 3
487 402 537 469 De
558 403 633 484 ref„
655 403 799 485 parcius
816 402 983 467 utendum
1005 402 1157 467 censuris
1179 422 1223 467 ne
1246 402 1417 475 vilescant,
1443 408 1472 467 et
1497 405 1527 467 in

355 548 486 615 genere,
507 529 628 611 poenis
649 529 763 595 eccles.
779 528 836 592 sed
861 548 939 613 prae
959 528 1060 593 oculis
1076 527 1241 593 habendus
1265 536 1314 593 est
1333 534 1395 593 art.
1412 529 1457 593 20
1477 530 1528 594 cit.

355 655 436 719 Inst.
454 654 536 719 haec
551 654 744 717 ordinans«
760 654 893 724 Quoties
908 653 1160 719 denunciantur
1176 659 1271 719 testes
1286 654 1333 718 cd
1345 654 1529 737 malianda

351 778 446 859 saeta
461 786 520 845 aut
536 780 699 845 adiuncta
714 779 935 873 essentialiter
946 779 1043 843 utilia
1058 778 1178 844 rnerito
1192 797 1325 854 causae,
1339 780 1401 863 qai
1418 784 1531 844 tamen

353 904 507 969 eaamiui
529 902 635 969 rabiei
656 911 826 988 nequeant
850 922 887 969 eo
912 904 994 987 quia
1014 909 1191 969 censeatur
1212 922 1283 969 nou
1307 904 1473 985 empedire
1495 910 1533 969 ut

353 1028 497 1093 citentur
512 1034 571 1093 aut
587 1028 670 1113 quia
685 1029 778 1095 citati
793 1028 947 1095 abnuant
962 1047 1171 1111 comparere,
1188 1030 1313 1095 mentio
1330 1029 1529 1095 eorumdem

352 1152 388 1235 fit
412 1169 448 1215 ru
471 1170 583 1225 sorim
607 1156 639 1216 et
654 1156 797 1216 curatur
819 1169 939 1217 eorum
962 1152 1123 1234 supplere
1145 1149 1292 1234 defectui
1311 1170 1378 1235 per
1400 1156 1532 1217 attesta-

277 1292 287 1311 ·
353 1274 459 1341 tiones
473 1274 622 1340 otiorum
639 1274 771 1339 testium
786 1276 847 1359 qui
863 1294 905 1340 on
919 1294 1049 1341 sucuro
1065 1278 1126 1341 aut
1140 1276 1211 1339 utia
1222 1276 1357 1341 ratione
1372 1276 1532 1341 noverint

352 1400 444 1483 qaod
467 1389 709 1484 exquiritur».
727 1400 840 1463 Testes
856 1399 898 1464 de
913 1401 1019 1466 relato
1041 1404 1114 1464 suut
1137 1404 1235 1464 testes
1250 1402 1293 1466 de
1308 1400 1433 1467 auditu
1441 1420 1456 1481 ,·
1480 1404 1530 1483 qui

353 1524 424 1588 otia
439 1524 572 1589 ratione
587 1543 644 1588 seo
662 1542 729 1606 per
749 1526 962 1590 coniecturas
984 1524 1149 1597 noceant,
1167 1530 1242 1588 suut
1257 1526 1301 1589 de
1317 1525 1533 1605 credulitate,⁸

351 1654 459 1713 essent
482 1650 566 1712 euim
594 1649 636 1713 de
665 1650 805 1715 ruentia
827 1650 853 1712 si
879 1648 1060 1713 immediate
1083 1668 1142 1732 per
1166 1666 1240 1713 suos
1264 1668 1376 1713 seusus
1411 1648 1531 1714 tactum

352 1774 567 1857 perceperint.

440 1896 515 1962 236.
540 1896 636 1961 Modo
666 1896 929 1961 satisfaciendum
960 1902 1009 1961 est
1040 1898 1232 1981 quaestioni,
1268 1916 1314 1961 an
1344 1914 1473 1979 nempe
1501 1904 1531 1961 et

351 2022 489 2106 qwndo
514 2041 672 2087 unacum
696 2027 778 2086 teste
802 2022 897 2086 citari
913 2018 1028 2085 debeat
1050 2022 1149 2085 etiam
1169 2040 1245 2104 pars
1268 2022 1359 2085 cuius
1383 2023 1530 2091 interest.

350 2147 456 2231 prouti
480 2146 692 2210 servatoria
713 2165 752 2210 re
774 2144 875 2211 civiti.
890 2180 904 2192 -
921 2126 1030 2219 Quare
1054 2144 1147 2209 modo
1170 2145 1373 2229 ingredimur
1407 2152 1530 2211 tracta-

351 2270 472 2333 tionem
488 2268 531 2334 de
546 2270 647 2336 modo
664 2290 726 2353 quo
742 2268 966 2355 producuntur
981 2274 1090 2334 testes.
1110 2304 1128 2317 ·
1145 2270 1269 2334 Verum
1285 2272 1361 2352 quia
1377 2273 1530 2335 essentia·

350 2394 427 2459 liter
449 2395 559 2458 varius
583 2400 631 2459 est
654 2414 826 2479 processus
848 2394 886 2459 in
910 2392 1154 2461 criminalibus.
1171 2398 1276 2480 prouti
1294 2400 1343 2460 est
1362 2403 1420 2460 aut
1435 2416 1529 2463 accu-

350 2518 498 2584 satorius
521 2522 577 2583 aut
599 2517 816 2602 inquisitione
844 2522 900 2582 aut
930 2517 1069 2598 reiectus,
1092 2519 1138 2581 ita
1160 2516 1305 2583 diversas
1329 2518 1527 2603 procedendi

351 2645 494 2708 rationes
515 2641 757 2727 explicabimus.

438 2769 476 2832 In
508 2787 661 2854 processu
687 2788 769 2853 pure
796 2768 1009 2834 accusatorio
1037 2775 1136 2862 testes
1166 2768 1267 2853 recipi
1298 2787 1361 2831 uon
1394 2773 1528 2852 possunt

350 2894 411 2957 uisi
434 2895 531 2958 citata
554 2899 647 2977 parte
670 2898 841 2974 accusata,
866 2894 940 2975 quia
962 2897 1061 2959 testes
1085 2893 1308 2978 gravissimam
1329 2895 1527 2958 constituunt

315 3070 318 3078 .
350 3016 571 3100 probationem
587 3015 672 3080 uude
688 3017 851 3082 evincitur
866 3018 1039 3082 accusatio.
1059 3016 1230 3110 Proprium
1255 3021 1304 3081 est
1326 3021 1434 3083 autem
1451 3037 1526 3102 pro·

349 3157 459 3202 cessus
471 3137 674 3204 accusatorii
686 3143 721 3202 ut
733 3137 939 3223 probationes
951 3137 991 3202 ab
1003 3142 1199 3204 accusatore
1215 3137 1343 3223 publice
1354 3138 1525 3223 proteran-

348 3270 403 3329 tur
414 3270 447 3329 et
458 3266 663 3348 explicentur
678 3265 835 3330 adversus
851 3271 1056 3336 accusatum,
1075 3266 1127 3348 qui
1148 3263 1265 3330 exinde
1289 3266 1415 3349 copiam
1428 3265 1527 3330 habet

348 3409 425 3454 suae
441 3388 646 3462 defensionis,
665 3389 845 3455 refellendo
868 3387 1023 3456 adductas
1047 3387 1252 3472 probationes
1268 3387 1327 3454 sibi
1343 3389 1526 3454 omnimode

349 3518 544 3594 perspectas.
570 3510 713 3577 Proinde
736 3511 874 3578 dicenda
896 3531 961 3575 nou
977 3515 1026 3575 est
1041 3509 1211 3576 iudicialis
1226 3511 1389 3576 attestatio
1403 3511 1436 3573 in
1454 3529 1525 3595 pro

212 3622 218 3636 ’
346 3654 440 3700 cessu
455 3638 666 3708 accusatum,
679 3639 707 3701 si
722 3636 833 3701 eadem
851 3637 1032 3719 excipiatur
1048 3655 1112 3700 non
1128 3637 1227 3700 citato
1242 3641 1404 3708 accusato,
1419 3638 1473 3719 qui
1492 3641 1524 3700 et

347 3765 445 3824 testes
468 3760 578 3823 iurare
594 3759 680 3824 videt
703 3767 736 3824 et
757 3761 905 3826 attestari
922 3759 1019 3824 audit
1044 3757 1116 3823 Huc
1130 3764 1255 3842 spectat
1269 3757 1401 3824 celeber
1415 3764 1523 3826 textus

346 3902 422 3965 cap.
436 3882 486 3948 2-
504 3881 553 3947 De
577 3889 646 3949 test.
663 3889 695 3949 et
709 3888 815 3949 attest.
832 3883 875 3947 X.
891 3883 948 3964 (ΙΙ,
964 3881 1020 3968 20)
1045 3883 1247 3966 praecipiens
1264 3903 1282 3943 ‹
1298 3881 1385 3947 Ecce
1404 3882 1522 3950 admo

346 4007 480 4073 nanus
494 4012 543 4074 est
556 4027 691 4092 semper
706 4009 927 4075 advermrius
945 4007 996 4073 uti
1011 4009 1057 4073 ad
1073 4007 1263 4075 audiendos
1278 4013 1376 4074 testeo
1390 4008 1504 4074 veniat
1510 4028 1523 4090 ,·

346 4132 438 4215 quod
465 4130 546 4215 quia
573 4132 737 4198 omasum
764 4138 967 4204 estnecesse
997 4137 1044 4197 est
1074 4136 1112 4195 ut
1142 4131 1234 4215 quod
1264 4137 1385 4197 contra
1416 4132 1520 4218 tepent

345 4258 460 4320 actum
483 4261 540 4330 est,
563 4275 635 4334 nau
658 4255 780 4323 babeat
800 4257 997 4342 firmitatem
1014 4277 1044 4321 s.
1062 4257 1109 4322 Eo
1130 4257 1232 4342 magis
1255 4258 1329 4339 quia
1352 4275 1521 4341 processus

345 4378 578 4446 accusatorias
601 4378 832 4447 conficiebatur
857 4386 890 4446 ut
913 4381 1095 4466 plurimum,
1120 4400 1184 4446 nou
1208 4399 1359 4448 scurrus
1375 4379 1433 4446 sed
1448 4401 1519 4449 are·
