3350 5100
359 298 426 364 260
876 318 961 366 rans
988 319 1025 365 ιι.

361 446 475 527 potest.
492 461 606 527 poena,
623 442 656 507 vi
672 443 851 507 sententiae
869 440 1130 515 declaratomae,
1147 439 1328 505 retrotrahi
1350 438 1390 505 ad
1413 444 1546 523 tempus

362 566 479 651 patrati
492 566 637 630 criminis
648 583 656 640 ;
667 563 823 648 siquidem
839 571 911 649 post
927 564 1091 649 expletam
1108 564 1398 649 praescriptionem
1413 563 1544 627 crimen

360 686 460 751 veluti
476 688 610 752 evanuit
622 704 663 752 ac
679 688 704 751 si
721 705 885 771 nunquam
903 687 1072 751 extitisset.
1092 721 1110 735 -
1137 682 1317 751 Praeterea
1339 683 1545 763 advertatur,

359 812 550 876 sententiam
577 810 844 877 declaratoriarn
867 830 931 875 non
956 810 1008 877 edi
1031 812 1092 877 nisi
1117 830 1216 875 causa
1239 811 1369 896 cognita
1391 830 1448 873 seu
1469 828 1546 893 pro·

359 936 434 1001 bato
449 938 603 1011 crimine;
620 936 677 1001 sed
693 936 850 1021 quomodo
867 936 979 1001 hocin
996 935 1151 1001 iudicium
1173 936 1261 1003 trahi
1284 934 1382 1015 vaiet,
1398 935 1425 999 si
1440 933 1548 998 delin-

359 1080 461 1145 quens
494 1067 695 1125 summoveat
728 1061 944 1125 accusationis
981 1060 1049 1125 sive
1084 1060 1299 1144 inquisitionis
1334 1059 1547 1132 instantiam,

360 1187 553 1269 exceptione
568 1180 878 1269 praescriptionis?
895 1220 912 1233 -
939 1184 1049 1260 Quare
1072 1188 1187 1271 opinor
1210 1186 1243 1248 in
1268 1185 1331 1249 hoc
1347 1202 1424 1249 casu
1449 1188 1550 1247 certe

361 1308 612 1382 haberi,saltem
626 1309 1102 1395 indirecte,praescriptionem
1119 1329 1260 1393 poenae:
1278 1307 1334 1374 sed
1353 1308 1416 1373 DD.
1434 1315 1548 1373 aucto·

361 1433 488 1495 ritatern
501 1432 733 1497 invocare-non
745 1432 848 1504 valeo,
859 1432 933 1514 quia
945 1432 1166 1515 quaestionem
1180 1450 1244 1495 non
1258 1428 1367 1495 inveni
1376 1428 1464 1515 apud
1478 1428 1548 1493 DD.

361 1559 525 1641 agitatam,
549 1555 686 1641 proinde
709 1554 748 1621 de
772 1556 888 1621 merito
911 1554 1127 1621 conclusionis
1150 1556 1294 1621 viderint
1316 1556 1547 1640 sapientiores.

444 1680 495 1759 ,De
517 1680 629 1765 poenis
653 1679 846 1762 autemser.
870 1686 953 1746 sent.
966 1681 1075 1745 inlatis
1090 1700 1150 1764 per
1165 1682 1359 1746 sententiam
1381 1682 1548 1747 conm-

359 1806 533 1902 natoriam
555 1805 724 1887 quaeritur
746 1825 788 1869 an
811 1824 924 1890 poena,
940 1807 966 1870 si
991 1806 1217 1870 executionem
1241 1825 1306 1869 non
1329 1806 1490 1871 sortiatur
1506 1804 1550 1869 ob

361 1930 577 1995 resistentiam
600 1928 803 1994 condemnati
832 1932 884 2013 qui
916 1930 1042 2015 aufugit
1064 1937 1120 1995 aut
1143 1936 1318 1996 contumax
1344 1935 1403 2004 est.
1429 1930 1549 1995 eadem

361 2059 453 2118 certo
484 2059 556 2137 post
585 2059 731 2138 tempore
766 2055 969 2139 praescripta
1004 2054 1120 2119 haberi
1152 2054 1276 2120 debeat.
1311 2090 1328 2101 -
1362 2054 1424 2120 Sed
1455 2074 1551 2119 conr-

361 2178 449 2241 muni
474 2176 590 2242 iudicio
614 2178 678 2242 DD.
704 2183 881 2259 autumant,
899 2180 943 2243 uti
968 2177 1125 2263 probatur
1152 2180 1185 2242 in
1210 2180 1263 2244 cit.
1288 2178 1375 2245 Voto
1400 2178 1548 2245 Consul·

361 2298 458 2373 toris,
484 2298 523 2363 de
550 2300 807 2383 praescriptione
834 2318 957 2384 poenae
980 2300 1013 2363 in
1036 2298 1108 2364 iure
1132 2299 1220 2365 civili
1252 2319 1332 2363 rorn.
1358 2305 1391 2365 et
1414 2301 1447 2363 in
1473 2300 1549 2365 iure

361 2443 433 2489 can.
452 2424 583 2489 nullum
606 2423 722 2488 haberi
744 2424 924 2508 vestigium.
944 2422 1054 2497 Quare
1069 2423 1110 2489 de
1122 2424 1397 2507 praescriptione
1407 2442 1552 2507 poenae

360 2552 393 2614 in
417 2550 521 2615 relato
544 2550 677 2615 decreto
691 2548 721 2616 S.
739 2548 774 2614 0.
790 2550 859 2614 ΕΕ.
877 2555 910 2614 et
926 2550 997 2614 itit.
1015 2569 1056 2616 ne
1080 2548 1221 2616 verbum
1245 2548 1387 2634 quidem.
1414 2550 1550 2616 Exinde

361 2675 457 2740 hodie
472 2677 685 2761 praescriptio
702 2675 798 2739 huius
813 2693 937 2760 poenae
953 2676 1024 2761 post
1041 2683 1121 2740 sent.
1140 2676 1461 2743 condemnatoriam
1478 2697 1547 2741 non

361 2797 627 2862 admittituriare
643 2815 718 2862 can.
734 2816 795 2881 per
817 2795 991 2862 decursum
1015 2798 1171 2882 temporis
1194 2798 1305 2862 statuti
1328 2797 1369 2860 ad
1393 2797 1546 2863 camina

362 2919 624 3003 praescribenda.
643 2955 661 2968 ·
679 2923 831 2986 Attamen
850 2919 992 2985 carrara
1012 2940 1067 3004 op.
1084 2920 1137 2987 cit.
1154 2921 1176 3004 ἓ
1194 2921 1268 3002 717,
1285 2921 1417 2986 innixus
1432 2927 1548 2986 aucto-
1634 2933 1635 2968 ³

365 3045 451 3110 ritati
474 3043 676 3126 quorundam
700 3044 921 3108 recentiorum
945 3043 1009 3108 DD.
1026 3043 1180 3108 videlicet
1202 3041 1398 3108 Hoorebeke
1415 3059 1472 3126 ορ.
1492 3043 1549 3109 cit.

360 3189 396 3251 p.
410 3160 443 3242 82
457 3174 490 3232 et
502 3168 642 3232 Villeret
657 3167 707 3233 De
723 3168 757 3232 ta
767 3166 998 3250 prescription
1010 3169 1033 3250 ἐ
1047 3167 1101 3249 21,
1115 3169 1231 3233 asserit
1247 3168 1407 3234 contineri
1420 3187 1551 3252 poenae

363 3293 661 3379 praescriptionem,
694 3293 765 3356 iure
795 3311 922 3375 quoque
954 3311 1171 3374 romanorum,
1203 3295 1236 3356 in
1267 3291 1414 3378 generali
1446 3311 1546 3378 prae·
1633 3345 1634 3350 ,

364 3419 539 3503 scriptione
566 3416 756 3490 tricennali;
781 3435 843 3499 qua
867 3417 1023 3496 actiones
1047 3415 1268 3502 obligationes,
1294 3419 1375 3489 iura,
1398 3416 1547 3482 breviori

363 3547 510 3624 tempore
526 3558 590 3601 ntur
613 3537 874 3623 praescribenda,
888 3539 984 3623 plane
1007 3537 1285 3624 praescribuntur.
1302 3537 1387 3603 Sanc
1402 3537 1548 3604 advertit

365 3672 437 3750 post
458 3665 651 3730 sententiam
675 3665 783 3728 enasci
807 3665 975 3730 actionem
997 3665 1049 3730 rei
1072 3664 1243 3731 indicatae
1267 3665 1363 3730 etiam
1379 3664 1414 3728 in
1429 3683 1546 3750 poena·

364 3791 456 3856 libus.
484 3790 562 3853 Nam
586 3808 646 3872 per
669 3787 787 3855 editam
809 3790 1003 3854 sententiam
1019 3790 1069 3854 ius
1086 3789 1250 3854 enascitur
1272 3787 1314 3854 ad
1336 3787 1548 3854 obtinendam
1632 3837 1633 3876 3

362 3880 512 3997 poenam,
535 3913 587 3977 cui
610 3912 674 3976 iuri
698 3910 871 3995 respondet
885 3912 1030 3996 apposita
1053 3913 1138 3976 actio
1154 3930 1200 3976 em
1221 3931 1260 3978 re
1283 3911 1457 3978 indicata:
1472 3933 1545 3978 cur·

367 4058 440 4102 nani
453 4037 535 4101 haec
547 4038 631 4100 actio
648 4055 711 4100 non
728 4035 1063 4121 comprehenderetur
1079 4036 1337 4122 praescriptione
1352 4033 1548 4100 tricennarii

367 4163 492 4249 Opinor
504 4162 580 4226 huic
595 4162 776 4228 sententiae
791 4163 887 4227 etiarn
903 4162 936 4227 in
952 4161 1025 4226 foro
1040 4161 1157 4226 eccles.
1170 4167 1238 4227 tuto
1254 4161 1429 4226 adhaereri
1442 4183 1544 4248 posse.

460 4287 532 4350 loo,
559 4287 776 4370 Praescriptio
801 4286 913 4370 incipit
936 4285 1112 4351 decurrere
1135 4306 1155 4350 a
1178 4285 1229 4350 die
1253 4287 1413 4352 commissi
1439 4289 1543 4352 crirni-
1631 4333 1632 4344 i

368 4413 426 4483 uis,
451 4429 522 4495 arg.
547 4411 610 4494 tcp.
636 4411 694 4479 29,
719 4411 738 4490 ἓ
763 4411 794 4482 7,
820 4407 850 4472 ff.
877 4409 923 4474 ad
947 4411 1008 4496 tep.
1036 4409 1099 4476 rat.
1124 4410 1166 4476 de
1189 4409 1294 4475 attuit.
1320 4411 1395 4475 -In
1419 4409 1547 4476 delictis
