3350 5100
668 530 792 635 llls
826 531 892 635 lll.

360 771 426 884 De
453 772 625 851 iudiciis
653 770 953 850 criminalibus
982 772 1028 849 in
1055 770 1199 869 specie

279 914 651 994 commentarium
679 916 726 993 in
754 913 1092 993 Instructionem
1121 913 1282 992 editam

487 1080 528 1197 a·
548 1054 596 1135 S.
626 1056 761 1165 Cong.
789 1057 873 1135 EE.
902 1060 947 1134 et
974 1054 1071 1133 RR.

576 1200 644 1280 die
671 1223 703 1277 11
732 1199 846 1278 Iunii
875 1199 982 1277 1880.

740 1420 820 1427 ...α-ι

664 1646 844 1711 TITULUS
868 1646 892 1709 l.

516 1844 559 1888 DE
583 1842 710 1890 tuniolo
733 1842 912 1889 celmlrlnll
938 1842 1044 1887 Mlxlo

378 1964 575 2013 onnlllsnno
598 1966 701 2013 lox‘rn
725 1964 873 2011 ΟΙΤΑΤΑΜ
901 1964 1182 2011 INSTRUCTIONEM.

196 2120 412 2179 Summarium.
426 2150 459 2164 —
472 2123 533 2175 268.
550 2121 712 2191 Explicandi
731 2125 796 2175 sunt
814 2121 918 2189 singuli
937 2126 1016 2175 actus
1036 2122 1226 2191 processuales
1245 2138 1292 2175 eeu
1312 2122 1369 2173 telo

282 2229 434 2284 evolvenda
456 2235 498 2284 est
521 2246 665 2298 processus
686 2228 848 2283 criminalis.
870 2257 906 2270 -
925 2227 985 2281 269,
1006 2228 1154 2282 Processus
1173 2230 1276 2281 mixtus
1298 2226 1370 2280 ordi-

282 2340 365 2389 natus
383 2337 437 2390 tuit
461 2336 489 2390 in
512 2339 594 2391 citato
614 2336 806 2390 instructione.
829 2364 862 2375 -
885 2336 945 2388 270.
968 2334 1038 2389 Heio
1056 2334 1211 2389 ordinatur
1225 2349 1369 2403 processus

281 2430 453 2495 commodius
470 2456 519 2495 seu
538 2444 737 2503 oeconomicus.
755 2440 823 2510 quin
842 2440 1005 2509 derogatum
1030 2440 1067 2492 sit
1092 2440 1231 2507 processui
1250 2440 1370 2493 solemni

281 2563 330 2600 seu
354 2545 480 2617 formali.
499 2573 534 2586 -
552 2546 613 2599 271.
637 2544 688 2600 Hic
714 2544 887 2614 potissimum
913 2543 1050 2613 repetitur
1073 2560 1107 2599 ex
1133 2542 1209 2614 stylo
1235 2542 1368 2613 peculiari

282 2653 431 2706 curiarum,
449 2680 486 2693 -
507 2653 568 2704 272.
595 2651 696 2706 Utrum
722 2651 752 2704 in
775 2651 967 2704 criminalibus
995 2652 1198 2705 solemnitatem
1228 2665 1370 2720 processus

282 2774 393 2814 servare
409 2758 455 2812 vel
474 2757 567 2826 potius
585 2757 701 2810 sormam
721 2757 925 2811 oeconomicam
943 2757 1062 2825 pendeat
1080 2773 1114 2811 ex
1133 2755 1252 2809 arbitrio
1267 2771 1315 2810 seu
1334 2755 1369 2807 ab

281 2864 415 2918 instantia
433 2865 555 2934 partium
574 2871 623 2918 aut
643 2881 677 2919 ex
696 2865 794 2918 iudicis
811 2863 925 2918 decreto
951 2891 986 2904 -
1004 2863 1065 2916 273.
1085 2863 1192 2918 Causae
1211 2861 1369 2916 criminales

281 2972 425 3028 habendae
444 2978 508 3027 sunt
527 2975 699 3027 summurice
717 2973 807 3043 quoad
822 2973 1012 3028 solmnitates
1027 2971 1073 3026 sed
1091 2988 1142 3025 non
1160 2970 1251 3042 quoad
1266 2973 1370 3040 probo·

282 3082 425 3134 tiones·
435 3079 495 3132 274.
509 3079 584 3134 Haec
601 3079 673 3132 ratio
692 3077 857 3146 procedendi
870 3078 1017 3147 respondet
1030 3077 1198 3131 adamussim
1211 3081 1241 3132 et
1254 3081 1370 3132 naturae

281 3204 427 3242 causarum
440 3193 470 3242 et
482 3191 638 3256 temporum
652 3186 820 3241 necessitati.
839 3185 998 3241 Necessitas
1013 3185 1167 3240 instruendi
1179 3191 1208 3240 et
1220 3185 1369 3240 deliniendi

281 3310 378 3349 causas
391 3293 550 3348 criminales
563 3295 592 3347 in
603 3293 664 3348 foro
676 3293 875 3347 ecclesiastico.
888 3321 921 3335 -
931 3293 990 3348 275.
1006 3293 1093 3346 Cicuta
1106 3293 1254 3347 instructio
1268 3294 1369 3364 partim

283 3402 383 3470 pressit
401 3401 522 3468 vestigia
537 3399 646 3453 Codicis
664 3400 789 3469 poenalis
807 3400 946 3454 iudicialis
965 3399 1047 3468 Greg.
1064 3401 1173 3470 saepias
1189 3403 1274 3466 citati,
1287 3417 1304 3453 a
1316 3416 1370 3470 quo

273 3501 396 3571 ¹proinde
421 3501 527 3555 desumi
550 3516 629 3570 posse
648 3501 777 3556 videntur
798 3500 949 3556 nonnullae
971 3518 1086 3556 normas
1110 3501 1309 3571 processuales.
1336 3529 1369 3541 ··-

281 3607 343 3661 276.
365 3607 512 3676 Proprium
524 3606 610 3661 habet
624 3623 767 3677 processus
779 3607 833 3660 iud.
848 3606 1003 3661 criminalis
1019 3607 1117 3662 eccles.
1134 3612 1260 3660 utentes
1278 3622 1371 3661 emen-

281 3713 388 3767 dationi
406 3713 603 3784 delinquentis,
621 3713 719 3768 deinde
738 3714 890 3783 prospiciat
909 3715 1004 3783 poenis
1023 3714 1197 3784 imponendis
1215 3716 1371 3784 improprie

281 3821 466 3874 uindicativis.
485 3847 522 3862 -
539 3823 599 3874 277.
621 3820 660 3875 De
679 3821 785 3891 tripiici
803 3821 873 3875 vitio
891 3821 1031 3875 multicolis
1052 3837 1108 3892 quo
1127 3822 1290 3876 inlicinnlnr
1308 3825 1371 3874 acta

284 3928 313 3981 in
332 3944 459 3998 processu
480 3933 642 3981 summario.

283 4087 360 4154 268.
378 4089 545 4156 Hactenus
568 4090 800 4175 explicavimus
818 4091 917 4156 veluti
940 4092 1186 4177 prolepomeno
1203 4091 1235 4155 in
1252 4089 1369 4203 iudicia

1 4146 2 4169 l

1 4172 3 4251 ὗ
193 4208 385 4295 criminalia,
410 4217 528 4300 quippe
549 4213 754 4300 dispersimus,
772 4235 930 4300 quaenam
954 4222 1063 4283 essent
1085 4197 1233 4284 diversae
1257 4237 1372 4302 proce·

195 4337 291 4403 dendi
315 4337 449 4419 formae,
467 4359 625 4423 quaenam
647 4346 756 4406 essent
779 4359 891 4405 earnm
908 4343 996 4408 vices
1019 4341 1203 4412 historicae,
1221 4345 1253 4406 et
1276 4361 1370 4426 quae-

196 4478 271 4525 nam
295 4481 337 4526 ex
360 4462 451 4528 hisce
473 4463 586 4528 formis
610 4465 712 4550 magis
735 4465 948 4530 convenirent
971 4467 1004 4528 in
1028 4463 1219 4530 hodiernam
1234 4469 1370 4551 praxim.
