<?xml version="1.0" encoding="UTF-8"?>
<!DOCTYPE html PUBLIC "-//W3C//DTD XHTML 1.0 Transitional//EN"
    "http://www.w3.org/TR/xhtml1/DTD/xhtml1-transitional.dtd">
<html xmlns="http://www.w3.org/1999/xhtml" xml:lang="en" lang="en">
 <head>
  <title>
</title>
<meta http-equiv="Content-Type" content="text/html;charset=utf-8" />
  <meta name='ocr-system' content='tesseract 3.04.00' />
  <meta name='ocr-capabilities' content='ocr_page ocr_carea ocr_par ocr_line ocrx_word'/>
</head>
<body>
  <div class='ocr_page' id='page_1' title='image "./praelectionesin00legagoog_0234.png"; bbox 0 0 3350 5100; ppageno 0'>
   <div class='ocr_carea' id='block_1_1' title="bbox 311 278 973 349">
    <p class='ocr_par' dir='ltr' id='par_1_1' title="bbox 311 278 973 349">
     <span class='ocr_line' id='line_1_1' title="bbox 311 278 973 349; baseline 0 -5"><span class='ocrx_word' id='word_1_1' title='bbox 311 278 379 344; x_wconf 79' lang='lat'><strong><em>232</em></strong></span> <span class='ocrx_word' id='word_1_2' title='bbox 822 300 906 348; x_wconf 77' lang='lat' dir='ltr'><strong><em>raas</em></strong></span> <span class='ocrx_word' id='word_1_3' title='bbox 939 301 973 349; x_wconf 89' lang='lat'><strong><em>11.</em></strong></span> 
     </span>
    </p>
   </div>
   <div class='ocr_carea' id='block_1_2' title="bbox 312 422 1491 911">
    <p class='ocr_par' dir='ltr' id='par_1_2' title="bbox 312 422 1491 634">
     <span class='ocr_line' id='line_1_2' title="bbox 312 422 1491 511; baseline 0.005 -26"><span class='ocrx_word' id='word_1_4' title='bbox 312 424 346 486; x_wconf 94' lang='lat' dir='ltr'><strong><em>in</em></strong></span> <span class='ocrx_word' id='word_1_5' title='bbox 377 423 513 507; x_wconf 82' lang='lat' dir='ltr'><strong><em>negotiis</em></strong></span> <span class='ocrx_word' id='word_1_6' title='bbox 540 422 696 489; x_wconf 85' lang='lat' dir='ltr'><strong><em>civilibus.</em></strong></span> <span class='ocrx_word' id='word_1_7' title='bbox 722 422 885 499; x_wconf 81' lang='lat' dir='ltr'><strong>Quocirca</strong></span> <span class='ocrx_word' id='word_1_8' title='bbox 910 426 986 491; x_wconf 91' lang='lat' dir='ltr'><strong><em>huic</em></strong></span> <span class='ocrx_word' id='word_1_9' title='bbox 1014 427 1149 511; x_wconf 82' lang='lat' dir='ltr'><strong><em>regulae</em></strong></span> <span class='ocrx_word' id='word_1_10' title='bbox 1177 446 1242 492; x_wconf 91' lang='lat' dir='ltr'><strong><em>non</em></strong></span> <span class='ocrx_word' id='word_1_11' title='bbox 1270 430 1376 493; x_wconf 88' lang='lat' dir='ltr'><strong><em>minus</em></strong></span> <span class='ocrx_word' id='word_1_12' title='bbox 1399 426 1491 491; x_wconf 89' lang='lat' dir='ltr'><strong><em>obse·</em></strong></span> 
     </span>
     <span class='ocr_line' id='line_1_3' title="bbox 313 546 1197 634; baseline 0.007 -25"><span class='ocrx_word' id='word_1_13' title='bbox 313 546 366 630; x_wconf 93' lang='lat' dir='ltr'><strong><em>qui</em></strong></span> <span class='ocrx_word' id='word_1_14' title='bbox 390 546 485 611; x_wconf 91' lang='lat' dir='ltr'><strong><em>debet</em></strong></span> <span class='ocrx_word' id='word_1_15' title='bbox 507 552 672 631; x_wconf 82' lang='lat' dir='ltr'><strong><em>promotor</em></strong></span> <span class='ocrx_word' id='word_1_16' title='bbox 694 546 823 631; x_wconf 71' lang='lat' dir='ltr'><strong><em>fiscalis</em></strong></span> <span class='ocrx_word' id='word_1_17' title='bbox 847 550 993 634; x_wconf 91' lang='lat' dir='ltr'><strong><em>publicus</em></strong></span> <span class='ocrx_word' id='word_1_18' title='bbox 1016 556 1197 617; x_wconf 88' lang='lat' dir='ltr'><strong><em>accusator.</em></strong></span> 
     </span>
    </p>

    <p class='ocr_par' dir='ltr' id='par_1_3' title="bbox 312 669 1491 911">
     <span class='ocr_line' id='line_1_4' title="bbox 404 669 1490 760; baseline 0.005 -26"><span class='ocrx_word' id='word_1_19' title='bbox 404 669 476 737; x_wconf 85' lang='lat'><strong>165.</strong></span> <span class='ocrx_word' id='word_1_20' title='bbox 489 669 626 736; x_wconf 80' lang='lat' dir='ltr'>Ratione</span> <span class='ocrx_word' id='word_1_21' title='bbox 637 676 745 737; x_wconf 87' lang='lat' dir='ltr'><strong><em>autem</em></strong></span> <span class='ocrx_word' id='word_1_22' title='bbox 757 674 931 748; x_wconf 79' lang='lat' dir='ltr'><strong><em>lcmilorii,</em></strong></span> <span class='ocrx_word' id='word_1_23' title='bbox 949 674 1020 757; x_wconf 89' lang='lat' dir='ltr'><strong><em>quis</em></strong></span> <span class='ocrx_word' id='word_1_24' title='bbox 1035 674 1153 740; x_wconf 88' lang='lat' dir='ltr'><strong><em>dicitur</em></strong></span> <span class='ocrx_word' id='word_1_25' title='bbox 1164 674 1295 741; x_wconf 80' lang='lat' dir='ltr'>subesse</span> <span class='ocrx_word' id='word_1_26' title='bbox 1307 680 1490 760; x_wconf 90' lang='lat' dir='ltr'><strong><em>competen-</em></strong></span> 
     </span>
     <span class='ocr_line' id='line_1_5' title="bbox 312 795 1491 911; baseline 0.003 -50"><span class='ocrx_word' id='word_1_27' title='bbox 312 796 378 862; x_wconf 90' lang='lat' dir='ltr'><strong><em>tiae</em></strong></span> <span class='ocrx_word' id='word_1_28' title='bbox 388 795 473 861; x_wconf 87' lang='lat' dir='ltr'><strong><em>illius</em></strong></span> <span class='ocrx_word' id='word_1_29' title='bbox 488 796 610 871; x_wconf 83' lang='lat' dir='ltr'><strong><em>iudicis,</em></strong></span> <span class='ocrx_word' id='word_1_30' title='bbox 623 797 657 863; x_wconf 90' lang='lat' dir='ltr'><strong><em>in</em></strong></span> <span class='ocrx_word' id='word_1_31' title='bbox 670 800 761 864; x_wconf 92' lang='lat' dir='ltr'><strong><em>cuius</em></strong></span> <span class='ocrx_word' id='word_1_32' title='bbox 776 798 924 865; x_wconf 89' lang='lat' dir='ltr'><strong><em>districtu</em></strong></span> <span class='ocrx_word' id='word_1_33' title='bbox 940 819 996 865; x_wconf 89' lang='lat' dir='ltr'><strong><em>seu</em></strong></span> <span class='ocrx_word' id='word_1_34' title='bbox 1011 800 1151 867; x_wconf 86' lang='lat' dir='ltr'><strong><em>dioecesi</em></strong></span> <span class='ocrx_word' id='word_1_35' title='bbox 1166 807 1221 868; x_wconf 91' lang='lat' dir='ltr'><strong><em>aut</em></strong></span> <span class='ocrx_word' id='word_1_36' title='bbox 1240 804 1412 887; x_wconf 85' lang='lat' dir='ltr'><strong><em>provincia</em></strong></span> <span class='ocrx_word' id='word_1_37' title='bbox 1434 800 1491 911; x_wconf 80' lang='lat' dir='ltr'><strong><em>do·</em></strong></span> 
     </span>
    </p>
   </div>
   <div class='ocr_carea' id='block_1_3' title="bbox 212 919 1492 1007">
    <p class='ocr_par' dir='ltr' id='par_1_4' title="bbox 212 919 1492 1007">
     <span class='ocr_line' id='line_1_6' title="bbox 212 919 1492 1007; baseline 0.006 -25"><span class='ocrx_word' id='word_1_38' title='bbox 212 992 215 995; x_wconf 14' lang='lat'><strong>⁴</strong></span> <span class='ocrx_word' id='word_1_39' title='bbox 312 919 466 985; x_wconf 87' lang='lat' dir='ltr'><strong><em>micilium</em></strong></span> <span class='ocrx_word' id='word_1_40' title='bbox 482 920 581 986; x_wconf 86' lang='lat' dir='ltr'><strong><em>habet</em></strong></span> <span class='ocrx_word' id='word_1_41' title='bbox 592 927 649 987; x_wconf 88' lang='lat' dir='ltr'><strong><em>aut</em></strong></span> <span class='ocrx_word' id='word_1_42' title='bbox 660 922 966 1006; x_wconf 88' lang='lat' dir='ltr'><strong><em>quasi-domicilium.</em></strong></span> <span class='ocrx_word' id='word_1_43' title='bbox 981 961 995 973; x_wconf 92' lang='lat'><em>-</em></span> <span class='ocrx_word' id='word_1_44' title='bbox 1009 926 1128 991; x_wconf 89' lang='lat' dir='ltr'><strong><em>Forum</em></strong></span> <span class='ocrx_word' id='word_1_45' title='bbox 1144 926 1317 1007; x_wconf 78' lang='lat' dir='ltr'><strong><em>domicilii,</em></strong></span> <span class='ocrx_word' id='word_1_46' title='bbox 1334 927 1368 991; x_wconf 94' lang='lat' dir='ltr'><strong><em>in</em></strong></span> <span class='ocrx_word' id='word_1_47' title='bbox 1384 926 1492 993; x_wconf 87' lang='lat' dir='ltr'><strong><em>causis</em></strong></span> 
     </span>
    </p>
   </div>
   <div class='ocr_carea' id='block_1_4' title="bbox 313 1045 1494 2268">
    <p class='ocr_par' dir='ltr' id='par_1_5' title="bbox 313 1045 1494 2133">
     <span class='ocr_line' id='line_1_7' title="bbox 313 1045 1490 1137; baseline 0.007 -31"><span class='ocrx_word' id='word_1_48' title='bbox 313 1061 439 1127; x_wconf 91' lang='lat' dir='ltr'><strong><em>quoqne</em></strong></span> <span class='ocrx_word' id='word_1_49' title='bbox 460 1045 691 1121; x_wconf 80' lang='lat' dir='ltr'><strong><em>criminalibus,</em></strong></span> <span class='ocrx_word' id='word_1_50' title='bbox 705 1053 754 1113; x_wconf 89' lang='lat' dir='ltr'><strong><em>est</em></strong></span> <span class='ocrx_word' id='word_1_51' title='bbox 776 1048 995 1115; x_wconf 75' lang='lat' dir='ltr'><strong><em>ordinarium</em></strong></span> <span class='ocrx_word' id='word_1_52' title='bbox 1018 1057 1051 1115; x_wconf 89' lang='lat' dir='ltr'><strong><em>el</em></strong></span> <span class='ocrx_word' id='word_1_53' title='bbox 1072 1052 1242 1136; x_wconf 78' lang='lat' dir='ltr'><strong><em>pomereto,</em></strong></span> <span class='ocrx_word' id='word_1_54' title='bbox 1255 1051 1392 1137; x_wconf 82' lang='lat' dir='ltr'><strong><em>proinde</em></strong></span> <span class='ocrx_word' id='word_1_55' title='bbox 1416 1071 1490 1116; x_wconf 90' lang='lat' dir='ltr'><strong><em>cum</em></strong></span> 
     </span>
     <span class='ocr_line' id='line_1_8' title="bbox 313 1169 1492 1262; baseline 0.008 -30"><span class='ocrx_word' id='word_1_56' title='bbox 313 1169 432 1233; x_wconf 89' lang='lat' dir='ltr'><strong><em>ceteris</em></strong></span> <span class='ocrx_word' id='word_1_57' title='bbox 448 1169 528 1235; x_wconf 86' lang='lat' dir='ltr'><strong><em>ioris</em></strong></span> <span class='ocrx_word' id='word_1_58' title='bbox 542 1172 720 1245; x_wconf 81' lang='lat' dir='ltr'><strong><em>concurrit,</em></strong></span> <span class='ocrx_word' id='word_1_59' title='bbox 738 1192 854 1259; x_wconf 90' lang='lat' dir='ltr'><strong><em>nempe</em></strong></span> <span class='ocrx_word' id='word_1_60' title='bbox 876 1174 952 1239; x_wconf 81' lang='lat' dir='ltr'><strong><em>iore</em></strong></span> <span class='ocrx_word' id='word_1_61' title='bbox 972 1178 1244 1258; x_wconf 56' lang='lat' dir='ltr'><strong><em>praesentiorem</em></strong></span> <span class='ocrx_word' id='word_1_62' title='bbox 1262 1197 1332 1262; x_wconf 88' lang='lat' dir='ltr'><strong><em>arg.</em></strong></span> <span class='ocrx_word' id='word_1_63' title='bbox 1350 1198 1378 1243; x_wconf 89' lang='lat' dir='ltr'><strong><em>c.</em></strong></span> <span class='ocrx_word' id='word_1_64' title='bbox 1396 1198 1424 1243; x_wconf 92' lang='grc'><strong>0.</strong></span> <span class='ocrx_word' id='word_1_65' title='bbox 1442 1176 1492 1242; x_wconf 80' lang='grc'><strong><em>20</em></strong></span> 
     </span>
     <span class='ocr_line' id='line_1_9' title="bbox 313 1291 1493 1387; baseline 0.008 -31"><span class='ocrx_word' id='word_1_66' title='bbox 313 1291 364 1357; x_wconf 88' lang='lat' dir='ltr'><strong><em>De</em></strong></span> <span class='ocrx_word' id='word_1_67' title='bbox 392 1292 460 1375; x_wconf 79' lang='lat' dir='ltr'><strong><em>for.</em></strong></span> <span class='ocrx_word' id='word_1_68' title='bbox 492 1300 613 1378; x_wconf 83' lang='lat' dir='ltr'><strong><em>compl.</em></strong></span> <span class='ocrx_word' id='word_1_69' title='bbox 637 1297 672 1361; x_wconf 89' lang='lat' dir='ltr'><em>X</em></span> <span class='ocrx_word' id='word_1_70' title='bbox 692 1295 749 1380; x_wconf 79' lang='grc'><strong>111,</strong></span> <span class='ocrx_word' id='word_1_71' title='bbox 774 1296 817 1379; x_wconf 82' lang='grc'><strong><em>2),</em></strong></span> <span class='ocrx_word' id='word_1_72' title='bbox 842 1299 860 1361; x_wconf 88' lang='grc'><strong><em>1</em></strong></span> <span class='ocrx_word' id='word_1_73' title='bbox 884 1298 936 1365; x_wconf 86' lang='lat' dir='ltr'><strong><em>De</em></strong></span> <span class='ocrx_word' id='word_1_74' title='bbox 955 1299 1046 1383; x_wconf 75' lang='lat' dir='ltr'><strong><em>priv.</em></strong></span> <span class='ocrx_word' id='word_1_75' title='bbox 1071 1300 1125 1385; x_wconf 82' lang='lat' dir='ltr'><strong><em>(V,</em></strong></span> <span class='ocrx_word' id='word_1_76' title='bbox 1150 1300 1184 1387; x_wconf 84' lang='grc'><strong><em>7)</em></strong></span> <span class='ocrx_word' id='word_1_77' title='bbox 1215 1302 1253 1365; x_wconf 83' lang='lat' dir='ltr'><strong><em>in</em></strong></span> <span class='ocrx_word' id='word_1_78' title='bbox 1276 1301 1308 1374; x_wconf 88' lang='lat'><strong><em>6,</em></strong></span> <span class='ocrx_word' id='word_1_79' title='bbox 1341 1306 1374 1366; x_wconf 89' lang='lat' dir='ltr'><strong><em>et</em></strong></span> <span class='ocrx_word' id='word_1_80' title='bbox 1405 1320 1493 1367; x_wconf 89' lang='lat' dir='ltr'><strong><em>com·</em></strong></span> 
     </span>
     <span class='ocr_line' id='line_1_10' title="bbox 314 1418 1492 1508; baseline 0.008 -27"><span class='ocrx_word' id='word_1_81' title='bbox 314 1423 414 1482; x_wconf 79' lang='lat' dir='ltr'><strong><em>mem.</em></strong></span> <span class='ocrx_word' id='word_1_82' title='bbox 439 1418 612 1503; x_wconf 85' lang='lat' dir='ltr'><strong><em>Fegnanus</em></strong></span> <span class='ocrx_word' id='word_1_83' title='bbox 634 1421 667 1483; x_wconf 90' lang='lat' dir='ltr'><strong><em>in</em></strong></span> <span class='ocrx_word' id='word_1_84' title='bbox 691 1422 744 1487; x_wconf 89' lang='lat' dir='ltr'><strong><em>cit.</em></strong></span> <span class='ocrx_word' id='word_1_85' title='bbox 770 1440 845 1505; x_wconf 85' lang='lat' dir='ltr'><strong><em>cap.</em></strong></span> <span class='ocrx_word' id='word_1_86' title='bbox 870 1422 930 1495; x_wconf 83' lang='lat'><strong><em>20,</em></strong></span> <span class='ocrx_word' id='word_1_87' title='bbox 957 1424 1005 1490; x_wconf 85' lang='lat' dir='ltr'><strong><em>De</em></strong></span> <span class='ocrx_word' id='word_1_88' title='bbox 1020 1424 1086 1506; x_wconf 80' lang='lat' dir='ltr'><strong><em>for.</em></strong></span> <span class='ocrx_word' id='word_1_89' title='bbox 1104 1443 1213 1508; x_wconf 81' lang='lat' dir='ltr'><strong><em>comp.</em></strong></span> <span class='ocrx_word' id='word_1_90' title='bbox 1229 1446 1262 1489; x_wconf 81' lang='lat' dir='ltr'><strong><em>o.</em></strong></span> <span class='ocrx_word' id='word_1_91' title='bbox 1289 1425 1326 1507; x_wconf 88' lang='grc'><strong><em>9,·</em></strong></span> <span class='ocrx_word' id='word_1_92' title='bbox 1350 1430 1382 1491; x_wconf 82' lang='grc'><strong><em>01</em></strong></span> <span class='ocrx_word' id='word_1_93' title='bbox 1406 1426 1492 1491; x_wconf 86' lang='lat' dir='ltr'><strong><em>Acta</em></strong></span> 
     </span>
     <span class='ocr_line' id='line_1_11' title="bbox 315 1538 1492 1634; baseline 0.008 -29"><span class='ocrx_word' id='word_1_94' title='bbox 315 1538 348 1604; x_wconf 83' lang='lat' dir='ltr'><strong><em>S.</em></strong></span> <span class='ocrx_word' id='word_1_95' title='bbox 372 1538 470 1608; x_wconf 79' lang='lat' dir='ltr'><strong><em>Sedis</em></strong></span> <span class='ocrx_word' id='word_1_96' title='bbox 501 1544 576 1618; x_wconf 88' lang='lat' dir='ltr'><strong><em>Vol,</em></strong></span> <span class='ocrx_word' id='word_1_97' title='bbox 600 1546 644 1609; x_wconf 90' lang='lat' dir='ltr'><strong><em>Il.</em></strong></span> <span class='ocrx_word' id='word_1_98' title='bbox 669 1567 698 1631; x_wconf 91' lang='lat' dir='ltr'><strong><em>p.</em></strong></span> <span class='ocrx_word' id='word_1_99' title='bbox 725 1546 789 1610; x_wconf 84' lang='lat'><strong><em>137</em></strong></span> <span class='ocrx_word' id='word_1_100' title='bbox 806 1584 821 1595; x_wconf 93' lang='lat'>-</span> <span class='ocrx_word' id='word_1_101' title='bbox 837 1546 886 1613; x_wconf 82' lang='lat' dir='ltr'><strong><em>cf.</em></strong></span> <span class='ocrx_word' id='word_1_102' title='bbox 912 1568 994 1631; x_wconf 89' lang='lat' dir='ltr'><strong><em>quae</em></strong></span> <span class='ocrx_word' id='word_1_103' title='bbox 1018 1548 1095 1613; x_wconf 87' lang='lat' dir='ltr'><strong><em>Vol·</em></strong></span> <span class='ocrx_word' id='word_1_104' title='bbox 1120 1552 1133 1613; x_wconf 96' lang='grc'><strong><em>1</em></strong></span> <span class='ocrx_word' id='word_1_105' title='bbox 1160 1570 1191 1613; x_wconf 87' lang='lat' dir='ltr'><strong><em>n.</em></strong></span> <span class='ocrx_word' id='word_1_106' title='bbox 1215 1548 1280 1615; x_wconf 88' lang='lat'><strong><em>338</em></strong></span> <span class='ocrx_word' id='word_1_107' title='bbox 1312 1551 1492 1634; x_wconf 84' lang='lat' dir='ltr'><strong><em>explicavi·</em></strong></span> 
     </span>
     <span class='ocr_line' id='line_1_12' title="bbox 314 1666 1493 1758; baseline 0.009 -29"><span class='ocrx_word' id='word_1_108' title='bbox 314 1686 385 1731; x_wconf 89' lang='lat' dir='ltr'><strong><em>mus</em></strong></span> <span class='ocrx_word' id='word_1_109' title='bbox 402 1666 458 1751; x_wconf 89' lang='grc'><strong>(1),</strong></span> <span class='ocrx_word' id='word_1_110' title='bbox 475 1667 516 1733; x_wconf 93' lang='lat' dir='ltr'><strong><em>de</em></strong></span> <span class='ocrx_word' id='word_1_111' title='bbox 532 1668 693 1736; x_wconf 89' lang='lat' dir='ltr'><strong><em>domicilio</em></strong></span> <span class='ocrx_word' id='word_1_112' title='bbox 709 1673 785 1755; x_wconf 79' lang='lat' dir='ltr'><strong><em>ficto</em></strong></span> <span class='ocrx_word' id='word_1_113' title='bbox 801 1692 859 1736; x_wconf 88' lang='lat' dir='ltr'><strong><em>sen</em></strong></span> <span class='ocrx_word' id='word_1_114' title='bbox 875 1673 977 1757; x_wconf 76' lang='lat' dir='ltr'><strong><em>lepuli</em></strong></span> <span class='ocrx_word' id='word_1_115' title='bbox 993 1674 1026 1737; x_wconf 89' lang='lat' dir='ltr'><strong><em>in</em></strong></span> <span class='ocrx_word' id='word_1_116' title='bbox 1043 1672 1132 1739; x_wconf 83' lang='lat' dir='ltr'><strong><em>Urbe</em></strong></span> <span class='ocrx_word' id='word_1_117' title='bbox 1148 1674 1268 1747; x_wconf 67' lang='lat' dir='ltr'><strong><em>Reum</em></strong></span> <span class='ocrx_word' id='word_1_118' title='bbox 1286 1672 1370 1758; x_wconf 91' lang='lat' dir='ltr'><strong><em>qnod</em></strong></span> <span class='ocrx_word' id='word_1_119' title='bbox 1388 1673 1493 1740; x_wconf 90' lang='lat' dir='ltr'><strong><em>domi·</em></strong></span> 
     </span>
     <span class='ocr_line' id='line_1_13' title="bbox 316 1791 1494 1863; baseline 0.004 -6"><span class='ocrx_word' id='word_1_120' title='bbox 316 1791 432 1858; x_wconf 82' lang='lat' dir='ltr'><strong><em>cilium</em></strong></span> <span class='ocrx_word' id='word_1_121' title='bbox 454 1794 503 1858; x_wconf 89' lang='lat' dir='ltr'><strong><em>ius</em></strong></span> <span class='ocrx_word' id='word_1_122' title='bbox 526 1793 624 1859; x_wconf 89' lang='lat' dir='ltr'><strong><em>dabat</em></strong></span> <span class='ocrx_word' id='word_1_123' title='bbox 645 1794 827 1861; x_wconf 87' lang='lat' dir='ltr'><strong><em>declinandi</em></strong></span> <span class='ocrx_word' id='word_1_124' title='bbox 852 1796 958 1863; x_wconf 86' lang='lat' dir='ltr'><strong><em>iorum</em></strong></span> <span class='ocrx_word' id='word_1_125' title='bbox 982 1797 1147 1863; x_wconf 81' lang='lat' dir='ltr'><strong><em>domicilii</em></strong></span> <span class='ocrx_word' id='word_1_126' title='bbox 1170 1797 1336 1863; x_wconf 89' lang='lat' dir='ltr'><strong><em>ordinarii.</em></strong></span> <span class='ocrx_word' id='word_1_127' title='bbox 1364 1799 1409 1862; x_wconf 87' lang='lat' dir='ltr'><strong><em>At</em></strong></span> <span class='ocrx_word' id='word_1_128' title='bbox 1432 1797 1494 1863; x_wconf 90' lang='lat' dir='ltr'><strong><em>hoc</em></strong></span> 
     </span>
     <span class='ocr_line' id='line_1_14' title="bbox 315 1921 1493 2014; baseline 0.006 -33"><span class='ocrx_word' id='word_1_129' title='bbox 315 1921 519 2014; x_wconf 81' lang='lat' dir='ltr'><strong><em>privilegium</em></strong></span> <span class='ocrx_word' id='word_1_130' title='bbox 535 1926 736 1989; x_wconf 86' lang='lat' dir='ltr'><strong><em>coarctatum</em></strong></span> <span class='ocrx_word' id='word_1_131' title='bbox 759 1922 821 1988; x_wconf 86' lang='lat' dir='ltr'><strong><em>luit</em></strong></span> <span class='ocrx_word' id='word_1_132' title='bbox 844 1929 876 1988; x_wconf 93' lang='lat' dir='ltr'><strong><em>et</em></strong></span> <span class='ocrx_word' id='word_1_133' title='bbox 899 1943 982 2009; x_wconf 89' lang='lat' dir='ltr'><strong><em>pene</em></strong></span> <span class='ocrx_word' id='word_1_134' title='bbox 1004 1923 1156 1989; x_wconf 88' lang='lat' dir='ltr'><strong><em>abolitum</em></strong></span> <span class='ocrx_word' id='word_1_135' title='bbox 1171 1944 1191 1987; x_wconf 88' lang='lat' dir='ltr'><strong><em>a</em></strong></span> <span class='ocrx_word' id='word_1_136' title='bbox 1207 1924 1330 1989; x_wconf 81' lang='lat' dir='ltr'><strong><em>Concil.</em></strong></span> <span class='ocrx_word' id='word_1_137' title='bbox 1346 1924 1436 1989; x_wconf 84' lang='lat' dir='ltr'><strong><em>Trid.</em></strong></span> <span class='ocrx_word' id='word_1_138' title='bbox 1452 1943 1493 1988; x_wconf 90' lang='lat' dir='ltr'><strong><em>ne</em></strong></span> 
     </span>
     <span class='ocr_line' id='line_1_15' title="bbox 316 2031 1254 2133; baseline 0.005 -26"><span class='ocrx_word' id='word_1_139' title='bbox 316 2031 411 2128; x_wconf 86' lang='lat' dir='ltr'><strong><em>plura</em></strong></span> <span class='ocrx_word' id='word_1_140' title='bbox 433 2046 571 2110; x_wconf 84' lang='lat' dir='ltr'><strong><em>crimina</em></strong></span> <span class='ocrx_word' id='word_1_141' title='bbox 593 2046 789 2112; x_wconf 87' lang='lat' dir='ltr'><strong><em>clericorum</em></strong></span> <span class='ocrx_word' id='word_1_142' title='bbox 813 2047 993 2113; x_wconf 84' lang='lat' dir='ltr'><strong><em>evaderent</em></strong></span> <span class='ocrx_word' id='word_1_143' title='bbox 1015 2049 1181 2133; x_wconf 90' lang='lat' dir='ltr'><strong><em>impunita.</em></strong></span> <span class='ocrx_word' id='word_1_144' title='bbox 1252 2037 1254 2040; x_wconf 53' lang='grc'>’</span> 
     </span>
    </p>

    <p class='ocr_par' dir='ltr' id='par_1_6' title="bbox 406 2170 1492 2268">
     <span class='ocr_line' id='line_1_16' title="bbox 406 2170 1492 2268; baseline 0.003 -34"><span class='ocrx_word' id='word_1_145' title='bbox 406 2170 513 2245; x_wconf 84' lang='lat' dir='ltr'><strong><em>Quare</em></strong></span> <span class='ocrx_word' id='word_1_146' title='bbox 548 2172 654 2236; x_wconf 87' lang='lat' dir='ltr'><strong><em>lorum</em></strong></span> <span class='ocrx_word' id='word_1_147' title='bbox 689 2173 852 2240; x_wconf 81' lang='lat' dir='ltr'><strong><em>domicilii</em></strong></span> <span class='ocrx_word' id='word_1_148' title='bbox 882 2175 916 2237; x_wconf 94' lang='lat' dir='ltr'><strong><em>in</em></strong></span> <span class='ocrx_word' id='word_1_149' title='bbox 948 2193 984 2238; x_wconf 88' lang='lat' dir='ltr'><strong><em>re</em></strong></span> <span class='ocrx_word' id='word_1_150' title='bbox 1012 2192 1145 2259; x_wconf 80' lang='lat' dir='ltr'><strong><em>quoque</em></strong></span> <span class='ocrx_word' id='word_1_151' title='bbox 1175 2176 1268 2268; x_wconf 86' lang='lat' dir='ltr'><strong><em>crim.</em></strong></span> <span class='ocrx_word' id='word_1_152' title='bbox 1299 2178 1348 2239; x_wconf 91' lang='lat' dir='ltr'><strong><em>est</em></strong></span> <span class='ocrx_word' id='word_1_153' title='bbox 1385 2174 1492 2239; x_wconf 86' lang='lat' dir='ltr'><strong><em>lorum</em></strong></span> 
     </span>
    </p>
   </div>
   <div class='ocr_carea' id='block_1_5' title="bbox 316 2296 1493 2508">
    <p class='ocr_par' dir='ltr' id='par_1_7' title="bbox 316 2296 1493 2508">
     <span class='ocr_line' id='line_1_17' title="bbox 317 2296 1491 2384; baseline 0.002 -22"><span class='ocrx_word' id='word_1_154' title='bbox 317 2296 543 2371; x_wconf 66' lang='lat' dir='ltr'><strong><em>ordinarium,</em></strong></span> <span class='ocrx_word' id='word_1_155' title='bbox 560 2299 711 2362; x_wconf 90' lang='lat' dir='ltr'><strong><em>nimirum</em></strong></span> <span class='ocrx_word' id='word_1_156' title='bbox 735 2298 930 2364; x_wconf 87' lang='lat' dir='ltr'><strong><em>domicilium</em></strong></span> <span class='ocrx_word' id='word_1_157' title='bbox 953 2304 1008 2364; x_wconf 87' lang='lat' dir='ltr'><strong><em>aul</em></strong></span> <span class='ocrx_word' id='word_1_158' title='bbox 1030 2318 1151 2365; x_wconf 80' lang='lat' dir='ltr'><strong><em>oerum</em></strong></span> <span class='ocrx_word' id='word_1_159' title='bbox 1173 2307 1228 2365; x_wconf 86' lang='lat' dir='ltr'><strong><em>aut</em></strong></span> <span class='ocrx_word' id='word_1_160' title='bbox 1250 2302 1365 2384; x_wconf 82' lang='lat' dir='ltr'><strong><em>fictum</em></strong></span> <span class='ocrx_word' id='word_1_161' title='bbox 1389 2298 1491 2382; x_wconf 85' lang='lat' dir='ltr'><strong><em>quoad</em></strong></span> 
     </span>
     <span class='ocr_line' id='line_1_18' title="bbox 316 2404 1493 2508; baseline 0.002 -22"><span class='ocrx_word' id='word_1_162' title='bbox 316 2424 440 2506; x_wconf 89' lang='lat' dir='ltr'><strong><em>species</em></strong></span> <span class='ocrx_word' id='word_1_163' title='bbox 457 2421 606 2487; x_wconf 82' lang='lat' dir='ltr'><strong><em>domicilii</em></strong></span> <span class='ocrx_word' id='word_1_164' title='bbox 622 2423 691 2508; x_wconf 78' lang='lat' dir='ltr'><strong><em>ficti</em></strong></span> <span class='ocrx_word' id='word_1_165' title='bbox 706 2424 884 2508; x_wconf 82' lang='lat' dir='ltr'><strong><em>explicatas</em></strong></span> <span class='ocrx_word' id='word_1_166' title='bbox 900 2425 933 2488; x_wconf 94' lang='lat' dir='ltr'><strong><em>in</em></strong></span> <span class='ocrx_word' id='word_1_167' title='bbox 947 2404 1023 2488; x_wconf 73' lang='lat' dir='ltr'><strong><em>Vol</em></strong></span> <span class='ocrx_word' id='word_1_168' title='bbox 1039 2426 1063 2495; x_wconf 84' lang='grc'><strong><em>1,</em></strong></span> <span class='ocrx_word' id='word_1_169' title='bbox 1081 2424 1142 2489; x_wconf 90' lang='lat' dir='ltr'><strong><em>loc.</em></strong></span> <span class='ocrx_word' id='word_1_170' title='bbox 1159 2426 1213 2487; x_wconf 89' lang='lat' dir='ltr'><strong><em>cit.</em></strong></span> <span class='ocrx_word' id='word_1_171' title='bbox 1232 2458 1249 2473; x_wconf 90' lang='lat'>-</span> <span class='ocrx_word' id='word_1_172' title='bbox 1269 2424 1332 2489; x_wconf 91' lang='lat' dir='ltr'><strong><em>Hic</em></strong></span> <span class='ocrx_word' id='word_1_173' title='bbox 1347 2423 1493 2489; x_wconf 82' lang='lat' dir='ltr'><strong><em>addimus</em></strong></span> 
     </span>
    </p>
   </div>
   <div class='ocr_carea' id='block_1_6' title="bbox 317 2547 1492 2634">
    <p class='ocr_par' dir='ltr' id='par_1_8' title="bbox 317 2547 1492 2634">
     <span class='ocr_line' id='line_1_19' title="bbox 317 2547 1492 2634; baseline 0.003 -22"><span class='ocrx_word' id='word_1_174' title='bbox 317 2547 511 2614; x_wconf 90' lang='lat' dir='ltr'><strong><em>domicilium</em></strong></span> <span class='ocrx_word' id='word_1_175' title='bbox 536 2555 714 2622; x_wconf 78' lang='lat' dir='ltr'><strong><em>caslrmse,</em></strong></span> <span class='ocrx_word' id='word_1_176' title='bbox 728 2550 813 2634; x_wconf 91' lang='lat' dir='ltr'><strong><em>quod</em></strong></span> <span class='ocrx_word' id='word_1_177' title='bbox 836 2570 955 2616; x_wconf 87' lang='lat' dir='ltr'><strong><em>revera</em></strong></span> <span class='ocrx_word' id='word_1_178' title='bbox 979 2569 1043 2614; x_wconf 92' lang='lat' dir='ltr'><strong><em>non</em></strong></span> <span class='ocrx_word' id='word_1_179' title='bbox 1068 2555 1117 2616; x_wconf 89' lang='lat' dir='ltr'><strong><em>est</em></strong></span> <span class='ocrx_word' id='word_1_180' title='bbox 1131 2551 1247 2634; x_wconf 80' lang='lat' dir='ltr'><strong><em>fictum</em></strong></span> <span class='ocrx_word' id='word_1_181' title='bbox 1270 2548 1326 2614; x_wconf 89' lang='lat' dir='ltr'><strong><em>sed</em></strong></span> <span class='ocrx_word' id='word_1_182' title='bbox 1350 2557 1399 2614; x_wconf 89' lang='lat' dir='ltr'><strong><em>est</em></strong></span> <span class='ocrx_word' id='word_1_183' title='bbox 1418 2551 1492 2633; x_wconf 73' lang='lat' dir='ltr'><strong><em>pri·</em></strong></span> 
     </span>
    </p>
   </div>
   <div class='ocr_carea' id='block_1_7' title="bbox 222 2673 1494 2760">
    <p class='ocr_par' dir='ltr' id='par_1_9' title="bbox 222 2673 1494 2760">
     <span class='ocr_line' id='line_1_20' title="bbox 222 2673 1494 2760; baseline -0.002 -22"><span class='ocrx_word' id='word_1_184' title='bbox 222 2692 227 2697; x_wconf 76' lang='grc'><strong><em>’</em></strong></span> <span class='ocrx_word' id='word_1_185' title='bbox 315 2674 512 2760; x_wconf 76' lang='lat' dir='ltr'><strong><em>vilepiulum</em></strong></span> <span class='ocrx_word' id='word_1_186' title='bbox 524 2679 557 2738; x_wconf 93' lang='lat' dir='ltr'><strong><em>et</em></strong></span> <span class='ocrx_word' id='word_1_187' title='bbox 568 2675 673 2738; x_wconf 92' lang='lat' dir='ltr'><strong><em>oritur</em></strong></span> <span class='ocrx_word' id='word_1_188' title='bbox 688 2693 732 2739; x_wconf 85' lang='lat' dir='ltr'><strong><em>ex</em></strong></span> <span class='ocrx_word' id='word_1_189' title='bbox 747 2673 977 2746; x_wconf 87' lang='lat' dir='ltr'><strong><em>iurisdictione,</em></strong></span> <span class='ocrx_word' id='word_1_190' title='bbox 992 2693 1055 2758; x_wconf 91' lang='lat' dir='ltr'><strong><em>qua</em></strong></span> <span class='ocrx_word' id='word_1_191' title='bbox 1071 2673 1194 2758; x_wconf 92' lang='lat' dir='ltr'><strong><em>pollent</em></strong></span> <span class='ocrx_word' id='word_1_192' title='bbox 1205 2673 1330 2739; x_wconf 87' lang='lat' dir='ltr'><strong><em>Vicarii</em></strong></span> <span class='ocrx_word' id='word_1_193' title='bbox 1344 2673 1494 2741; x_wconf 86' lang='lat' dir='ltr'><strong><em>Castren-</em></strong></span> 
     </span>
    </p>
   </div>
   <div class='ocr_carea' id='block_1_8' title="bbox 312 2798 1496 3884">
    <p class='ocr_par' dir='ltr' id='par_1_10' title="bbox 312 2798 1493 3131">
     <span class='ocr_line' id='line_1_21' title="bbox 316 2798 1493 2884; baseline 0 -22"><span class='ocrx_word' id='word_1_194' title='bbox 316 2819 369 2863; x_wconf 89' lang='lat' dir='ltr'><strong><em>ses</em></strong></span> <span class='ocrx_word' id='word_1_195' title='bbox 395 2820 452 2863; x_wconf 92' lang='lat' dir='ltr'><strong><em>seu</em></strong></span> <span class='ocrx_word' id='word_1_196' title='bbox 483 2799 670 2884; x_wconf 75' lang='lat' dir='ltr'><strong><em>cappellani</em></strong></span> <span class='ocrx_word' id='word_1_197' title='bbox 699 2799 841 2864; x_wconf 85' lang='lat' dir='ltr'><strong><em>Maiores</em></strong></span> <span class='ocrx_word' id='word_1_198' title='bbox 872 2798 1082 2882; x_wconf 85' lang='lat' dir='ltr'><strong><em>quorumdam</em></strong></span> <span class='ocrx_word' id='word_1_199' title='bbox 1116 2799 1318 2864; x_wconf 84' lang='lat' dir='ltr'><strong><em>exercituum</em></strong></span> <span class='ocrx_word' id='word_1_200' title='bbox 1348 2819 1380 2862; x_wconf 85' lang='lat' dir='ltr'><strong><em>v.</em></strong></span> <span class='ocrx_word' id='word_1_201' title='bbox 1405 2819 1437 2884; x_wconf 86' lang='lat' dir='ltr'><strong><em>g.</em></strong></span> <span class='ocrx_word' id='word_1_202' title='bbox 1461 2799 1493 2862; x_wconf 93' lang='lat' dir='ltr'><strong><em>in</em></strong></span> 
     </span>
     <span class='ocr_line' id='line_1_22' title="bbox 317 2923 1492 3008; baseline -0.003 -19"><span class='ocrx_word' id='word_1_203' title='bbox 317 2925 459 3004; x_wconf 85' lang='lat' dir='ltr'><strong><em>Austris,</em></strong></span> <span class='ocrx_word' id='word_1_204' title='bbox 483 2926 517 2989; x_wconf 90' lang='lat' dir='ltr'><strong><em>in</em></strong></span> <span class='ocrx_word' id='word_1_205' title='bbox 541 2924 706 3008; x_wconf 84' lang='lat' dir='ltr'><strong><em>Hispania.</em></strong></span> <span class='ocrx_word' id='word_1_206' title='bbox 726 2923 810 2989; x_wconf 84' lang='lat' dir='ltr'><strong><em>-·Gl.</em></strong></span> <span class='ocrx_word' id='word_1_207' title='bbox 827 2923 953 2989; x_wconf 87' lang='lat' dir='ltr'><strong><em>Decisio</em></strong></span> <span class='ocrx_word' id='word_1_208' title='bbox 978 2923 1008 2988; x_wconf 91' lang='lat' dir='ltr'><strong><em>S.</em></strong></span> <span class='ocrx_word' id='word_1_209' title='bbox 1028 2923 1146 3008; x_wconf 78' lang='lat' dir='ltr'><strong><em>Congu.</em></strong></span> <span class='ocrx_word' id='word_1_210' title='bbox 1164 2924 1260 2988; x_wconf 76' lang='lat' dir='ltr'><strong><em>(lonc.</em></strong></span> <span class='ocrx_word' id='word_1_211' title='bbox 1283 2941 1347 3004; x_wconf 83' lang='lat' dir='ltr'><strong><em>per</em></strong></span> <span class='ocrx_word' id='word_1_212' title='bbox 1369 2943 1492 2989; x_wconf 75' lang='lat' dir='ltr'><strong><em>suman.</em></strong></span> 
     </span>
     <span class='ocr_line' id='line_1_23' title="bbox 312 3046 1009 3131; baseline -0.003 -19"><span class='ocrx_word' id='word_1_213' title='bbox 312 3065 408 3130; x_wconf 81' lang='lat' dir='ltr'><strong><em>prce.</em></strong></span> <span class='ocrx_word' id='word_1_214' title='bbox 433 3049 466 3111; x_wconf 93' lang='lat' dir='ltr'><strong><em>in</em></strong></span> <span class='ocrx_word' id='word_1_215' title='bbox 490 3047 619 3131; x_wconf 91' lang='lat' dir='ltr'><strong><em>Septen.</em></strong></span> <span class='ocrx_word' id='word_1_216' title='bbox 637 3083 652 3094; x_wconf 94' lang='lat'><em>-</em></span> <span class='ocrx_word' id='word_1_217' title='bbox 668 3067 779 3112; x_wconf 89' lang='lat' dir='ltr'><strong><em>mense</em></strong></span> <span class='ocrx_word' id='word_1_218' title='bbox 802 3048 887 3112; x_wconf 90' lang='lat' dir='ltr'><strong><em>maio</em></strong></span> <span class='ocrx_word' id='word_1_219' title='bbox 914 3046 1009 3111; x_wconf 79' lang='lat'><strong>1899.</strong></span> 
     </span>
    </p>

    <p class='ocr_par' dir='ltr' id='par_1_11' title="bbox 317 3171 1496 3884">
     <span class='ocr_line' id='line_1_24' title="bbox 410 3171 1493 3244; baseline -0.002 -7"><span class='ocrx_word' id='word_1_220' title='bbox 410 3172 482 3238; x_wconf 92' lang='grc'><strong>166.</strong></span> <span class='ocrx_word' id='word_1_221' title='bbox 508 3174 547 3238; x_wconf 93' lang='lat' dir='ltr'><strong><em>ln</em></strong></span> <span class='ocrx_word' id='word_1_222' title='bbox 569 3194 608 3238; x_wconf 88' lang='lat' dir='ltr'><strong><em>re</em></strong></span> <span class='ocrx_word' id='word_1_223' title='bbox 631 3173 728 3244; x_wconf 87' lang='grc'><strong>011111,</strong></span> <span class='ocrx_word' id='word_1_224' title='bbox 746 3172 830 3238; x_wconf 90' lang='lat' dir='ltr'><strong><em>modi</em></strong></span> <span class='ocrx_word' id='word_1_225' title='bbox 855 3173 955 3238; x_wconf 88' lang='lat' dir='ltr'><strong><em>veluti</em></strong></span> <span class='ocrx_word' id='word_1_226' title='bbox 974 3171 1248 3238; x_wconf 80' lang='lat' dir='ltr'><strong><em>emlraordmmii</em></strong></span> <span class='ocrx_word' id='word_1_227' title='bbox 1270 3171 1463 3237; x_wconf 79' lang='lat' dir='ltr'><strong><em>sortiendis</em></strong></span> <span class='ocrx_word' id='word_1_228' title='bbox 1481 3209 1493 3218; x_wconf 95' lang='lat'>-</span> 
     </span>
     <span class='ocr_line' id='line_1_25' title="bbox 317 3296 1495 3382; baseline -0.001 -20"><span class='ocrx_word' id='word_1_229' title='bbox 317 3317 389 3362; x_wconf 90' lang='lat' dir='ltr'><strong><em>rum</em></strong></span> <span class='ocrx_word' id='word_1_230' title='bbox 413 3301 488 3363; x_wconf 90' lang='lat' dir='ltr'><strong><em>sunt</em></strong></span> <span class='ocrx_word' id='word_1_231' title='bbox 511 3303 703 3365; x_wconf 76' lang='lat' dir='ltr'><strong><em>contractus</em></strong></span> <span class='ocrx_word' id='word_1_232' title='bbox 727 3297 945 3364; x_wconf 76' lang='grc'><strong>0110111111.-</strong></span> <span class='ocrx_word' id='word_1_233' title='bbox 970 3300 1001 3361; x_wconf 93' lang='lat' dir='ltr'><strong><em>in</em></strong></span> <span class='ocrx_word' id='word_1_234' title='bbox 1026 3317 1064 3362; x_wconf 90' lang='lat' dir='ltr'><strong><em>re</em></strong></span> <span class='ocrx_word' id='word_1_235' title='bbox 1087 3303 1194 3362; x_wconf 87' lang='lat' dir='ltr'><strong><em>autem</em></strong></span> <span class='ocrx_word' id='word_1_236' title='bbox 1217 3296 1377 3362; x_wconf 90' lang='lat' dir='ltr'><strong><em>criminali</em></strong></span> <span class='ocrx_word' id='word_1_237' title='bbox 1406 3298 1495 3382; x_wconf 84' lang='lat' dir='ltr'><strong><em>viget</em></strong></span> 
     </span>
     <span class='ocr_line' id='line_1_26' title="bbox 317 3421 1495 3509; baseline -0.001 -20"><span class='ocrx_word' id='word_1_238' title='bbox 317 3423 638 3490; x_wconf 71' lang='lat' dir='ltr'><strong><em>extraordinarium</em></strong></span> <span class='ocrx_word' id='word_1_239' title='bbox 672 3424 779 3489; x_wconf 87' lang='lat' dir='ltr'><strong><em>lorum</em></strong></span> <span class='ocrx_word' id='word_1_240' title='bbox 813 3423 934 3489; x_wconf 84' lang='lat' dir='ltr'><strong><em>delicti.</em></strong></span> <span class='ocrx_word' id='word_1_241' title='bbox 971 3423 1104 3488; x_wconf 85' lang='lat' dir='ltr'><strong><em>Revera</em></strong></span> <span class='ocrx_word' id='word_1_242' title='bbox 1134 3421 1265 3507; x_wconf 89' lang='lat' dir='ltr'><strong><em>expedit</em></strong></span> <span class='ocrx_word' id='word_1_243' title='bbox 1296 3441 1495 3509; x_wconf 85' lang='lat' dir='ltr'><strong><em>magnopere</em></strong></span> 
     </span>
     <span class='ocr_line' id='line_1_27' title="bbox 317 3546 1495 3633; baseline 0 -21"><span class='ocrx_word' id='word_1_244' title='bbox 317 3549 425 3633; x_wconf 89' lang='lat' dir='ltr'><strong><em>puniri</em></strong></span> <span class='ocrx_word' id='word_1_245' title='bbox 448 3547 566 3613; x_wconf 88' lang='lat' dir='ltr'><strong><em>delicta</em></strong></span> <span class='ocrx_word' id='word_1_246' title='bbox 589 3547 642 3612; x_wconf 92' lang='lat' dir='ltr'><strong><em>ubi</em></strong></span> <span class='ocrx_word' id='word_1_247' title='bbox 666 3553 847 3633; x_wconf 81' lang='lat' dir='ltr'><strong><em>patrantur.</em></strong></span> <span class='ocrx_word' id='word_1_248' title='bbox 872 3553 940 3612; x_wconf 90' lang='lat' dir='ltr'><strong><em>tum</em></strong></span> <span class='ocrx_word' id='word_1_249' title='bbox 968 3548 1043 3631; x_wconf 89' lang='lat' dir='ltr'><strong><em>quia</em></strong></span> <span class='ocrx_word' id='word_1_250' title='bbox 1071 3546 1198 3611; x_wconf 88' lang='lat' dir='ltr'><strong><em>facilius</em></strong></span> <span class='ocrx_word' id='word_1_251' title='bbox 1226 3547 1433 3631; x_wconf 81' lang='lat' dir='ltr'><strong><em>cognoscitur</em></strong></span> <span class='ocrx_word' id='word_1_252' title='bbox 1456 3547 1495 3612; x_wconf 91' lang='lat' dir='ltr'><strong><em>de</em></strong></span> 
     </span>
     <span class='ocr_line' id='line_1_28' title="bbox 317 3669 1495 3758; baseline -0.001 -21"><span class='ocrx_word' id='word_1_253' title='bbox 317 3678 452 3740; x_wconf 91' lang='lat' dir='ltr'><strong><em>auctore</em></strong></span> <span class='ocrx_word' id='word_1_254' title='bbox 468 3681 500 3740; x_wconf 87' lang='lat' dir='ltr'><strong><em>et</em></strong></span> <span class='ocrx_word' id='word_1_255' title='bbox 516 3672 554 3737; x_wconf 92' lang='lat' dir='ltr'><strong><em>de</em></strong></span> <span class='ocrx_word' id='word_1_256' title='bbox 569 3674 730 3758; x_wconf 83' lang='lat' dir='ltr'><strong><em>gravitate</em></strong></span> <span class='ocrx_word' id='word_1_257' title='bbox 746 3675 901 3745; x_wconf 86' lang='lat' dir='ltr'><strong><em>criminis,</em></strong></span> <span class='ocrx_word' id='word_1_258' title='bbox 914 3677 980 3737; x_wconf 85' lang='lat' dir='ltr'><strong><em>lum</em></strong></span> <span class='ocrx_word' id='word_1_259' title='bbox 998 3672 1037 3737; x_wconf 88' lang='lat' dir='ltr'><strong><em>ad</em></strong></span> <span class='ocrx_word' id='word_1_260' title='bbox 1056 3669 1260 3758; x_wconf 84' lang='lat' dir='ltr'><strong><em>obtinendam</em></strong></span> <span class='ocrx_word' id='word_1_261' title='bbox 1277 3669 1400 3736; x_wconf 86' lang='lat' dir='ltr'><strong><em>ordinis</em></strong></span> <span class='ocrx_word' id='word_1_262' title='bbox 1415 3670 1495 3736; x_wconf 89' lang='lat' dir='ltr'><strong><em>laesi</em></strong></span> 
     </span>
     <span class='ocr_line' id='line_1_29' title="bbox 317 3796 1496 3884; baseline -0.003 -20"><span class='ocrx_word' id='word_1_263' title='bbox 317 3802 598 3872; x_wconf 83' lang='lat' dir='ltr'><strong><em>restaurationem,</em></strong></span> <span class='ocrx_word' id='word_1_264' title='bbox 609 3799 771 3864; x_wconf 89' lang='lat' dir='ltr'><strong><em>ubilaesio</em></strong></span> <span class='ocrx_word' id='word_1_265' title='bbox 784 3799 870 3863; x_wconf 87' lang='lat' dir='ltr'><strong><em>iacta</em></strong></span> <span class='ocrx_word' id='word_1_266' title='bbox 883 3804 944 3872; x_wconf 87' lang='lat' dir='ltr'><strong><em>est;</em></strong></span> <span class='ocrx_word' id='word_1_267' title='bbox 954 3818 1024 3884; x_wconf 87' lang='lat' dir='ltr'><strong><em>arg.</em></strong></span> <span class='ocrx_word' id='word_1_268' title='bbox 1033 3799 1093 3862; x_wconf 87' lang='lat' dir='ltr'><strong><em>&#39;cit</em></strong></span> <span class='ocrx_word' id='word_1_269' title='bbox 1107 3816 1180 3879; x_wconf 86' lang='lat' dir='ltr'><strong><em>cap.</em></strong></span> <span class='ocrx_word' id='word_1_270' title='bbox 1190 3797 1243 3861; x_wconf 80' lang='lat'><strong><em>20</em></strong></span> <span class='ocrx_word' id='word_1_271' title='bbox 1249 3796 1372 3878; x_wconf 77' lang='lat' dir='ltr'><strong><em>Defor.</em></strong></span> <span class='ocrx_word' id='word_1_272' title='bbox 1387 3815 1496 3880; x_wconf 85' lang='lat' dir='ltr'><strong><em>comp.</em></strong></span> 
     </span>
    </p>
   </div>
   <div class='ocr_carea' id='block_1_9' title="bbox 317 4006 1498 4508">
    <p class='ocr_par' dir='ltr' id='par_1_12' title="bbox 317 4006 1498 4508">
     <span class='ocr_line' id='line_1_30' title="bbox 406 4006 1497 4081; baseline -0.004 -17"><span class='ocrx_word' id='word_1_273' title='bbox 406 4013 447 4081; x_wconf 91' lang='lat' dir='ltr'><strong><em>(l)</em></strong></span> <span class='ocrx_word' id='word_1_274' title='bbox 465 4011 497 4066; x_wconf 92' lang='lat' dir='ltr'><strong><em>ln</em></strong></span> <span class='ocrx_word' id='word_1_275' title='bbox 516 4011 578 4066; x_wconf 83' lang='lat' dir='ltr'><strong><em>Vol.</em></strong></span> <span class='ocrx_word' id='word_1_276' title='bbox 593 4011 612 4078; x_wconf 95' lang='grc'><strong><em>1,</em></strong></span> <span class='ocrx_word' id='word_1_277' title='bbox 625 4029 651 4065; x_wconf 89' lang='lat' dir='ltr'><strong><em>n.</em></strong></span> <span class='ocrx_word' id='word_1_278' title='bbox 664 4011 717 4066; x_wconf 84' lang='lat'><strong><em>338</em></strong></span> <span class='ocrx_word' id='word_1_279' title='bbox 737 4009 938 4080; x_wconf 86' lang='lat' dir='ltr'><strong><em>explicavimus</em></strong></span> <span class='ocrx_word' id='word_1_280' title='bbox 952 4008 1073 4062; x_wconf 89' lang='lat' dir='ltr'><strong><em>indolem</em></strong></span> <span class='ocrx_word' id='word_1_281' title='bbox 1088 4006 1223 4061; x_wconf 89' lang='lat' dir='ltr'><strong><em>domicilii</em></strong></span> <span class='ocrx_word' id='word_1_282' title='bbox 1241 4008 1299 4076; x_wconf 77' lang='lat' dir='ltr'><strong><em>ficti</em></strong></span> <span class='ocrx_word' id='word_1_283' title='bbox 1317 4023 1366 4061; x_wconf 86' lang='lat' dir='ltr'><strong><em>seu</em></strong></span> <span class='ocrx_word' id='word_1_284' title='bbox 1387 4007 1497 4078; x_wconf 64' lang='lat' dir='ltr'><strong><em>localis,</em></strong></span> 
     </span>
     <span class='ocr_line' id='line_1_31' title="bbox 317 4101 1497 4188; baseline -0.004 -16"><span class='ocrx_word' id='word_1_285' title='bbox 317 4118 396 4172; x_wconf 88' lang='lat' dir='ltr'><strong><em>cuius</em></strong></span> <span class='ocrx_word' id='word_1_286' title='bbox 414 4119 521 4188; x_wconf 86' lang='lat' dir='ltr'><strong><em>species</em></strong></span> <span class='ocrx_word' id='word_1_287' title='bbox 540 4124 583 4174; x_wconf 87' lang='lat' dir='ltr'><strong><em>est</em></strong></span> <span class='ocrx_word' id='word_1_288' title='bbox 601 4101 720 4188; x_wconf 81' lang='lat' dir='ltr'><strong><em>simplex</em></strong></span> <span class='ocrx_word' id='word_1_289' title='bbox 746 4118 928 4172; x_wconf 83' lang='lat' dir='ltr'><strong><em>commoratio</em></strong></span> <span class='ocrx_word' id='word_1_290' title='bbox 953 4116 983 4170; x_wconf 91' lang='lat' dir='ltr'><strong><em>in</em></strong></span> <span class='ocrx_word' id='word_1_291' title='bbox 1011 4114 1206 4178; x_wconf 78' lang='lat' dir='ltr'><strong><em>UrbeRoma,</em></strong></span> <span class='ocrx_word' id='word_1_292' title='bbox 1226 4113 1364 4183; x_wconf 85' lang='lat' dir='ltr'><strong><em>quemvis,</em></strong></span> <span class='ocrx_word' id='word_1_293' title='bbox 1385 4129 1435 4182; x_wconf 86' lang='lat' dir='ltr'><strong><em>per</em></strong></span> <span class='ocrx_word' id='word_1_294' title='bbox 1458 4131 1497 4178; x_wconf 83' lang='lat' dir='ltr'><strong><em>se,</em></strong></span> 
     </span>
     <span class='ocr_line' id='line_1_32' title="bbox 319 4219 1498 4294; baseline -0.003 -16"><span class='ocrx_word' id='word_1_295' title='bbox 319 4227 381 4280; x_wconf 86' lang='lat' dir='ltr'><strong><em>iure</em></strong></span> <span class='ocrx_word' id='word_1_296' title='bbox 396 4242 457 4279; x_wconf 85' lang='lat' dir='ltr'><strong><em>can.</em></strong></span> <span class='ocrx_word' id='word_1_297' title='bbox 469 4226 588 4294; x_wconf 85' lang='lat' dir='ltr'><strong><em>simplex</em></strong></span> <span class='ocrx_word' id='word_1_298' title='bbox 601 4226 783 4280; x_wconf 84' lang='lat' dir='ltr'><strong><em>commoratio</em></strong></span> <span class='ocrx_word' id='word_1_299' title='bbox 803 4241 857 4278; x_wconf 92' lang='lat' dir='ltr'><strong><em>nou</em></strong></span> <span class='ocrx_word' id='word_1_300' title='bbox 876 4222 1034 4294; x_wconf 88' lang='lat' dir='ltr'><strong><em>suppeditet</em></strong></span> <span class='ocrx_word' id='word_1_301' title='bbox 1052 4223 1142 4276; x_wconf 87' lang='lat' dir='ltr'><strong><em>lorum</em></strong></span> <span class='ocrx_word' id='word_1_302' title='bbox 1161 4219 1375 4289; x_wconf 86' lang='lat' dir='ltr'><strong><em>competentiae.</em></strong></span> <span class='ocrx_word' id='word_1_303' title='bbox 1389 4223 1428 4273; x_wconf 80' lang='lat' dir='ltr'><strong><em>nt</em></strong></span> <span class='ocrx_word' id='word_1_304' title='bbox 1446 4219 1498 4274; x_wconf 86' lang='lat' dir='ltr'><strong><em>hoc</em></strong></span> 
     </span>
     <span class='ocr_line' id='line_1_33' title="bbox 319 4327 1497 4400; baseline -0.008 -15"><span class='ocrx_word' id='word_1_305' title='bbox 319 4331 497 4400; x_wconf 76' lang='lat' dir='ltr'><strong><em>privilegium</em></strong></span> <span class='ocrx_word' id='word_1_306' title='bbox 508 4332 588 4387; x_wconf 86' lang='lat' dir='ltr'><strong><em>valde</em></strong></span> <span class='ocrx_word' id='word_1_307' title='bbox 600 4333 755 4386; x_wconf 83' lang='lat' dir='ltr'><strong><em>coarctarit</em></strong></span> <span class='ocrx_word' id='word_1_308' title='bbox 768 4330 873 4386; x_wconf 88' lang='lat' dir='ltr'><strong><em>Concil.</em></strong></span> <span class='ocrx_word' id='word_1_309' title='bbox 887 4330 962 4383; x_wconf 88' lang='lat' dir='ltr'><strong><em>Trid.</em></strong></span> <span class='ocrx_word' id='word_1_310' title='bbox 976 4345 1043 4390; x_wconf 83' lang='lat' dir='ltr'><strong><em>sess,</em></strong></span> <span class='ocrx_word' id='word_1_311' title='bbox 1058 4329 1107 4394; x_wconf 73' lang='lat'><strong><em>24,</em></strong></span> <span class='ocrx_word' id='word_1_312' title='bbox 1122 4346 1144 4382; x_wconf 87' lang='lat' dir='ltr'><strong><em>c.</em></strong></span> <span class='ocrx_word' id='word_1_313' title='bbox 1156 4328 1196 4390; x_wconf 84' lang='lat'><strong><em>11‚·</em></strong></span> <span class='ocrx_word' id='word_1_314' title='bbox 1209 4327 1249 4380; x_wconf 84' lang='lat' dir='ltr'><strong><em>De</em></strong></span> <span class='ocrx_word' id='word_1_315' title='bbox 1263 4329 1317 4394; x_wconf 78' lang='lat' dir='ltr'><strong><em>ref.</em></strong></span> <span class='ocrx_word' id='word_1_316' title='bbox 1328 4330 1434 4380; x_wconf 82' lang='lat' dir='ltr'><strong><em>etsess.</em></strong></span> <span class='ocrx_word' id='word_1_317' title='bbox 1447 4327 1497 4379; x_wconf 82' lang='lat'><strong><em>23.</em></strong></span> 
     </span>
     <span class='ocr_line' id='line_1_34' title="bbox 319 4435 1170 4508; baseline -0.007 -15"><span class='ocrx_word' id='word_1_318' title='bbox 319 4457 342 4493; x_wconf 89' lang='grc'><strong><em>0.</em></strong></span> <span class='ocrx_word' id='word_1_319' title='bbox 361 4439 385 4505; x_wconf 87' lang='grc'><strong><em>1,</em></strong></span> <span class='ocrx_word' id='word_1_320' title='bbox 404 4439 446 4493; x_wconf 89' lang='lat' dir='ltr'><strong><em>De</em></strong></span> <span class='ocrx_word' id='word_1_321' title='bbox 464 4441 520 4508; x_wconf 75' lang='lat' dir='ltr'><strong><em>res.</em></strong></span> <span class='ocrx_word' id='word_1_322' title='bbox 541 4443 571 4494; x_wconf 87' lang='lat' dir='ltr'><strong><em>et</em></strong></span> <span class='ocrx_word' id='word_1_323' title='bbox 588 4438 682 4493; x_wconf 88' lang='lat' dir='ltr'><strong><em>Const.</em></strong></span> <span class='ocrx_word' id='word_1_324' title='bbox 701 4438 784 4493; x_wconf 83' lang='lat' dir='ltr'><strong><em>Pauli</em></strong></span> <span class='ocrx_word' id='word_1_325' title='bbox 804 4437 828 4490; x_wconf 89' lang='lat' dir='ltr'>V</span> <span class='ocrx_word' id='word_1_326' title='bbox 854 4437 983 4491; x_wconf 79' lang='lat' dir='ltr'><strong><em>Universi</em></strong></span> <span class='ocrx_word' id='word_1_327' title='bbox 1000 4437 1073 4506; x_wconf 74' lang='lat' dir='ltr'><strong><em>apri,</em></strong></span> <span class='ocrx_word' id='word_1_328' title='bbox 1095 4435 1170 4489; x_wconf 85' lang='lat'>1612.</span> 
     </span>
    </p>
   </div>
   <div class='ocr_carea' id='block_1_10' title="bbox 0 0 1690 5092">
    <p class='ocr_par' dir='ltr' id='par_1_13' title="bbox 0 0 1690 5092">
     <span class='ocr_line' id='line_1_35' title="bbox 0 0 1690 5092; baseline 0 0"><span class='ocrx_word' id='word_1_329' title='bbox 0 0 1690 5092; x_wconf 95' lang='lat' dir='ltr'><strong><em> </em></strong></span> 
     </span>
    </p>
   </div>
  </div>
 </body>
</html>
