3350 5100
334 315 379 381 56
857 337 941 385 PARS
965 339 987 384 1.

334 479 409 524 oum
432 459 512 524 nihil
536 459 623 525 aliud
646 461 808 546 exprimat
831 460 1022 526 Constitutio
1045 467 1176 538 nostra;
1200 462 1243 529 cf.
1264 460 1421 529 D'Annib.
1440 464 1462 528 l.
1487 485 1515 530 c.

334 587 440 651 Antea
463 585 828 650 excommunicationem
854 585 1074 657 incurrebant,
1090 606 1139 653 esc
1160 587 1214 655 cit.
1230 588 1338 653 Edict.
1354 587 1405 654 24
1420 588 1509 676 Aup.

334 709 430 791 1613,
447 709 675 796 inpredieutes
689 716 721 776 et
740 711 919 776 extrahere
940 711 1105 794 facientes
1127 717 1160 779 et
1180 712 1346 799 reliquias
1367 713 1512 780 scienter

331 839 554 916 acceptantes,
580 832 675 898 hodie
698 853 742 900 ex
765 835 874 902 Gonst.
899 835 1018 901 Nostra
1040 841 1166 901 tantum
1189 837 1360 902 auritium
1383 842 1439 902 aut
1460 835 1511 919 sa·

280 975 282 978 ·
332 976 449 1024 aorem
472 957 665 1041 praebentes
688 957 735 1024 ad
758 957 820 1024 bas
843 958 1053 1042 effodiendas
1075 964 1108 1026 et
1129 959 1371 1026 extrahendas.

425 1081 603 1146 Praeterea
626 1101 668 1146 ex
691 1081 744 1148 cit.
765 1081 862 1148 edict.
882 1080 1025 1155 a1613.
1043 1081 1225 1169 Regulares
1247 1084 1422 1150 incurrunt
1443 1085 1512 1169 ipso

333 1209 436 1283 iacto,
461 1209 673 1293 privationem
696 1208 785 1273 vocis
814 1210 941 1273 activae
972 1216 1004 1274 et
1036 1211 1183 1295 passivae
1212 1216 1247 1277 et
1275 1209 1508 1277 inhabilitatem

331 1331 373 1397 ad
395 1332 565 1420 dignitates
590 1337 622 1397 et
645 1329 751 1398 officia
774 1352 908 1397 suorum
935 1332 1107 1400 Ordinum.

421 1460 473 1523 41.
497 1461 588 1524 Inter
610 1458 684 1522 loca
706 1476 800 1523 sacra
824 1459 972 1543 apprime
996 1459 1197 1525 recensenda
1218 1465 1293 1525 sunt
1315 1461 1385 1546 ipsa
1399 1480 1510 1525 mona·

330 1585 440 1665 steria,
458 1583 618 1650 domicilia
633 1584 784 1649 nimirum
803 1585 969 1650 hominum
985 1586 1038 1669 qui
1056 1586 1122 1651 Deo
1145 1606 1181 1650 se
1203 1587 1332 1672 penitus
1349 1585 1512 1652 devovent

331 1709 466 1773 insuam
480 1709 587 1774 vitam.
603 1743 622 1758 ·
637 1709 702 1773 Pro
718 1709 854 1774 tutanda
868 1708 985 1774 borum
996 1709 1143 1775 locorum
1156 1711 1328 1776 sanctitate
1341 1710 1516 1775 constituta

330 1837 378 1896 est
403 1833 461 1897 lea
484 1833 666 1897 clausurae
682 1850 764 1916 quae
780 1836 877 1902 vetat,
895 1832 1048 1896 mulieres
1063 1833 1261 1897 monasteria
1282 1833 1408 1918 ingredi
1431 1835 1514 1898 viro
1625 1853 1628 1860 ·

331 1977 420 2032 rum;
444 1958 531 2022 viros
554 1963 661 2022 autem
689 1961 722 2022 et
748 1958 906 2022 foeminas
930 1957 1056 2042 ingredi
1082 1958 1267 2023 monialium
1294 1961 1510 2033 monasteria;

330 2083 488 2148 Moniales
512 2085 597 2169 ipsas
620 2103 638 2149 e
660 2103 718 2149 suo
742 2083 1085 2170 monesterioagmdi.

420 2208 525 2274 Gonst.
551 2208 616 2292 Ap.
641 2207 717 2274 Sed.
742 2207 800 2274 sub
828 2229 860 2272 n.
887 2209 936 2273 IV
959 2211 1046 2275 iuter
1074 2229 1234 2276 excomm.
1260 2210 1380 2293 Papae
1409 2210 1510 2294 simp.

328 2339 521 2398 reservatas
544 2353 683 2399 censura
705 2333 833 2418 plectit:
860 2352 879 2397 a
902 2333 1070 2400 Violantes
1085 2335 1284 2400 clausuram
1304 2333 1512 2400 Martialium

329 2457 571 2543 cuiuscumque
593 2457 728 2544 pencris
758 2465 817 2524 aut
840 2459 1052 2533 conditionis,
1076 2478 1189 2542 sescus,
1213 2459 1265 2526 aei
1292 2460 1411 2525 aetatis
1432 2458 1507 2542 (ue-
1561 2459 1564 2463 ’

327 2582 415 2657 rint,
447 2584 483 2647 in
512 2602 633 2650 aarum
660 2583 869 2650 monasteria
895 2583 1023 2669 absque
1050 2584 1202 2670 lepitima
1229 2584 1365 2651 licentia
1395 2586 1510 2671 inpre-

327 2706 477 2788 diendo,·
496 2706 698 2789 pariterque
713 2724 770 2772 eos
783 2706 1035 2772 introducentes
1049 2708 1102 2771 aet
1117 2706 1350 2789 admittentes;
1365 2706 1511 2792 itemque

327 2830 496 2896 Moniales
516 2830 559 2896 ab
581 2831 643 2896 illa
666 2836 827 2897 caeuntes
842 2835 944 2896 entra
960 2848 1059 2896 casam
1082 2836 1113 2896 et
1134 2830 1286 2912 formam
1303 2850 1325 2896 a
1340 2828 1375 2895 8.
1391 2832 1455 2897 Ρίο
1481 2832 1512 2894 V

326 2954 363 3019 iu
390 2956 498 3021 Consi.
527 2956 641 3020 Decori
661 2955 915 3039 praescriptam
932 2978 950 3017 »
969 2957 1060 3036 (1).»
1076 2999 1091 3050 .'

388 3070 392 3077 ’
416 3078 585 3145 Martiales
608 3080 816 3165 intelligimus
841 3082 973 3165 propria
1003 3078 1237 3167 significatione
1260 3100 1317 3147 seu
1340 3081 1504 3166 professas

328 3224 386 3288 per
418 3210 496 3270 uota
527 3206 703 3277 solemnia.
734 3240 751 3254 -
785 3205 944 3270 Moniales
977 3206 1146 3288 simplicia
1176 3212 1254 3273 uota
1284 3211 1507 3291 nuncupantes

325 3329 486 3395 obnoxiae
502 3336 577 3395 suot
593 3331 704 3415 paenis
720 3350 799 3413 quas
814 3330 901 3395 forte
917 3332 1095 3417 Episcopus
1110 3332 1252 3397 edixerit
1274 3333 1307 3395 in
1330 3330 1506 3396 sancienda

326 3454 488 3519 clausura.
514 3455 561 3521 af.
586 3455 759 3519 Decretum
784 3452 817 3520 S.
846 3451 882 3519 0.
907 3456 977 3520 Eli.
1001 3461 1034 3520 et
1065 3456 1129 3522 CC.
1151 3456 1171 3519 Ι1
1193 3455 1281 3541 Aup.
1306 3454 1413 3527 1839,
1442 3456 1504 3519 nisi

325 3579 487 3643 clausura
520 3577 661 3660 papalis
691 3576 840 3644 ordinata
870 3577 911 3641 sit.
939 3579 1133 3643 anctoritate
1162 3578 1194 3643 S.
1220 3576 1388 3642 Pontificis
1419 3578 1502 3662 apud

325 3702 483 3769 Moniales
516 3723 598 3787 quae
627 3694 702 3769 vota
731 3702 890 3769 ediderint
915 3703 1093 3790 ¹simplicia3
1124 3722 1167 3767 ex
1196 3702 1329 3770 decreto
1361 3705 1503 3771 eiusdem

326 3824 359 3891 S.
389 3826 423 3893 C.
447 3826 500 3891 22
524 3826 600 3892 Feb.
626 3824 726 3893 1839.

413 4036 453 4107 (Ι)
473 4035 731 4092 Excommuuicatio
748 4038 838 4092 fertur
862 4038 949 4092 etiem
969 4054 987 4090 a
1005 4036 1081 4091 Trid.
1102 4037 1177 4091 Sese.
1196 4039 1251 4105 25,
1270 4054 1294 4091 c.
1319 4040 1342 4089 5
1361 4039 1403 4093 De
1421 4056 1501 4109 rep.;
1577 4064 1581 4070 ·

323 4142 371 4197 aed
389 4143 417 4197 vi
430 4144 619 4213 responsionis
631 4143 660 4199 S.
674 4142 707 4199 0.
722 4145 743 4198 8
756 4144 811 4197 Iul.
826 4145 918 4211 1874,
937 4160 1037 4214 nempe
1049 4157 1067 4196 a
1076 4154 1225 4215 peccantes
1237 4149 1268 4198 in
1279 4149 1401 4199 matema
1418 4163 1503 4215 paam

324 4254 352 4303 et
368 4248 396 4301 ζ’.
413 4250 467 4319 Ap.
483 4249 548 4303 Sed.
563 4252 592 4305 et
613 4250 719 4305 Concil.
739 4252 818 4305 Trid.
832 4252 973 4321 attingunt
984 4266 1041 4305 non
1053 4253 1180 4306 incidunt
1193 4252 1223 4304 in
1235 4252 1378 4321 duplicem
1392 4268 1502 4305 excam-

322 4356 536 4409 muuicatiauem
550 4372 576 4421 u,
594 4355 733 4413 violantes
751 4356 916 4411 monialium
935 4355 1103 4423 clausuram,
1122 4373 1207 4411 uuam
1224 4361 1335 4437 tantum
1355 4357 1502 4411 incurrunt

321 4454 646 4531 excommunicationem,
666 4462 727 4518 scil.
747 4463 833 4517 latam
853 4464 883 4517 in
904 4464 933 4519 C.
949 4465 1002 4534 Ap.
1020 4465 1100 4519 Sedis
1118 4468 1147 4521 et
1161 4464 1260 4535 Papae
1278 4475 1464 4519 reservatam.
