3350 5100
341 338 407 404 540
853 358 937 405 snus
960 359 1010 404 111.

340 500 460 551 omues,
485 499 565 564 quos
590 482 809 547 recensuimus
831 486 958 567 partem
981 478 1104 545 babere
1119 481 1153 542 in
1169 445 1328 543 intendi
1351 476 1383 543 S.
1400 474 1518 546 Officii,

340 624 455 690 nempe
480 602 544 669 ΡΡ.
570 606 775 679 cardinales,
800 604 983 677 officiatos,
1008 604 1236 677 Consultores‚
1261 598 1521 677 Qualificatores.

340 728 422 803 Quia
450 749 529 794 vero
558 729 624 794 ΡΡ.
653 729 877 796 cardinalibus
900 730 1092 814 permissum
1119 728 1180 793 fuit
1209 725 1376 799 adhibere,
1401 726 1436 789 in
1463 744 1521 789 sue

340 854 500 939 explendo
516 874 661 937 munere,
674 855 867 921 adiutorem
881 856 1087 933 studiorum,
1103 870 1350 919 amanuensem
1365 858 1397 917 et
1412 872 1520 916 unum

341 978 532 1064 theologum
538 998 553 1061 ‚·
573 984 607 1043 et
631 978 693 1043 DD.
711 977 954 1057 Consultoribus
970 998 1012 1043 ex
1027 978 1119 1063 gravi
1143 995 1244 1041 causa
1265 994 1457 1041 concessum
1473 980 1523 1038 est

340 1104 479 1188 seligere
501 1124 610 1169 unum
633 1102 829 1173 adiutorem.
855 1105 876 1168 ii
900 1122 1025 1189 quoque
1052 1122 1164 1166 omues
1189 1100 1414 1185 adstringendi
1447 1106 1522 1165 sunt

340 1230 522 1293 iuramento
545 1228 698 1293 servandi
721 1234 883 1293 secretum
907 1226 939 1292 S.
965 1224 1083 1293 Officii.

432 1352 610 1417 Praeterea
632 1352 745 1417 eedem
769 1352 844 1438 lege
858 1354 977 1418 secreti
994 1350 1241 1436 obstringuntur
1255 1352 1352 1415 etiam
1369 1350 1523 1433 Episcopi
1639 1435 1640 1440 ἵ

253 1451 256 1457 ’
342 1480 375 1539 et
397 1477 452 1541 alii
475 1482 511 1541 ut
532 1482 610 1562 puta
633 1475 757 1549 medici,
782 1478 844 1541 viri
867 1477 973 1561 periti,
990 1475 1105 1559 quibus
1126 1474 1210 1539 haec
1232 1476 1363 1559 negotia
1378 1493 1522 1539 commu-
1639 1513 1640 1564 3

343 1601 507 1677 nicantur;
535 1600 680 1667 decrevit
706 1602 792 1666 enim
819 1600 918 1666 Clem.
946 1598 1145 1682 x11t53,
1172 1598 1366 1682 «Idemque
1390 1598 1524 1662 omnino

341 1732 502 1792 secretum
526 1726 584 1791 sub
599 1726 711 1791 iisdem
728 1726 875 1792 censuris
890 1732 924 1792 et
938 1726 1050 1810 poeuis
1064 1725 1105 1790 ab
1121 1726 1159 1789 iis
1174 1726 1270 1789 etiem
1286 1724 1416 1788 servari
1432 1724 1525 1788 iussit

341 1852 455 1938 quibus
473 1852 550 1917 talia
567 1851 696 1936 negotis
711 1857 744 1916 et
759 1870 876 1915 caume
898 1850 1072 1934 aliquando
1087 1850 1320 1915 communicari
1336 1849 1522 1933 contigerit

342 1998 420 2063 qnos
436 1984 610 2063 propterea
625 1976 664 2041 de
680 1976 743 2041 hac
759 1979 873 2043 stricte
887 1974 1082 2062 obligatione
1105 1976 1231 2040 moneri
1253 1974 1429 2055 mundavit,
1445 1992 1522 2057 quc·

342 2106 402 2168 ties
426 2103 473 2167 eis
493 2102 579 2166 dicta
601 2103 731 2186 negotis
758 2108 790 2167 st
817 2120 935 2166 causae
965 2100 1333 2166 communicabantur».
1364 2098 1523 2183 Equidem

343 2226 519 2311 Episcopus
534 2227 568 2290 iu
584 2225 753 2311 explendis
768 2228 906 2311 negotiis
920 2225 980 2290 sibi
996 2246 1018 2289 s
1031 2224 1064 2290 S.
1082 2222 1198 2290 Officio
1217 2224 1404 2292 commissis.
1421 2222 1523 2287 veluti

342 2352 375 2415 in
399 2350 595 2415 instruendis
617 2349 837 2435 processibus,
863 2351 907 2415 uti
932 2350 1019 2414 valet
1040 2368 1100 2434 pro
1122 2349 1172 2413 rei
1202 2348 1396 2412 necessitate
1422 2364 1523 2429 opera

343 2476 540 2558 cancerare,
557 2475 682 2540 vicani
698 2474 870 2543 essemus
891 2440 1277 2562 spectauer'aeuganu,
1292 2474 1440 2557 niumm
1458 2473 1523 2537 vis

343 2603 452 2687 periti;
475 2601 532 2666 sed
555 2603 577 2665 ii
600 2620 712 2666 omnes
735 2601 979 2687 constringendi
999 2607 1074 2667 sunt
1093 2601 1206 2666 eadem
1227 2602 1300 2687 lege
1319 2602 1439 2666 secreti
1462 2603 1521 2664 sub

343 2725 454 2790 eadem
479 2726 655 2792 sanctione.
680 2723 728 2790 Cf.
751 2725 956 2809 Rescriptum
980 2724 1014 2790 S.
1034 2723 1144 2810 Officii
1166 2725 1236 2790 diei
1254 2725 1292 2788 11
1315 2725 1398 2790 tutti
1414 2723 1520 2790 1900.

345 2849 494 2934 Episcopi
518 2855 625 2914 autem
656 2849 719 2915 hec
742 2851 860 2914 secreti
893 2849 1088 2935 obligatione
1118 2855 1152 2913 et
1177 2851 1345 2914 sanctione
1365 2853 1522 2913 tenentur

344 2975 490 3058 quamvis
521 2975 554 3038 in
577 2975 738 3059 rescripto
770 2975 1000 3040 commissionis
1030 2979 1087 3041 eut
1117 2975 1416 3040 communicationis
1439 2974 1520 3038 nibil

344 3105 474 3164 cautum
498 3100 547 3164 sit.
642 3116 645 3127 ⁴

435 3221 486 3286 Illi
509 3242 599 3296 vero,
617 3225 670 3308 qui
686 3241 753 3306 per
776 3223 968 3288 citationem
984 3228 1142 3287 vocantur
1165 3223 1210 3287 uti
1225 3241 1315 3296 rcus,
1333 3227 1440 3301 testes,
1456 3197 1522 3305 q'ui·

345 3365 406 3430 que
430 3346 624 3423 constitutis,
641 3346 859 3414 cacuminibus
881 3346 1103 3420 subiciuntur,
1120 3348 1179 3432 ipsi
1195 3365 1321 3430 quoque
1336 3347 1522 3411 iuramento

345 3469 590 3556 obstringuntur
613 3471 762 3536 servandi
784 3472 920 3546 secreti;
936 3471 992 3536 sed
1017 3491 1080 3535 non
1096 3476 1250 3536 tenentur
1265 3490 1368 3556 poene
1383 3489 1522 3538 eccem-

345 3592 585 3659 municctionis
600 3593 632 3656 in
649 3593 730 3657 alios
745 3593 948 3664 comminata.
967 3629 985 3642 -
1003 3593 1083 3657 Nam
1100 3593 1263 3678 proposito
1277 3591 1388 3657 dubio:
1407 3593 1522 3659 Utrum

344 3715 731 3782 cceommunicctiouem
753 3717 924 3780 incurrant
947 3716 1004 3779 tut.
1019 3721 1101 3780 sent.
1122 3717 1155 3789 ii,
1172 3716 1227 3799 qui
1245 3715 1381 3781 subiecti
1397 3719 1522 3781 exemi·

345 3841 437 3906 nibus
460 3860 559 3925 penes
581 3839 723 3906 tribunal
747 3837 781 3904 S.
798 3839 915 3913 Officii,
932 3840 1055 3906 violant
1073 3846 1255 3915 secretum;
1273 3875 1291 3890 -
1309 3841 1341 3904 in
1366 3841 1453 3905 ferie
1472 3841 1522 3905 [v

345 3965 400 4031 elie
422 3965 473 4030 29
495 3964 580 4032 Nou.
604 3964 697 4031 1893
720 3965 912 4050 rescriptum
936 3965 1015 4030 fuit:
1032 3963 1206 4050 Nepotioc,
1230 3965 1299 4030 nisi
1320 3965 1416 4032 toties
1439 3985 1523 4050 quo·
1639 3990 1640 4025 t

347 4092 405 4157 ties
424 4091 461 4156 ia
476 4096 555 4158 acuo
571 4089 741 4158 cacuminis
756 4089 863 4170 fuerit
885 4091 1051 4156 intimata.
1070 4127 1088 4137 -
1103 4089 1213 4165 Quare
1230 4097 1357 4157 straus
1377 4097 1411 4156 et
1426 4094 1524 4156 testes

345 4235 427 4300 quae
448 4221 646 4302 cognoscunt
665 4235 732 4299 per
754 4216 935 4290 erramina,
959 4215 1031 4281 aliis
1053 4217 1264 4282 manifestare
1295 4233 1360 4281 non
1389 4223 1524 4302 possunt
1639 4236 1640 4257 ¹

344 4341 415 4406 sine
437 4343 533 4406 venia
556 4341 796 4407 Moderatorum
819 4347 977 4406 sotorum.

436 4467 494 4530 His
518 4467 571 4550 qui
593 4472 717 4550 partem
730 4463 962 4548 principalem
985 4464 1109 4529 faciunt
1129 4463 1304 4530 tribunalis
1327 4471 1360 4531 et
1374 4465 1523 4531 ducante
