3350 5100
325 277 392 341 404
842 296 925 341 rans
951 294 1001 339 111.
1046 254 1048 259 ’

325 440 371 485 eoa
393 422 477 487 actis
492 421 638 487 deducta
653 441 683 483 ›.
701 422 771 484 Art.
791 420 869 513 430:
889 440 908 482 a
925 418 1093 500 Defensor
1116 418 1285 505 (accusati)
1302 424 1507 505 orpumenta

325 545 475 628 conplicat
498 544 714 627 defensiom's.
731 542 898 628 quaesibi
914 542 1202 625 comparauitaut
1223 542 1355 627 collegit
1374 543 1411 607 in
1422 561 1506 625 pro·

325 690 420 737 cessu
443 668 697 753 disceptationis
712 689 744 731 s.
769 669 841 733 Art.
868 668 943 733 431:
968 667 1204 733 ‹Adhaerem
1226 668 1305 751 fisco
1329 673 1360 733 et
1381 666 1506 751 fiscalis

321 801 469 878 promet.
492 794 686 877 replicandi
716 794 770 859 ius
801 792 934 873 babent,
957 794 1016 858 sed
1040 792 1200 875 defensor
1228 790 1378 857 accusati
1403 790 1505 855 inter-

325 920 485 1005 loquendi
501 920 554 984 ius
571 918 668 985 babet
692 918 770 983 aliis
791 917 997 983 nouissimus
1013 923 1043 983 et
1060 916 1162 983 etiam
1185 922 1364 983 accusatus
1386 916 1501 983 admo·

324 1051 435 1118 netur,
463 1046 577 1127 ipsum
600 1045 678 1109 iure
700 1046 832 1126 pollere
855 1043 1006 1109 addendi
1034 1062 1084 1116 en,
1101 1062 1190 1127 quae
1211 1041 1322 1115 libent,
1347 1043 1384 1106 in
1406 1060 1505 1107 mam

324 1165 550 1235 utilitatem»,

414 1291 499 1357 Sane
522 1292 652 1376 integra
671 1290 860 1375 disceptatio
878 1292 910 1355 in
927 1290 957 1353 id
974 1291 1173 1375 potissimum
1200 1288 1369 1353 ordinatur
1393 1293 1428 1353 ut
1449 1307 1505 1353 ac-

324 1424 455 1484 cusatus
478 1420 692 1483 convincatur
715 1417 756 1481 de
780 1418 925 1491 crimine,
943 1422 976 1483 et
992 1416 1267 1483 condemnationis
1294 1422 1372 1483 tunc
1395 1416 1506 1481 subeat

324 1543 525 1617 sententiam,
542 1543 669 1627 quando
693 1545 757 1608 iam
775 1563 816 1609 ne
831 1545 899 1627 ipse
923 1543 1050 1626 quidem
1071 1544 1287 1607 accusationis
1307 1544 1505 1627 argumentis

325 1670 465 1755 aliquam
488 1689 652 1754 opponere
676 1670 783 1733 valeat
805 1668 1004 1755 probabilem
1028 1670 1286 1753 responsionem
1304 1668 1388 1733 unde
1411 1676 1506 1733 antea

325 1796 532 1859 convincitur
547 1794 708 1859 evidentia
723 1795 881 1875 veritatis,
898 1800 1009 1880 postea
1026 1794 1239 1878 compescitur
1258 1812 1433 1879 poenarum
1449 1794 1505 1857 lui·

324 1919 421 1985 tione.
440 1919 584 2003 Denique
607 1921 703 1984 etiarn
721 1920 753 1981 in
771 1918 843 1983 foro
867 1919 983 1983 eccles.
1010 1918 1160 1983 accidere
1184 1924 1289 2002 potest
1311 1918 1394 2003 quod
1409 1938 1505 2003 prae·

325 2043 415 2110 videt
436 2049 497 2108 art.
523 2042 588 2107 437
609 2044 663 2107 cit.
688 2042 902 2127 cod.‘G1·eg.:
931 2040 1002 2106 «Si
1025 2043 1221 2125 disceptatio
1248 2063 1317 2109 non
1347 2044 1506 2127 conpletur

324 2184 397 2230 una
420 2165 604 2237 audientia,
625 2171 840 2251 prorepatur
870 2166 916 2231 ad
939 2165 1195 2250 subsequentem
1221 2166 1323 2240 diem,
1349 2172 1379 2233 et
1403 2165 1505 2231 tribu-

324 2293 416 2358 nolis
423 2310 565 2376 praeses
577 2292 698 2358 bonam
706 2292 922 2374 praeseribit,
936 2312 1005 2376 qua
1018 2298 1249 2357 reassumetur
1262 2292 1458 2375 disceptatio
1473 2313 1504 2356 ».

414 2419 490 2484 337.
515 2420 581 2483 Pro
605 2418 771 2483 hodiernis
794 2420 959 2485 curiarum
984 2419 1228 2494 conditionibus
1252 2418 1366 2503 quibus
1389 2440 1505 2486 consu·

324 2550 385 2613 luit
401 2546 585 2618 Instructio,
604 2546 813 2632 praescriptis
837 2547 960 2612 normis
984 2546 1215 2616 oeconomicis,
1233 2566 1391 2630 quaerere
1415 2567 1506 2633 prae

325 2678 396 2746 stat,
421 2691 464 2737 an
486 2672 569 2738 haec
592 2672 780 2757 disceptatio
812 2693 929 2738 causae
954 2673 994 2738 sit
1018 2673 1179 2738 servanda
1200 2673 1242 2737 ad
1264 2671 1503 2746 substantiam,

325 2819 387 2884 qua
411 2818 526 2882 nempe
551 2798 788 2883 praetermissa,
814 2797 970 2862 nullitatis
993 2799 1071 2863 vitio
1099 2795 1260 2862 inficiatur
1284 2799 1412 2882 integer
1435 2817 1505 2882 pro·
1540 2823 1543 2830 ¹

325 2944 444 2991 cessus.
463 2959 480 2972 ·
507 2925 544 2986 ln
568 2923 787 3009 resposionem
812 2924 1016 3006 quaestionis,
1042 2924 1106 2988 huc
1131 2923 1244 2988 redeat
1267 2922 1506 2988 animadversio

323 3051 388 3112 iam
411 3046 508 3125 facta,
525 3046 647 3112 scilicet
663 3046 913 3111 instructionem
929 3047 975 3110 nil
993 3046 1079 3112 aliud
1095 3045 1209 3111 iubere
1225 3045 1264 3110 ad
1281 3045 1506 3112 substantiam
1596 3129 1601 3135 .
1663 3117 1664 3120 Ἴ

325 3173 386 3237 nisi
410 3191 541 3235 normas
564 3173 643 3236 iuris
667 3170 834 3242 naturalis,
858 3207 875 3218 ·
893 3171 1035 3236 seruatis
1057 3190 1191 3254 semper
1215 3171 1342 3257 copulis
1358 3170 1506 3240 iustitiae

325 3295 609 3392 substantialibus
621 3332 638 3345 -
655 3297 728 3379 (art.
747 3297 800 3383 X).
820 3296 1035 3371 Quamobrem
1059 3297 1084 3360 si
1110 3293 1277 3382 fingamus,
1296 3295 1505 3362 Ordinarium

324 3428 496 3508 perspecte
519 3441 719 3506 cognoscere
742 3421 897 3487 eiusmodi
921 3421 1186 3507 disceptationem
1211 3418 1282 3486 fieri
1306 3441 1370 3486 non
1400 3441 1504 3506 posse,

312 3548 541 3613 interessente
563 3553 725 3628 accusato,
749 3549 857 3632 prouti
881 3549 978 3612 enixe
1006 3547 1193 3632 postularet,
1218 3548 1335 3631 quippe
1359 3546 1449 3611 rixas
1472 3551 1506 3612 et

325 3673 486 3739 clamores
508 3673 686 3747 excitaret;
712 3674 778 3758 ipso
802 3678 910 3737 autem
935 3677 1069 3754 remoto,
1094 3671 1358 3757 disceptationem
1379 3671 1504 3736 nullum

324 3797 448 3862 habere
470 3797 615 3861 valorem
639 3803 671 3861 et
694 3795 765 3861 fieri
789 3797 1024 3862 calumniarum
1048 3803 1081 3862 et
1104 3796 1341 3862 oblocutionum
1359 3797 1501 3861 occasio·

234 3951 241 3960 *
326 3943 409 3996 nem,
427 3924 498 3987 iure
523 3925 701 4008 meritoque
724 3944 823 3989 causa
846 3921 1007 4004 definitur,
1025 3943 1088 3987 non
1113 3921 1303 4008 praehabita
1327 3922 1388 3986 hac
1404 3922 1503 4006 disce·

326 4050 478 4134 ptatione.
508 4051 588 4115 Nam
619 4049 714 4114 hodie
745 4051 857 4114 curiae
888 4069 952 4114 non
983 4049 1104 4114 habent
1134 4049 1289 4114 familiam
1320 4052 1504 4122 actitatam,

326 4175 416 4239 cuius
446 4175 568 4239 auxilio
592 4195 671 4260 opus
702 4176 812 4239 estin
843 4171 1048 4240 moderandis
1075 4174 1229 4238 eiusmodi
1263 4174 1504 4258 disceptationi·

327 4297 399 4373 bus;
415 4304 515 4385 urpet
537 4318 616 4363 vero
640 4318 734 4383 quam
758 4301 944 4384 saepissime
968 4301 1143 4364 necessitas
1166 4297 1351 4384 amputandi
1375 4317 1503 4362 omnem

327 4425 564 4490 solemnitatem
586 4426 619 4490 iu
650 4423 776 4490 iudiciis
798 4424 1027 4492 criminalibus.
1052 4426 1158 4490 Porro
1188 4426 1329 4512 reputae
1359 4423 1505 4490 iustitiae
