3350 5100
333 290 398 353 346
846 311 928 357 rsus
953 310 1002 357 ιιι.

421 432 496 498 275.
529 437 590 497 Ast
619 434 796 518 perlegenti
829 434 882 499 cit.
916 432 1165 499 Instructionem
1197 437 1303 499 statim
1335 438 1367 499 in
1398 437 1507 501 oculos

334 558 430 621 insilit
456 556 626 623 difficultas
649 557 862 643 componendi
890 557 1007 624 iudicia
1030 560 1120 623 iuxta
1150 560 1235 623 hanc
1260 579 1404 625 normam
1429 580 1505 645 pau-

330 682 378 745 cis
400 683 535 745 numero
564 681 712 745 articulis
734 683 971 747 concinnatam.
997 683 1140 765 Namque
1172 689 1236 747 tam
1263 685 1355 747 varia
1378 690 1507 768 tamque

331 808 472 893 implexa
503 813 578 872 sunt
608 806 735 874 iudicia,
759 807 810 871 vel
835 809 1043 873 oeconomico
1068 810 1129 873 ritu
1155 811 1330 881 instructa.
1356 816 1389 874 ut
1411 811 1506 895 plura

329 932 547 999 disiderentur
568 950 651 1015 quae
667 932 842 997 nullimode
859 934 890 997 in
908 933 970 997 hac
996 934 1073 999 lnst.
1098 932 1331 1019 significantur.
1351 935 1506 1019 Equidem

235 1078 238 1083 ·
330 1058 371 1123 ibi
396 1078 456 1143 per
478 1077 629 1142 suprema
655 1057 851 1122 lineamenta
866 1057 1061 1123 describitur
1076 1056 1155 1123 ordo
1179 1058 1285 1125 iudicii
1311 1060 1505 1135 criminalis3

331 1184 511 1267 peculiares
533 1202 613 1247 vero
636 1183 908 1267 praescriptiones
931 1202 1014 1265 quae
1030 1182 1247 1249 observantur
1266 1186 1299 1248 in
1319 1184 1506 1249 evolvendis

328 1308 463 1393 singulis
486 1307 631 1391 partibus
647 1306 755 1371 iudicii
771 1306 1032 1373 substantialibus
1054 1307 1271 1373 desumendae
1294 1315 1369 1376 sunt
1391 1330 1410 1375 e
1433 1311 1505 1375 iure

329 1435 488 1499 communi
502 1432 662 1517 explicato
674 1452 695 1497 a
706 1432 848 1516 probatis
861 1432 1057 1499 auctoribus.
1071 1437 1131 1498 Ast
1148 1433 1201 1499 bic
1216 1453 1310 1517 opus,
1325 1434 1379 1501 lu'c
1393 1434 1504 1517 labam

328 1558 403 1640 quia
426 1556 613 1621 Decretales
636 1576 700 1621 non
722 1576 836 1641 parum
861 1556 1047 1641 discrepant
1061 1556 1101 1621 ab
1118 1556 1282 1621 hodiernis
1306 1556 1448 1623 moribus
1472 1562 1505 1621 et

328 1683 510 1766 peculiares
532 1680 780 1747 consuetudines
803 1682 873 1765 (seu
896 1682 973 1767 styli
996 1680 1188 1768 curiarum)
1211 1702 1294 1765 quae
1313 1684 1363 1747 ius
1386 1682 1503 1749 Decre

328 1806 438 1869 talium
462 1806 695 1888 interpretatae
718 1804 858 1875 fueraut,
882 1804 922 1869 ob
945 1805 1106 1869 silentium
1133 1805 1194 1868 tori
1218 1804 1351 1875 eccles:
1373 1806 1502 1891 iampri-

328 1929 444 1994 demin
458 1927 649 1991 oblivionem
661 1927 820 1992 abierunt.
837 1927 936 1997 Unde.
950 1948 1010 2013 pro
1023 1928 1159 1993 utilitate
1175 1931 1349 2001 curiarum.
1367 1929 1503 1995 lacunae

327 2051 523 2136 supplendae
546 2058 621 2117 sunt
643 2052 695 2117 cit.
722 2052 959 2117 instructionis
985 2057 1019 2116 et
1045 2053 1122 2117 mihi
1149 2054 1251 2117 visum
1275 2060 1333 2125 est,
1358 2053 1503 2139 pluribus

327 2181 359 2244 in
382 2178 462 2243 locis
486 2177 614 2241 facilem
638 2179 721 2241 viam
745 2177 952 2262 suppeditare
976 2176 1029 2244 cit.
1047 2177 1194 2244 dodican
1220 2178 1283 2244 iud.
1308 2180 1407 2265 Greg.
1424 2198 1501 2264 poe·

327 2305 443 2369 nalem.
461 2340 478 2349 -
496 2304 639 2386 Namque
661 2305 715 2368 cit.
733 2303 822 2376 lust,
840 2302 936 2369 dubio
960 2301 1083 2387 procul,
1100 2322 1163 2369 non
1180 2323 1293 2389 parum
1315 2306 1438 2371 imitata
1453 2311 1501 2369 est

326 2428 413 2493 hunc
436 2428 579 2493 codicem
610 2427 820 2511 eumdemque
844 2447 907 2492 non
930 2429 1041 2509 semel,
1066 2428 1195 2494 reterre
1224 2429 1361 2503 videtur,
1386 2450 1495 2514 quam·

272 2532 277 2541 .
324 2553 436 2619 obrem
459 2574 656 2639 magnopere
678 2554 757 2618 utile
780 2573 852 2618 esse
876 2553 957 2619 duco
980 2554 1079 2618 latine
1104 2555 1241 2620 reddere
1264 2556 1420 2629 articulos
1444 2559 1497 2622 cit.

325 2678 451 2744 Codicis
473 2680 736 2762 quotiescumque
752 2678 783 2742 hi
800 2679 936 2762 explere
959 2678 1130 2744 videantur
1154 2680 1286 2745 lacunas
1301 2681 1354 2745 cit.
1374 2682 1500 2745 lustru·

324 2804 450 2867 ctionis.
478 2803 590 2885 Neque
616 2803 693 2866 lruic
720 2803 885 2886 proposito
910 2801 1015 2866 obstat
1044 2807 1105 2866 art.
1133 2803 1174 2868 15
1206 2801 1332 2868 Decreti
1361 2803 1429 2868 dici
1457 2803 1502 2870 18

325 2926 476 2993 Decemb.
500 2925 592 2991 1835
616 2925 691 2990 editi
715 2945 783 3008 pro
808 2925 981 2993 instantiae
1005 2927 1275 3009 appellationum
1298 2947 1317 2990 a
1341 2929 1372 2993 S.
1398 2928 1498 3013 (long.

324 3051 391 3114 EE.
408 3056 441 3114 et
457 3050 527 3114 Ru.
547 3053 718 3114 statuente.
738 3050 884 3116 «Sciant
906 3049 1044 3134 denique
1067 3051 1184 3116 Curiae
1209 3050 1416 3135 Episcopnles
1439 3070 1499 3138 per

323 3176 512 3238 novissimas
530 3175 620 3259 leges
638 3194 721 3257 quae
735 3174 776 3238 ad
793 3174 1016 3260 investiganda
1032 3181 1066 3240 et
1080 3175 1262 3240 coercenda
1285 3177 1423 3242 crimina
1438 3197 1499 3262 pro

323 3299 535 3364 tribunalibus
549 3299 642 3362 laicis
655 3299 879 3383 promulgatae
894 3303 978 3370 sunt,
995 3299 1074 3363 nihil
1090 3300 1281 3384 derogatum
1298 3319 1370 3365 essa
1384 3301 1499 3366 formis

201 3409 203 3412 Α
322 3429 355 3488 et
371 3424 492 3509 regulis
506 3423 683 3495 canonicis,
697 3443 776 3506 quas
788 3423 923 3507 proinde
938 3425 1069 3488 omnino
1085 3425 1174 3508 sequi
1191 3424 1309 3489 debent
1324 3445 1389 3490 non
1406 3425 1498 3490 modo

322 3549 353 3612 in
378 3545 577 3613 conficiendo
607 3567 771 3632 processu,
794 3547 835 3612 nd
863 3567 956 3631 quem
988 3555 1136 3633 spectant
1163 3550 1245 3613 haec
1274 3548 1375 3614 verba
1397 3550 1497 3616 edicti

319 3673 344 3738 5
367 3669 452 3737 Neo.
477 3671 565 3737 1831
589 3671 641 3754 (id
668 3677 725 3738 cst.
754 3669 885 3741 Codicis
916 3674 986 3738 incl.
1014 3693 1115 3756 poen.
1140 3691 1224 3740 mon·
1247 3673 1352 3758 citati)
1376 3711 1387 3720 -
1411 3675 1497 3739 nibil

319 3799 500 3864 innovetur
521 3803 689 3882 qnantum
712 3798 759 3863 ad
781 3799 911 3865 indicio
934 3801 1045 3865 eccles.
1066 3799 1216 3882 pertinet
1238 3807 1301 3865 etc.
1317 3821 1349 3864 ».
1366 3801 1495 3866 Etenim

319 3941 462 3994 normae,
479 3941 559 4005 quas
582 3942 641 4007 pro
665 3942 702 3986 re
726 3929 802 3986 nata
824 3942 868 3988 ex
892 3923 1045 3988 eiusmodi
1062 3923 1144 3988 'God
1166 3923 1228 3989 iud.
1254 3943 1347 4010 poen.
1372 3925 1495 4009 Grego—

319 4041 410 4113 riano
433 4047 644 4120 desumemus‚
670 4067 733 4112 non
762 4049 826 4112 vim
855 4049 1041 4115 coactivam
1067 4049 1122 4112 sed
1146 4054 1272 4116 tantum
1295 4050 1495 4116 directioam

318 4172 482 4238 habebunt
497 4179 530 4236 et
545 4175 676 4237 istarum
694 4171 840 4238 detectus
863 4179 941 4238 tunc
963 4176 1117 4258 temporis
1133 4176 1166 4238 in
1182 4175 1282 4239 curiis
1297 4174 1413 4238 eccles.
1431 4193 1494 4238 non

318 4297 595 4382 persentiebatur;
623 4300 740 4382 quippe
767 4297 873 4363 adhuc
897 4297 1063 4384 vigebant,
1089 4301 1287 4385 potissimum
1312 4301 1344 4362 in
1374 4297 1495 4364 ditione

320 4419 491 4508 pontificia,
516 4423 594 4507 styli
616 4443 673 4488 seu
697 4423 879 4508 peculiares
906 4424 1154 4490 consuetudines
1182 4424 1345 4500 forenses;
1374 4427 1494 4508 utique,
