3350 5100
490 296 533 342 nn
557 294 696 343 runicus
720 293 973 341 carunnimuus.
1259 272 1321 339 211

151 426 264 485 cantur
286 418 538 503 quaestionibus.
568 420 649 483 Nam
676 418 728 484 isti
757 418 821 483 DD.
849 416 1011 483 subtiliter
1038 415 1077 481 de
1105 416 1196 481 hisce
1223 415 1326 481 dubiis

149 544 308 611 disserunt
323 550 359 611 ut
374 543 593 611 determinent
606 542 781 639 specialem
805 561 992 627 processum
1005 560 1071 624 pm·
1089 541 1182 607 aiam
1198 541 1325 609 denun-

149 669 322 753 ciationis3
343 669 402 734 sed
423 668 519 735 hodie
542 668 747 754 exploratum
770 672 819 733 est
842 666 1108 733 denunciationes
1136 686 1201 732 non
1229 662 1323 733 effor-

149 814 234 859 mare
256 794 434 879 specialem
456 813 652 878 processum,
668 792 724 857 sed
741 794 825 857 riam
844 793 975 877 aperire
992 792 1197 876 inquisitioni,
1218 793 1324 877 prouti

148 938 299 1004 expresse
322 922 480 983 statutum
502 918 628 982 estoit.
654 917 732 981 lust.
757 916 789 981 S.
822 916 857 983 G.
889 916 957 981 Eu.
982 922 1015 981 el
1044 912 1111 981 RR.
1142 921 1174 983 et
1205 916 1237 980 in
1269 916 1321 979 cit.

148 1044 254 1109 codice
277 1042 485 1128 Gregoriano
507 1041 572 1108 iud.
596 1040 725 1127 poenali
746 1040 800 1107 lib.
827 1040 870 1113 11,
898 1042 946 1107 tit
973 1040 1032 1105 IV.

233 1168 308 1235 150.
327 1169 366 1233 In
382 1187 452 1252 cap.
469 1166 558 1233 2411.
574 1173 597 1231 t.
610 1166 652 1248 X,
669 1166 809 1231 celebris
824 1172 874 1231 est
889 1167 1058 1247 sententia,
1076 1184 1139 1250 qna
1154 1167 1198 1230 ita
1214 1164 1322 1230 diver-

147 1312 198 1359 sae
211 1293 411 1378 procedendi
424 1293 569 1357 rationes
583 1289 816 1377 significantur.
837 1313 856 1353 ‹
873 1290 966 1357 Sicut
982 1289 1232 1357 commotionem
1249 1290 1322 1376 lepi-

148 1418 225 1483 tima
240 1417 338 1487 debet
350 1418 558 1501 praecedere
572 1417 758 1500 imminuo,
771 1416 820 1483 sic
839 1422 871 1482 et
885 1416 1181 1483 denunciationem
1194 1413 1323 1500 (nempe

148 1541 379 1627 evangelicam)
414 1540 617 1607 charitativa
649 1541 790 1609 monitio
820 1547 852 1607 et
885 1540 1138 1625 inquisitionem
1172 1540 1322 1607 clamosa

147 1665 327 1732 imitatatio
340 1686 371 1729 a.
388 1664 539 1730 Iamvero
546 1664 799 1750 inquisitionem
807 1664 1017 1750 intelligimus
1028 1664 1320 1747 specialissimam.

148 1791 319 1855 institutam
344 1790 377 1854 in
400 1794 527 1854 certum
547 1790 662 1859 civem,
677 1790 730 1872 qui
754 1788 794 1854 de
817 1794 909 1855 certo
925 1791 1061 1853 crimine
1077 1790 1225 1854 accusari
1245 1787 1321 1853 iudi-

147 1913 267 1979 cialiter
282 1921 318 1978 et
329 1912 544 1979 criminaliter
559 1912 748 1978 intenditur.
758 1948 776 1963 ·
791 1914 950 1981 Clamosa
962 1914 1147 1980 insinuatio
1160 1932 1202 1978 ex
1214 1920 1321 1978 mente

150 2034 311 2103 pontificis
333 2039 405 2103 Inn.
430 2037 491 2109 111,
516 2037 741 2122 expostulatur
763 2038 848 2120 quia,
873 2039 918 2103 uli
943 2038 1005 2103 iam
1028 2038 1236 2119 advertimus,
1261 2040 1322 2103 ista

147 2161 268 2244 supplet
302 2162 392 2225 vices
425 2160 551 2227 actoris
584 2180 643 2225 seu
676 2161 902 2241 acmmutoris,
938 2166 1134 2248 quapropter
1167 2181 1185 2226 ‹
1221 2165 1321 2248 quasi

148 2282 370 2349 dmmnciante
399 2282 501 2366 sama
530 2284 582 2349 oei
612 2282 785 2366 deserente
810 2286 962 2352 clamore
988 2285 1090 2370 officii
1114 2287 1170 2355 sui
1197 2283 1320 2372 (iudex)

147 2406 290 2473 delium
318 2413 511 2493 coaequatur
535 2429 564 2472 r.
590 2408 720 2473 Revera
747 2428 811 2473 non
837 2414 943 2495 potest
972 2411 1087 2494 aliquis
1111 2412 1143 2475 in
1167 2410 1318 2477 iudicium

148 2531 220 2615 rapi,
236 2532 283 2598 uti
308 2531 454 2597 criminis
469 2534 593 2613 auctor,
609 2532 671 2598 nisi
687 2533 841 2618 graviora
857 2532 920 2602 hoc
936 2532 1093 2600 suadeant
1109 2542 1298 2622 argumenta
1311 2559 1318 2613 ;

146 2672 233 2720 secus
254 2654 397 2720 laeditur
419 2657 562 2722 charitas
585 2659 723 2729 senius,
748 2656 832 2740 quod
856 2659 990 2742 quisque
1017 2657 1115 2726 habet
1143 2662 1175 2724 in
1203 2659 1318 2726 bonam

147 2776 257 2842 lamam
273 2785 310 2844 et
323 2779 464 2845 laeditur
478 2780 558 2845 ordo
574 2780 727 2847 iuridicus
750 2783 913 2848 societatis
937 2785 1116 2850 consistens
1133 2785 1165 2850 in
1181 2785 1319 2854 sollicita

145 2901 255 2968 iuriam
277 2904 478 2978 defensione,
503 2911 535 2970 et
558 2909 607 2972 ius
630 2914 767 2972 naturae
795 2907 931 2974 clamat:
956 2927 1055 2976 uerno
1081 2913 1318 2993 praesumitur

147 3047 219 3096 rats
240 3031 310 3096 nisi
328 3030 507 3113 probetur.

229 3157 298 3220 Ista
321 3156 472 3222 clarnosa
494 3154 679 3224 insinuatio
702 3158 929 3244 distinguenda
957 3166 1005 3225 est
1027 3180 1047 3224 a
1070 3161 1207 3248 simplici
1231 3164 1318 3229 fama

149 3278 194 3341 vel
218 3279 343 3352 notitia,
368 3300 431 3364 qua
453 3282 560 3346 oritur
589 3283 728 3369 suspicio
754 3282 794 3349 de
825 3284 979 3359 crimine;
1011 3285 1096 3350 unde
1128 3283 1163 3351 fit
1192 3289 1315 3354 initium

147 3400 335 3485 inquisitioni
358 3405 505 3490 speciali.
522 3426 583 3490 per
605 3427 642 3472 se
664 3409 820 3482 occultae,
846 3429 889 3474 ex
913 3414 1005 3494 parte
1028 3411 1141 3477 iudicis
1164 3420 1220 3478 aul
1243 3435 1315 3499 pro·

147 3530 271 3594 motoris
303 3527 430 3595 fiscalis.
461 3531 532 3597 Hac
559 3532 599 3597 de
626 3553 739 3614 causa,
767 3536 840 3599 iure
872 3535 1106 3619 decretalium,
1138 3540 1316 3623 procedere

147 3669 205 3716 non
230 3654 282 3718 fas
304 3661 354 3720 est
376 3655 416 3720 ad
432 3657 670 3739 inquisitionem
691 3659 984 3742 specialissimam,
999 3663 1060 3728 nisi
1083 3664 1173 3746 prius
1192 3670 1316 3730 constet

146 3773 182 3839 de
194 3775 427 3855 diffamatione;
450 3800 546 3847 secus
560 3801 732 3866 processus
743 3783 961 3868 inquisitious
977 3789 1026 3849 est
1045 3785 1165 3851 nullius
1186 3787 1314 3871 valoris,

147 3897 187 3961 ita
206 3900 389 3987 Fsgnanus,
414 3904 534 3968 (lorum.
551 3905 589 3970 in
612 3906 702 3972 hunc
725 3907 771 3972 tit.
788 3927 823 3971 n.
841 3907 890 3972 60
905 3927 950 3991 sq.
974 3912 1007 3972 et
1028 3927 1099 3994 arg.
1117 3929 1143 3975 e.
1162 3911 1247 3976 c.21
1260 3913 1314 3994 §1

149 4018 176 4083 lt.
190 4030 210 4086 t.
225 4031 258 4091 et
271 4023 315 4090 31
337 4026 388 4091 De
408 4027 537 4094 Simon.
549 4029 591 4094 Χ.
616 4030 751 4114 Inquam
777 4067 794 4080 -
819 4031 860 4096 ad
883 4033 1118 4116 inquisitionem
1142 4035 1313 4118 specialis·

146 4143 261 4214 simam
275 4170 363 4216 -seu
379 4151 536 4218 directam
552 4155 585 4218 in
601 4161 723 4222 certam
739 4177 929 4243 personam:
947 4156 1102 4240 siquidem
1120 4179 1183 4223 non
1200 4161 1249 4226 fas
1266 4169 1315 4227 est

145 4269 268 4348 publice
283 4279 318 4339 et
332 4275 539 4342 iudicialiter
554 4278 733 4365 impingere
749 4281 884 4354 crimen,
901 4283 961 4346 nisi
977 4283 1030 4366 qui
1047 4289 1229 4350 accusatur
1250 4287 1313 4351 iani

150 4393 185 4459 sil
198 4397 403 4483 diffamatus.
420 4400 531 4476 Quare
545 4404 708 4487 inquisitio
729 4407 886 4488 specialis
901 4425 983 4490 quae
1006 4405 1050 4480 lit,
1067 4410 1100 4474 in
1124 4428 1255 4495 genere,
1272 4411 1313 4476 ad
1406 4471 1409 4479 .
