3350 5100
373 314 440 383 582
827 333 1035 382 scansurum
1059 334 1095 380 11.

372 455 493 526 singula,
512 455 631 525 quaein
651 453 714 507 aliis
733 456 825 508 causis
844 460 925 510 extra
945 456 1099 509 Romanam
1119 453 1232 508 curiam
1258 452 1462 523 pertractandis
1481 469 1557 522 prae·

372 564 476 633 scripta
494 562 617 629 fuerunt,
636 578 734 631 nempe
755 566 786 617 ut
804 561 938 617 indicium
958 567 1118 631 peragatur,
1138 563 1226 616 citato
1244 566 1274 616 et
1292 560 1388 615 audito
1409 562 1556 616 Defensor-e

374 668 545 723 Matrimonii
566 670 600 722 ab
615 668 711 723 eodem
725 668 865 722 Cardinali
886 668 1000 723 Vicario
1012 668 1155 737 deputato,
1170 668 1291 739 aliaque,
1303 672 1335 721 ut
1349 684 1433 738 supra
1444 666 1557 722 omniuo

372 782 529 841 seruentur,
543 780 602 831 tum
624 775 708 830 etiam
729 777 756 830 in
777 775 841 829 aliis
859 777 960 842 causis,
972 793 1044 848 quae
1063 778 1092 830 in
1111 777 1201 845 prima
1219 778 1356 832 instantia
1374 795 1408 832 ex
1421 792 1557 832 consensu

375 884 506 953 partium,
519 884 563 938 vel
584 885 612 937 in
631 884 752 939 secunda
772 900 820 954 per
840 884 1057 953 appellationem
1077 884 1111 939 ad
1125 884 1223 940 Sedem
1243 885 1442 955 Apostolimm,
1455 885 1559 939 omisso

374 990 473 1055 medio,
485 991 690 1060 interpositam,
703 990 746 1045 vel
767 991 796 1045 in
816 992 902 1045 tertia
922 991 1037 1045 Romam
1057 992 1228 1058 deferuntur,
1245 1008 1314 1062 quas
1327 1007 1424 1046 omnes
1440 991 1559 1045 iudicari

373 1096 501 1151 volumus
520 1096 563 1152 rel
582 1099 611 1150 in
630 1098 857 1166 Congregatione
877 1096 903 1152 S.
924 1097 957 1151 R„
977 1098 1007 1151 Ε.
1021 1096 1210 1151 cardinalium
1229 1114 1312 1167 super
1325 1098 1559 1169 interpretatione

319 1270 323 1277 ¹
373 1208 402 1261 et
414 1204 580 1258 executione
593 1203 710 1257 Consilii
731 1203 898 1269 Tridentini,
910 1203 956 1257 vel
969 1204 997 1256 in
1012 1219 1157 1257 causarum
1177 1203 1281 1258 Palatii
1298 1206 1385 1259 nostri
1402 1204 1558 1269 Auditorio,

374 1310 521 1364 dummodo
540 1308 644 1378 Nobis,
664 1315 693 1365 et
714 1310 839 1363 Romano
864 1310 995 1363 Pontifici
1016 1327 1066 1379 pro
1085 1314 1211 1380 tempore
1235 1311 1316 1365 iustis
1333 1327 1369 1364 ex
1387 1312 1481 1365 causis
1505 1326 1559 1365 non

374 1417 501 1472 uideatur
514 1416 692 1487 particularis
705 1416 896 1486 Congregatio
909 1416 935 1469 S.
950 1416 981 1470 u.
996 1416 1026 1469 Ε.
1039 1414 1238 1483 cardinalium,
1248 1417 1294 1472 rel
1304 1417 1447 1473 Romanae
1458 1418 1559 1471 Curiae

375 1523 569 1578 praelatorum
588 1522 754 1590 deputanda.
774 1523 843 1575 cnm
857 1527 950 1577 autem
970 1538 1055 1575 causa
1066 1538 1150 1592 super
1163 1522 1335 1578 Matrimonii
1355 1523 1490 1578 nullitate
1503 1524 1561 1591 agi·

375 1630 480 1683 tabitnr
506 1630 534 1683 iu
554 1627 630 1684 dieta
648 1626 875 1697 congregatione
893 1626 920 1680 S.
941 1627 974 1681 R.
994 1627 1024 1681 E.
1046 1625 1236 1682 cardinalium
1257 1626 1377 1707 Concilii
1401 1627 1559 1684 Tridentini

375 1733 568 1802 Interpretum‚
584 1733 716 1788 Defensor
736 1733 910 1787 Matrimonii
930 1750 947 1786 a
965 1732 1107 1787 cardinali
1129 1734 1275 1788 Praefecto
1293 1733 1417 1789 eiusdem
1436 1733 1560 1803 Congre-

374 1840 505 1910 gationis,
525 1841 548 1894 ei
569 1856 634 1896 vero
654 1840 680 1893 in
701 1839 804 1895 Palatii
824 1840 913 1895 nostri
933 1838 1089 1906 Auditorio,
1105 1842 1141 1893 ab
1157 1840 1292 1895 Auditore
1311 1840 1422 1895 Decano
1440 1841 1557 1911 praefati

374 1947 396 2001 T
398 1948 550 2015 ribnnalis,
569 1948 593 2000 si
617 1949 728 2001 domum
754 1946 1028 2017 incongregatione
1053 1947 1233 2017 particulari,
1252 1964 1269 2001 a
1288 1948 1411 2003 Persona
1433 1949 1557 2005 eiusdem

376 2053 610 2124 Congregationis
628 2054 755 2123 digniore
774 2054 933 2123 deputetur.

465 2159 575 2225 §XIM
596 2160 686 2215 Unica
712 2160 822 2231 quidem
849 2160 985 2215 resolutio
1004 2177 1053 2229 pro
1071 2160 1204 2215 nullitate
1223 2162 1394 2216 Matrimonii
1418 2169 1555 2228 emanata,

375 2270 397 2321 si
417 2285 501 2322 carisa
523 2268 552 2320 in
573 2266 797 2338 congregatione
822 2266 1014 2321 Cardinalium
1038 2267 1158 2321 Consilii
1182 2255 1339 2322 Tridentini
1363 2269 1557 2340 Interpretum‚

376 2376 423 2430 rel
436 2376 465 2429 in
480 2374 705 2445 cnngregatione
725 2374 888 2444 particulari
909 2376 1043 2443 deputata
1061 2379 1254 2444 cognoscatur,
1268 2380 1297 2430 et
1314 2375 1447 2431 similiter
1463 2379 1493 2430 in
1507 2376 1556 2429 Pa·

376 2482 437 2536 latii
457 2482 544 2535 nostri
565 2480 724 2547 Auditori0,
745 2481 826 2534 unica
844 2482 986 2535 sententia
1004 2498 1087 2550 super
1105 2481 1201 2537 eedem
1221 2481 1353 2537 nullitate
1373 2485 1557 2554 pronunciata

376 2589 489 2643 minime
520 2589 639 2643 sufficiat
663 2589 696 2642 ed
723 2587 899 2643 tribuendam
930 2588 1048 2643 liberem
1074 2587 1246 2659 coniugibus
1275 2591 1439 2646 facultatem
1472 2608 1556 2646 novas

375 2697 487 2765 nuptias
506 2695 698 2760 contrahendi,
717 2694 764 2749 sed
783 2695 806 2747 si
826 2711 911 2748 cauea
930 2694 958 2747 in
978 2695 1104 2764 praefata
1122 2693 1349 2773 Congregatione
1367 2695 1556 2752 cardinalium

375 2802 530 2857 Tridentini
541 2801 659 2856 concilii
673 2801 860 2870 interpretum
873 2801 1033 2854 introducta
1046 2801 1141 2866 fuerit,
1152 2819 1247 2855 rursus
1259 2801 1289 2856 in
1302 2802 1398 2858 eadem
1410 2804 1446 2857 ad
1460 2803 1556 2858 Defen-

375 2910 445 2964 soris
465 2909 637 2964 Matrimonii
658 2909 820 2962 instantiam
841 2913 1057 2977 reproponatur;
1076 2909 1099 2961 si
1120 2924 1186 2963 vero
1199 2908 1417 2979 Congregationi
1436 2911 1555 2980 particu-

375 3005 433 3067 luri¹
447 3014 594 3068 commissa
613 3013 706 3080 fuerit,
726 3013 759 3065 ad
781 3013 945 3081 petitionem
964 3012 1087 3067 eiusdem
1108 3011 1265 3067 Defensoris
1283 3013 1374 3068 altera
1391 3015 1478 3070 etism
1498 3029 1556 3084 par·

375 3098 502 3172 ticularis
521 3117 710 3187 Congregatio
729 3117 922 3186 deputabitur3
944 3119 966 3169 si
980 3133 1047 3171 vero
1062 3117 1090 3169 in
1105 3116 1208 3171 Palatii
1227 3119 1315 3172 nostri
1328 3119 1476 3175 Auditorio
1488 3119 1555 3173 iudi-

375 3231 439 3279 cata
451 3226 495 3282 sit,
510 3242 526 3278 a
539 3227 665 3294 praefato
686 3226 835 3279 Defensore
853 3222 1045 3292 appellatione
1063 3225 1239 3293 interposita,
1251 3226 1287 3278 ab
1299 3225 1365 3279 aliia
1377 3227 1554 3282 auditoribus

375 3333 455 3386 iuxta
472 3331 597 3385 ordinem
617 3333 645 3384 in
665 3347 765 3402 gyrum
786 3348 834 3385 seu
855 3335 968 3385 turnum
987 3331 1153 3395 deliniatur3
1171 3331 1195 3384 si
1214 3337 1309 3386 autem
1328 3349 1412 3386 causa
1426 3335 1553 3388 universo

376 3423 521 3493 Tribunali
541 3439 688 3492 commissa
706 3437 800 3502 fuerit,
819 3439 855 3491 ab
874 3438 1003 3491 omnibus
1022 3436 1204 3490 auditoribus
1222 3455 1319 3492 rursus
1342 3441 1552 3500 examinabitur,

375 3545 503 3600 nolentes
520 3546 642 3608 omnino,
662 3549 693 3599 ut
713 3545 790 3598 nullo
810 3545 838 3598 in
858 3562 923 3598 casu
943 3545 1117 3599 Matrimonii
1143 3545 1285 3600 vinculum
1310 3547 1475 3601 dissolutum
1494 3562 1552 3600 cen·
1639 3578 1640 3581 =

375 3658 480 3718 seatur,
498 3653 550 3706 nisi
570 3652 623 3706 duo
643 3652 765 3705 iudicata
785 3650 828 3704 vel
849 3650 1035 3705 resolutiones
1060 3658 1110 3706 aut
1131 3653 1286 3707 sententias
1311 3655 1421 3722 penitus
1441 3654 1552 3716 similes,
1639 3636 1640 3703 ζ

376 3765 404 3814 et
423 3761 617 3824 conformes,a
636 3759 736 3829 quibus
755 3773 846 3829 neque
866 3757 942 3824 Pars,
956 3774 1046 3828 neque
1065 3758 1200 3813 Defensor
1219 3759 1391 3814 Matrimonii
1409 3758 1553 3816 crediderit

376 3867 580 3936 appellandum,
600 3866 787 3931 emanaverit;
807 3864 922 3936 quodsi
942 3880 1022 3919 secus
1043 3866 1149 3918 factum
1167 3867 1267 3932 fuerit,
1288 3872 1317 3921 et
1335 3882 1437 3922 novum
1455 3869 1551 3922 initum

376 3974 594 4038 Matrimonium,
609 3973 727 4028 Nostrae
746 3972 902 4027 voluntatis
922 3971 1078 4026 huiusmodi
1093 3977 1314 4043 transgressores
1333 3976 1429 4043 poenis
1440 3993 1457 4029 a
1470 3973 1550 4029 Nobis

376 4081 406 4132 ut
425 4096 508 4148 supra
527 4079 641 4132 statutis
659 4079 870 4132 submittantur.

443 4185 536 4252 Ην.
563 4185 599 4238 Et
623 4186 754 4256 quoniam
780 4201 863 4254 saepe
888 4185 960 4254 apud
986 4184 1085 4240 Sedem
1111 4187 1302 4255 Apostolieam
1328 4205 1424 4256 preces
1449 4182 1547 4256 porrigi

373 4291 464 4344 solent
485 4306 532 4359 pro
555 4290 763 4360 dispensatione
790 4289 964 4344 Matrimonii
990 4290 1053 4355 rati,
1072 4295 1102 4344 et
1126 4306 1182 4344 uon
1207 4293 1406 4358 consummati,
1424 4305 1495 4362 quae
1521 4288 1549 4339 ul
1639 4294 1640 4365 ᾖ

374 4397 523 4466 plurimum
545 4413 592 4467 pro
612 4403 677 4452 voto
696 4397 854 4451 consultivo
873 4397 907 4450 ad
932 4397 1187 4466 congregationem
1212 4397 1239 4451 S.
1260 4399 1291 4452 R.
1313 4398 1342 4451 Ε.
1364 4398 1547 4454 cardinalium
1639 4422 1640 4483 ἒ
