<?xml version="1.0" encoding="UTF-8"?>
<!DOCTYPE html PUBLIC "-//W3C//DTD XHTML 1.0 Transitional//EN"
    "http://www.w3.org/TR/xhtml1/DTD/xhtml1-transitional.dtd">
<html xmlns="http://www.w3.org/1999/xhtml" xml:lang="en" lang="en">
 <head>
  <title>
</title>
<meta http-equiv="Content-Type" content="text/html;charset=utf-8" />
  <meta name='ocr-system' content='tesseract 3.04.00' />
  <meta name='ocr-capabilities' content='ocr_page ocr_carea ocr_par ocr_line ocrx_word'/>
</head>
<body>
  <div class='ocr_page' id='page_1' title='image "./praelectionesin00legagoog_0090.png"; bbox 0 0 3350 5100; ppageno 0'>
   <div class='ocr_carea' id='block_1_1' title="bbox 319 303 988 368">
    <p class='ocr_par' dir='ltr' id='par_1_1' title="bbox 319 303 988 368">
     <span class='ocr_line' id='line_1_1' title="bbox 319 303 988 368; baseline -0.003 0"><span class='ocrx_word' id='word_1_1' title='bbox 319 303 365 368; x_wconf 89' lang='lat'>86</span> <span class='ocrx_word' id='word_1_2' title='bbox 859 319 943 368; x_wconf 67' lang='lat' dir='ltr'>Pstis</span> <span class='ocrx_word' id='word_1_3' title='bbox 967 320 988 366; x_wconf 91' lang='lat'>1.</span> 
     </span>
    </p>
   </div>
   <div class='ocr_carea' id='block_1_2' title="bbox 321 437 1505 1157">
    <p class='ocr_par' dir='ltr' id='par_1_2' title="bbox 321 437 1502 634">
     <span class='ocr_line' id='line_1_2' title="bbox 323 437 1502 529; baseline -0.003 -21"><span class='ocrx_word' id='word_1_4' title='bbox 323 443 392 509; x_wconf 89' lang='lat' dir='ltr'>ulla</span> <span class='ocrx_word' id='word_1_5' title='bbox 416 451 533 510; x_wconf 81' lang='lat' dir='ltr'>exorta</span> <span class='ocrx_word' id='word_1_6' title='bbox 556 445 598 509; x_wconf 90' lang='lat' dir='ltr'>sit</span> <span class='ocrx_word' id='word_1_7' title='bbox 618 462 703 508; x_wconf 90' lang='lat' dir='ltr'>nova</span> <span class='ocrx_word' id='word_1_8' title='bbox 726 442 809 508; x_wconf 89' lang='lat' dir='ltr'>ratio</span> <span class='ocrx_word' id='word_1_9' title='bbox 832 441 966 529; x_wconf 83' lang='lat' dir='ltr'>repudii,</span> <span class='ocrx_word' id='word_1_10' title='bbox 991 442 1113 510; x_wconf 87' lang='lat' dir='ltr'>nubere</span> <span class='ocrx_word' id='word_1_11' title='bbox 1136 448 1275 516; x_wconf 85' lang='lat' dir='ltr'>recuset</span> <span class='ocrx_word' id='word_1_12' title='bbox 1298 439 1436 504; x_wconf 85' lang='lat' dir='ltr'>violator</span> <span class='ocrx_word' id='word_1_13' title='bbox 1458 437 1502 504; x_wconf 90' lang='lat' dir='ltr'>ad</span> 
     </span>
     <span class='ocr_line' id='line_1_3' title="bbox 321 568 567 634; baseline 0 -2"><span class='ocrx_word' id='word_1_14' title='bbox 321 568 402 633; x_wconf 80' lang='lat' dir='ltr'>nihil</span> <span class='ocrx_word' id='word_1_15' title='bbox 425 573 567 634; x_wconf 87' lang='lat' dir='ltr'>tenetur.</span> 
     </span>
    </p>

    <p class='ocr_par' dir='ltr' id='par_1_3' title="bbox 321 688 1505 1157">
     <span class='ocr_line' id='line_1_4' title="bbox 412 688 1504 775; baseline -0.002 -20"><span class='ocrx_word' id='word_1_16' title='bbox 412 693 466 759; x_wconf 88' lang='grc'>61.</span> <span class='ocrx_word' id='word_1_17' title='bbox 490 694 541 759; x_wconf 89' lang='lat' dir='ltr'>De</span> <span class='ocrx_word' id='word_1_18' title='bbox 563 692 742 759; x_wconf 83' lang='lat' dir='ltr'>adulterio.</span> <span class='ocrx_word' id='word_1_19' title='bbox 768 727 785 740; x_wconf 96' lang='lat'>-</span> <span class='ocrx_word' id='word_1_20' title='bbox 811 691 1014 758; x_wconf 83' lang='lat' dir='ltr'>Adulterium</span> <span class='ocrx_word' id='word_1_21' title='bbox 1045 692 1112 758; x_wconf 84' lang='lat' dir='ltr'>tete</span> <span class='ocrx_word' id='word_1_22' title='bbox 1139 697 1172 757; x_wconf 87' lang='lat' dir='ltr'>et</span> <span class='ocrx_word' id='word_1_23' title='bbox 1196 688 1386 775; x_wconf 79' lang='lat' dir='ltr'>improprie</span> <span class='ocrx_word' id='word_1_24' title='bbox 1413 709 1504 753; x_wconf 90' lang='lat' dir='ltr'>sum·</span> 
     </span>
     <span class='ocr_line' id='line_1_5' title="bbox 321 814 1501 906; baseline -0.007 -23"><span class='ocrx_word' id='word_1_25' title='bbox 321 823 421 903; x_wconf 85' lang='lat' dir='ltr'>ptum,</span> <span class='ocrx_word' id='word_1_26' title='bbox 437 837 507 906; x_wconf 82' lang='lat' dir='ltr'>arg.</span> <span class='ocrx_word' id='word_1_27' title='bbox 524 836 598 884; x_wconf 81' lang='lat' dir='ltr'>oua.</span> <span class='ocrx_word' id='word_1_28' title='bbox 614 817 647 888; x_wconf 82' lang='grc'>4,</span> <span class='ocrx_word' id='word_1_29' title='bbox 667 836 759 884; x_wconf 79' lang='lat' dir='ltr'>caua.</span> <span class='ocrx_word' id='word_1_30' title='bbox 771 816 828 889; x_wconf 80' lang='lat'>32,</span> <span class='ocrx_word' id='word_1_31' title='bbox 842 835 873 901; x_wconf 82' lang='lat' dir='ltr'>q.</span> <span class='ocrx_word' id='word_1_32' title='bbox 886 817 919 889; x_wconf 83' lang='lat'>4,</span> <span class='ocrx_word' id='word_1_33' title='bbox 933 823 982 882; x_wconf 90' lang='lat' dir='ltr'>est</span> <span class='ocrx_word' id='word_1_34' title='bbox 997 833 1217 902; x_wconf 88' lang='lat' dir='ltr'>quaecumque</span> <span class='ocrx_word' id='word_1_35' title='bbox 1233 814 1415 880; x_wconf 90' lang='lat' dir='ltr'>coniunctio</span> <span class='ocrx_word' id='word_1_36' title='bbox 1431 829 1501 880; x_wconf 50' lang='lat' dir='ltr'>car·¹</span> 
     </span>
     <span class='ocr_line' id='line_1_6' title="bbox 324 940 1505 1029; baseline -0.006 -20"><span class='ocrx_word' id='word_1_37' title='bbox 324 944 406 1009; x_wconf 88' lang='lat' dir='ltr'>nelis</span> <span class='ocrx_word' id='word_1_38' title='bbox 431 961 498 1008; x_wconf 90' lang='lat' dir='ltr'>non</span> <span class='ocrx_word' id='word_1_39' title='bbox 521 940 709 1029; x_wconf 84' lang='lat' dir='ltr'>coniugalis,</span> <span class='ocrx_word' id='word_1_40' title='bbox 733 945 767 1007; x_wconf 88' lang='lat' dir='ltr'>et</span> <span class='ocrx_word' id='word_1_41' title='bbox 791 943 884 1007; x_wconf 81' lang='lat' dir='ltr'>iuxta</span> <span class='ocrx_word' id='word_1_42' title='bbox 906 940 1088 1028; x_wconf 83' lang='lat' dir='ltr'>Theologos</span> <span class='ocrx_word' id='word_1_43' title='bbox 1110 943 1301 1025; x_wconf 81' lang='lat' dir='ltr'>quicumque</span> <span class='ocrx_word' id='word_1_44' title='bbox 1323 943 1414 1004; x_wconf 87' lang='lat' dir='ltr'>aetus</span> <span class='ocrx_word' id='word_1_45' title='bbox 1438 957 1505 1021; x_wconf 89' lang='lat' dir='ltr'>quo</span> 
     </span>
     <span class='ocr_line' id='line_1_7' title="bbox 323 1063 1502 1157; baseline -0.007 -21"><span class='ocrx_word' id='word_1_46' title='bbox 323 1089 464 1157; x_wconf 90' lang='lat' dir='ltr'>persona</span> <span class='ocrx_word' id='word_1_47' title='bbox 478 1070 627 1155; x_wconf 79' lang='lat' dir='ltr'>coniugio</span> <span class='ocrx_word' id='word_1_48' title='bbox 643 1069 744 1154; x_wconf 83' lang='lat' dir='ltr'>ligata</span> <span class='ocrx_word' id='word_1_49' title='bbox 763 1064 896 1134; x_wconf 87' lang='lat' dir='ltr'>offendit</span> <span class='ocrx_word' id='word_1_50' title='bbox 910 1070 1016 1154; x_wconf 84' lang='lat' dir='ltr'>legem</span> <span class='ocrx_word' id='word_1_51' title='bbox 1031 1068 1195 1148; x_wconf 86' lang='lat' dir='ltr'>castitatis,</span> <span class='ocrx_word' id='word_1_52' title='bbox 1211 1068 1303 1131; x_wconf 86' lang='lat' dir='ltr'>iuxta</span> <span class='ocrx_word' id='word_1_53' title='bbox 1325 1063 1403 1129; x_wconf 91' lang='lat' dir='ltr'>illud</span> <span class='ocrx_word' id='word_1_54' title='bbox 1418 1065 1502 1148; x_wconf 80' lang='lat' dir='ltr'>Apo</span> 
     </span>
    </p>
   </div>
   <div class='ocr_carea' id='block_1_3' title="bbox 215 1185 1502 1280">
    <p class='ocr_par' dir='ltr' id='par_1_4' title="bbox 215 1185 1502 1280">
     <span class='ocr_line' id='line_1_8' title="bbox 215 1185 1502 1280; baseline -0.006 -19"><span class='ocrx_word' id='word_1_55' title='bbox 215 1185 218 1188; x_wconf 65' lang='grc'>’</span> <span class='ocrx_word' id='word_1_56' title='bbox 326 1194 400 1260; x_wconf 89' lang='lat' dir='ltr'>stoli</span> <span class='ocrx_word' id='word_1_57' title='bbox 423 1193 452 1279; x_wconf 90' lang='grc' dir='ltr'>(Ι</span> <span class='ocrx_word' id='word_1_58' title='bbox 468 1195 542 1262; x_wconf 79' lang='lat' dir='ltr'>Gor.</span> <span class='ocrx_word' id='word_1_59' title='bbox 558 1194 590 1266; x_wconf 80' lang='lat'>7.</span> <span class='ocrx_word' id='word_1_60' title='bbox 608 1194 640 1280; x_wconf 87' lang='grc'>4)</span> <span class='ocrx_word' id='word_1_61' title='bbox 660 1212 677 1257; x_wconf 83' lang='lat'>‹</span> <span class='ocrx_word' id='word_1_62' title='bbox 694 1192 819 1259; x_wconf 83' lang='lat' dir='ltr'>mulier</span> <span class='ocrx_word' id='word_1_63' title='bbox 839 1192 894 1258; x_wconf 81' lang='lat' dir='ltr'>sui</span> <span class='ocrx_word' id='word_1_64' title='bbox 916 1192 1070 1276; x_wconf 78' lang='lat' dir='ltr'>corporis</span> <span class='ocrx_word' id='word_1_65' title='bbox 1089 1195 1289 1276; x_wconf 82' lang='lat' dir='ltr'>potestatem</span> <span class='ocrx_word' id='word_1_66' title='bbox 1311 1207 1382 1256; x_wconf 80' lang='lat' dir='ltr'>raon</span> <span class='ocrx_word' id='word_1_67' title='bbox 1405 1187 1502 1254; x_wconf 82' lang='lat' dir='ltr'>habet</span> 
     </span>
    </p>
   </div>
   <div class='ocr_carea' id='block_1_4' title="bbox 323 1312 1511 2516">
    <p class='ocr_par' dir='ltr' id='par_1_5' title="bbox 323 1312 1509 1881">
     <span class='ocr_line' id='line_1_9' title="bbox 323 1312 1506 1402; baseline -0.006 -17"><span class='ocrx_word' id='word_1_68' title='bbox 323 1320 384 1386; x_wconf 85' lang='lat' dir='ltr'>sed</span> <span class='ocrx_word' id='word_1_69' title='bbox 398 1318 463 1402; x_wconf 85' lang='lat' dir='ltr'>vir,</span> <span class='ocrx_word' id='word_1_70' title='bbox 478 1318 634 1386; x_wconf 77' lang='lat' dir='ltr'>sirniliter</span> <span class='ocrx_word' id='word_1_71' title='bbox 656 1323 687 1384; x_wconf 89' lang='lat' dir='ltr'>et</span> <span class='ocrx_word' id='word_1_72' title='bbox 709 1317 764 1384; x_wconf 83' lang='lat' dir='ltr'>oir</span> <span class='ocrx_word' id='word_1_73' title='bbox 778 1318 832 1384; x_wconf 81' lang='lat' dir='ltr'>sui</span> <span class='ocrx_word' id='word_1_74' title='bbox 849 1316 1003 1401; x_wconf 83' lang='lat' dir='ltr'>corporis</span> <span class='ocrx_word' id='word_1_75' title='bbox 1024 1321 1221 1400; x_wconf 83' lang='lat' dir='ltr'>potestatem</span> <span class='ocrx_word' id='word_1_76' title='bbox 1236 1335 1308 1382; x_wconf 79' lang='lat' dir='ltr'>raom</span> <span class='ocrx_word' id='word_1_77' title='bbox 1324 1312 1420 1381; x_wconf 83' lang='lat' dir='ltr'>hobel</span> <span class='ocrx_word' id='word_1_78' title='bbox 1442 1312 1506 1378; x_wconf 83' lang='lat' dir='ltr'>sed</span> 
     </span>
     <span class='ocr_line' id='line_1_10' title="bbox 325 1437 1505 1526; baseline -0.006 -17"><span class='ocrx_word' id='word_1_79' title='bbox 325 1442 453 1509; x_wconf 82' lang='lat' dir='ltr'>mulier</span> <span class='ocrx_word' id='word_1_80' title='bbox 468 1463 499 1507; x_wconf 84' lang='lat'>».</span> <span class='ocrx_word' id='word_1_81' title='bbox 516 1441 665 1525; x_wconf 87' lang='lat' dir='ltr'>Proprie</span> <span class='ocrx_word' id='word_1_82' title='bbox 687 1448 794 1507; x_wconf 89' lang='lat' dir='ltr'>autem</span> <span class='ocrx_word' id='word_1_83' title='bbox 817 1447 986 1526; x_wconf 89' lang='lat' dir='ltr'>acceptum</span> <span class='ocrx_word' id='word_1_84' title='bbox 1007 1441 1200 1509; x_wconf 86' lang='lat' dir='ltr'>adulterium</span> <span class='ocrx_word' id='word_1_85' title='bbox 1219 1476 1237 1489; x_wconf 93' lang='lat'>·</span> <span class='ocrx_word' id='word_1_86' title='bbox 1254 1445 1304 1507; x_wconf 88' lang='lat' dir='ltr'>est</span> <span class='ocrx_word' id='word_1_87' title='bbox 1318 1438 1421 1506; x_wconf 77' lang='lat' dir='ltr'>alieni</span> <span class='ocrx_word' id='word_1_88' title='bbox 1437 1437 1505 1504; x_wconf 81' lang='lat' dir='ltr'>tori</span> 
     </span>
     <span class='ocr_line' id='line_1_11' title="bbox 324 1560 1505 1653; baseline -0.007 -19"><span class='ocrx_word' id='word_1_89' title='bbox 324 1567 486 1652; x_wconf 85' lang='lat' dir='ltr'>oiolotio;</span> <span class='ocrx_word' id='word_1_90' title='bbox 502 1601 520 1614; x_wconf 96' lang='lat'>-</span> <span class='ocrx_word' id='word_1_91' title='bbox 537 1563 748 1651; x_wconf 90' lang='lat' dir='ltr'>quamobrem</span> <span class='ocrx_word' id='word_1_92' title='bbox 769 1567 803 1631; x_wconf 91' lang='lat' dir='ltr'>in</span> <span class='ocrx_word' id='word_1_93' title='bbox 826 1566 996 1640; x_wconf 87' lang='lat' dir='ltr'>adulterio,</span> <span class='ocrx_word' id='word_1_94' title='bbox 1013 1565 1096 1652; x_wconf 93' lang='lat' dir='ltr'>quod</span> <span class='ocrx_word' id='word_1_95' title='bbox 1120 1570 1169 1632; x_wconf 89' lang='lat' dir='ltr'>est</span> <span class='ocrx_word' id='word_1_96' title='bbox 1191 1568 1224 1630; x_wconf 91' lang='lat' dir='ltr'>in</span> <span class='ocrx_word' id='word_1_97' title='bbox 1247 1583 1371 1653; x_wconf 78' lang='lat' dir='ltr'>perere</span> <span class='ocrx_word' id='word_1_98' title='bbox 1394 1560 1505 1629; x_wconf 83' lang='lat' dir='ltr'>delicti</span> 
     </span>
     <span class='ocr_line' id='line_1_12' title="bbox 325 1689 1509 1776; baseline -0.005 -19"><span class='ocrx_word' id='word_1_99' title='bbox 325 1693 451 1773; x_wconf 88' lang='lat' dir='ltr'>carnis,</span> <span class='ocrx_word' id='word_1_100' title='bbox 481 1691 609 1774; x_wconf 80' lang='lat' dir='ltr'>speeies</span> <span class='ocrx_word' id='word_1_101' title='bbox 638 1689 779 1756; x_wconf 89' lang='lat' dir='ltr'>habetur</span> <span class='ocrx_word' id='word_1_102' title='bbox 808 1691 982 1757; x_wconf 88' lang='lat' dir='ltr'>iniustitiae</span> <span class='ocrx_word' id='word_1_103' title='bbox 1005 1711 1048 1756; x_wconf 82' lang='lat' dir='ltr'>ex</span> <span class='ocrx_word' id='word_1_104' title='bbox 1074 1691 1180 1757; x_wconf 79' lang='lat' dir='ltr'>saliono</span> <span class='ocrx_word' id='word_1_105' title='bbox 1211 1693 1282 1756; x_wconf 88' lang='lat' dir='ltr'>iure</span> <span class='ocrx_word' id='word_1_106' title='bbox 1313 1689 1509 1776; x_wconf 80' lang='lat' dir='ltr'>gravissime</span> 
     </span>
     <span class='ocr_line' id='line_1_13' title="bbox 323 1816 454 1881; baseline -0.023 0"><span class='ocrx_word' id='word_1_107' title='bbox 323 1816 454 1881; x_wconf 84' lang='lat' dir='ltr'>violato.</span> 
     </span>
    </p>

    <p class='ocr_par' dir='ltr' id='par_1_6' title="bbox 326 1935 1511 2516">
     <span class='ocr_line' id='line_1_14' title="bbox 419 1935 1505 2023; baseline -0.005 -18"><span class='ocrx_word' id='word_1_108' title='bbox 419 1937 625 2005; x_wconf 71' lang='lat' dir='ltr'>Adulterium</span> <span class='ocrx_word' id='word_1_109' title='bbox 642 1943 691 2004; x_wconf 89' lang='lat' dir='ltr'>est</span> <span class='ocrx_word' id='word_1_110' title='bbox 703 1938 855 2022; x_wconf 75' lang='lat' dir='ltr'>simplem</span> <span class='ocrx_word' id='word_1_111' title='bbox 869 1959 927 2004; x_wconf 91' lang='lat' dir='ltr'>seu</span> <span class='ocrx_word' id='word_1_112' title='bbox 941 1937 1152 2021; x_wconf 81' lang='lat' dir='ltr'>unitaterole,</span> <span class='ocrx_word' id='word_1_113' title='bbox 1169 1937 1294 2023; x_wconf 87' lang='lat' dir='ltr'>quando</span> <span class='ocrx_word' id='word_1_114' title='bbox 1310 1956 1353 2002; x_wconf 84' lang='lat' dir='ltr'>ex</span> <span class='ocrx_word' id='word_1_115' title='bbox 1371 1935 1505 2010; x_wconf 83' lang='lat' dir='ltr'>duobus,</span> 
     </span>
     <span class='ocr_line' id='line_1_15' title="bbox 330 2062 1511 2147; baseline 0 -20"><span class='ocrx_word' id='word_1_116' title='bbox 330 2063 383 2146; x_wconf 89' lang='lat' dir='ltr'>qui</span> <span class='ocrx_word' id='word_1_117' title='bbox 415 2062 593 2128; x_wconf 82' lang='lat' dir='ltr'>carnaliter</span> <span class='ocrx_word' id='word_1_118' title='bbox 623 2063 848 2144; x_wconf 87' lang='lat' dir='ltr'>commiscent,</span> <span class='ocrx_word' id='word_1_119' title='bbox 876 2081 959 2128; x_wconf 91' lang='lat' dir='ltr'>unus</span> <span class='ocrx_word' id='word_1_120' title='bbox 986 2067 1109 2128; x_wconf 88' lang='lat' dir='ltr'>tantum</span> <span class='ocrx_word' id='word_1_121' title='bbox 1140 2065 1189 2128; x_wconf 91' lang='lat' dir='ltr'>est</span> <span class='ocrx_word' id='word_1_122' title='bbox 1218 2063 1423 2147; x_wconf 86' lang='lat' dir='ltr'>coniugatus;</span> <span class='ocrx_word' id='word_1_123' title='bbox 1455 2066 1511 2127; x_wconf 85' lang='lat' dir='ltr'>est</span> 
     </span>
     <span class='ocr_line' id='line_1_16' title="bbox 331 2185 1510 2272; baseline -0.001 -20"><span class='ocrx_word' id='word_1_124' title='bbox 331 2187 463 2271; x_wconf 76' lang='lat' dir='ltr'>duptam</span> <span class='ocrx_word' id='word_1_125' title='bbox 492 2206 550 2254; x_wconf 85' lang='lat' dir='ltr'>seu</span> <span class='ocrx_word' id='word_1_126' title='bbox 581 2187 755 2255; x_wconf 67' lang='lat' dir='ltr'>bilotoole</span> <span class='ocrx_word' id='word_1_127' title='bbox 777 2187 904 2271; x_wconf 87' lang='lat' dir='ltr'>quando</span> <span class='ocrx_word' id='word_1_128' title='bbox 936 2191 1072 2272; x_wconf 89' lang='lat' dir='ltr'>uterque</span> <span class='ocrx_word' id='word_1_129' title='bbox 1094 2187 1148 2270; x_wconf 88' lang='lat' dir='ltr'>qui</span> <span class='ocrx_word' id='word_1_130' title='bbox 1174 2185 1308 2272; x_wconf 87' lang='lat' dir='ltr'>copulae</span> <span class='ocrx_word' id='word_1_131' title='bbox 1340 2185 1510 2271; x_wconf 82' lang='lat' dir='ltr'>illegitime</span> 
     </span>
     <span class='ocr_line' id='line_1_17' title="bbox 327 2309 1505 2397; baseline -0.002 -21"><span class='ocrx_word' id='word_1_132' title='bbox 327 2310 487 2397; x_wconf 79' lang='lat' dir='ltr'>indulget,</span> <span class='ocrx_word' id='word_1_133' title='bbox 512 2316 563 2378; x_wconf 88' lang='lat' dir='ltr'>est</span> <span class='ocrx_word' id='word_1_134' title='bbox 586 2313 734 2397; x_wconf 82' lang='lat' dir='ltr'>coniugio</span> <span class='ocrx_word' id='word_1_135' title='bbox 757 2310 940 2378; x_wconf 88' lang='lat' dir='ltr'>adstrictus.</span> <span class='ocrx_word' id='word_1_136' title='bbox 965 2347 983 2360; x_wconf 96' lang='lat'>-</span> <span class='ocrx_word' id='word_1_137' title='bbox 1007 2310 1131 2376; x_wconf 87' lang='lat' dir='ltr'>Malitia</span> <span class='ocrx_word' id='word_1_138' title='bbox 1159 2309 1309 2376; x_wconf 89' lang='lat' dir='ltr'>adulterii</span> <span class='ocrx_word' id='word_1_139' title='bbox 1340 2316 1447 2376; x_wconf 87' lang='lat' dir='ltr'>autem</span> <span class='ocrx_word' id='word_1_140' title='bbox 1472 2311 1505 2374; x_wconf 94' lang='lat' dir='ltr'>in</span> 
     </span>
     <span class='ocr_line' id='line_1_18' title="bbox 326 2435 1509 2516; baseline -0.003 -15"><span class='ocrx_word' id='word_1_141' title='bbox 326 2436 399 2502; x_wconf 89' lang='lat' dir='ltr'>iure</span> <span class='ocrx_word' id='word_1_142' title='bbox 414 2455 486 2502; x_wconf 90' lang='lat' dir='ltr'>can.</span> <span class='ocrx_word' id='word_1_143' title='bbox 501 2435 615 2502; x_wconf 90' lang='lat' dir='ltr'>eadem</span> <span class='ocrx_word' id='word_1_144' title='bbox 639 2442 696 2510; x_wconf 85' lang='lat' dir='ltr'>est,</span> <span class='ocrx_word' id='word_1_145' title='bbox 720 2437 790 2501; x_wconf 88' lang='lat' dir='ltr'>sive</span> <span class='ocrx_word' id='word_1_146' title='bbox 813 2437 933 2502; x_wconf 84' lang='lat' dir='ltr'>coniux</span> <span class='ocrx_word' id='word_1_147' title='bbox 955 2435 1083 2502; x_wconf 87' lang='lat' dir='ltr'>adulter</span> <span class='ocrx_word' id='word_1_148' title='bbox 1101 2437 1143 2502; x_wconf 90' lang='lat' dir='ltr'>sit</span> <span class='ocrx_word' id='word_1_149' title='bbox 1168 2436 1222 2502; x_wconf 85' lang='lat' dir='ltr'>cir</span> <span class='ocrx_word' id='word_1_150' title='bbox 1244 2437 1312 2500; x_wconf 90' lang='lat' dir='ltr'>sive</span> <span class='ocrx_word' id='word_1_151' title='bbox 1339 2436 1380 2500; x_wconf 90' lang='lat' dir='ltr'>sit</span> <span class='ocrx_word' id='word_1_152' title='bbox 1401 2453 1509 2516; x_wconf 73' lang='lat' dir='ltr'>uror,</span> 
     </span>
    </p>
   </div>
   <div class='ocr_carea' id='block_1_5' title="bbox 327 2559 1511 3019">
    <p class='ocr_par' dir='ltr' id='par_1_7' title="bbox 327 2559 1511 2895">
     <span class='ocr_line' id='line_1_19' title="bbox 327 2559 1511 2646; baseline -0.003 -19"><span class='ocrx_word' id='word_1_153' title='bbox 327 2567 360 2629; x_wconf 88' lang='lat' dir='ltr'>et</span> <span class='ocrx_word' id='word_1_154' title='bbox 381 2561 444 2627; x_wconf 91' lang='lat' dir='ltr'>hoc</span> <span class='ocrx_word' id='word_1_155' title='bbox 467 2560 639 2628; x_wconf 88' lang='lat' dir='ltr'>advertere</span> <span class='ocrx_word' id='word_1_156' title='bbox 670 2566 815 2645; x_wconf 85' lang='lat' dir='ltr'>praestat</span> <span class='ocrx_word' id='word_1_157' title='bbox 836 2562 912 2645; x_wconf 86' lang='lat' dir='ltr'>quia</span> <span class='ocrx_word' id='word_1_158' title='bbox 934 2562 1108 2628; x_wconf 83' lang='lat' dir='ltr'>nonnullae</span> <span class='ocrx_word' id='word_1_159' title='bbox 1137 2560 1228 2646; x_wconf 81' lang='lat' dir='ltr'>leges</span> <span class='ocrx_word' id='word_1_160' title='bbox 1250 2560 1362 2625; x_wconf 89' lang='lat' dir='ltr'>civiles</span> <span class='ocrx_word' id='word_1_161' title='bbox 1392 2559 1511 2625; x_wconf 85' lang='lat' dir='ltr'>deesse</span> 
     </span>
     <span class='ocr_line' id='line_1_20' title="bbox 331 2684 1510 2771; baseline -0.003 -19"><span class='ocrx_word' id='word_1_162' title='bbox 331 2692 457 2753; x_wconf 87' lang='lat' dir='ltr'>reatum</span> <span class='ocrx_word' id='word_1_163' title='bbox 480 2685 629 2752; x_wconf 89' lang='lat' dir='ltr'>adulterii</span> <span class='ocrx_word' id='word_1_164' title='bbox 653 2689 830 2771; x_wconf 88' lang='lat' dir='ltr'>posuerunt</span> <span class='ocrx_word' id='word_1_165' title='bbox 852 2684 979 2770; x_wconf 89' lang='lat' dir='ltr'>quando</span> <span class='ocrx_word' id='word_1_166' title='bbox 1001 2687 1053 2750; x_wconf 81' lang='lat' dir='ltr'>vir</span> <span class='ocrx_word' id='word_1_167' title='bbox 1068 2686 1187 2751; x_wconf 83' lang='lat' dir='ltr'>coniux</span> <span class='ocrx_word' id='word_1_168' title='bbox 1207 2689 1271 2751; x_wconf 90' lang='lat' dir='ltr'>coit</span> <span class='ocrx_word' id='word_1_169' title='bbox 1294 2704 1366 2749; x_wconf 89' lang='lat' dir='ltr'>cum</span> <span class='ocrx_word' id='word_1_170' title='bbox 1382 2684 1510 2760; x_wconf 82' lang='lat' dir='ltr'>soluta;</span> 
     </span>
     <span class='ocr_line' id='line_1_21' title="bbox 328 2808 1199 2895; baseline -0.003 -20"><span class='ocrx_word' id='word_1_171' title='bbox 328 2809 584 2895; x_wconf 86' lang='lat' dir='ltr'>quandoquidem</span> <span class='ocrx_word' id='word_1_172' title='bbox 607 2815 686 2876; x_wconf 88' lang='lat' dir='ltr'>tunc</span> <span class='ocrx_word' id='word_1_173' title='bbox 708 2810 799 2875; x_wconf 86' lang='lat' dir='ltr'>deest</span> <span class='ocrx_word' id='word_1_174' title='bbox 821 2810 953 2877; x_wconf 89' lang='lat' dir='ltr'>seminis</span> <span class='ocrx_word' id='word_1_175' title='bbox 975 2808 1120 2883; x_wconf 84' lang='lat' dir='ltr'>confusio</span> <span class='ocrx_word' id='word_1_176' title='bbox 1143 2808 1199 2894; x_wconf 82' lang='lat' dir='ltr'>(l).</span> 
     </span>
    </p>

    <p class='ocr_par' dir='ltr' id='par_1_8' title="bbox 421 2931 1509 3019">
     <span class='ocr_line' id='line_1_22' title="bbox 421 2931 1509 3019; baseline -0.004 -18"><span class='ocrx_word' id='word_1_177' title='bbox 421 2935 498 3001; x_wconf 90' lang='lat' dir='ltr'>Iure</span> <span class='ocrx_word' id='word_1_178' title='bbox 520 2936 653 3018; x_wconf 89' lang='lat' dir='ltr'>antiquo</span> <span class='ocrx_word' id='word_1_179' title='bbox 675 2935 785 3000; x_wconf 87' lang='lat' dir='ltr'>variae</span> <span class='ocrx_word' id='word_1_180' title='bbox 805 2936 997 3001; x_wconf 84' lang='lat' dir='ltr'>constitutae</span> <span class='ocrx_word' id='word_1_181' title='bbox 1013 2939 1108 2999; x_wconf 89' lang='lat' dir='ltr'>eraut</span> <span class='ocrx_word' id='word_1_182' title='bbox 1130 2952 1253 3019; x_wconf 88' lang='lat' dir='ltr'>poenae</span> <span class='ocrx_word' id='word_1_183' title='bbox 1277 2935 1309 2998; x_wconf 91' lang='lat' dir='ltr'>in</span> <span class='ocrx_word' id='word_1_184' title='bbox 1333 2931 1509 3014; x_wconf 85' lang='lat' dir='ltr'>adulteros,</span> 
     </span>
    </p>
   </div>
   <div class='ocr_carea' id='block_1_6' title="bbox 328 3057 1512 3141">
    <p class='ocr_par' dir='ltr' id='par_1_9' title="bbox 328 3057 1512 3141">
     <span class='ocr_line' id='line_1_23' title="bbox 328 3057 1512 3141; baseline -0.002 -18"><span class='ocrx_word' id='word_1_185' title='bbox 328 3058 429 3123; x_wconf 88' lang='lat' dir='ltr'>veluti</span> <span class='ocrx_word' id='word_1_186' title='bbox 449 3059 739 3123; x_wconf 82' lang='lat' dir='ltr'>excommunicatio</span> <span class='ocrx_word' id='word_1_187' title='bbox 753 3057 867 3124; x_wconf 88' lang='lat' dir='ltr'>saltem</span> <span class='ocrx_word' id='word_1_188' title='bbox 882 3058 947 3141; x_wconf 75' lang='lat' dir='ltr'>fer.</span> <span class='ocrx_word' id='word_1_189' title='bbox 959 3064 1053 3133; x_wconf 81' lang='lat' dir='ltr'>aeut,</span> <span class='ocrx_word' id='word_1_190' title='bbox 1070 3078 1115 3125; x_wconf 83' lang='lat' dir='ltr'>em</span> <span class='ocrx_word' id='word_1_191' title='bbox 1130 3077 1204 3141; x_wconf 89' lang='lat' dir='ltr'>cop.</span> <span class='ocrx_word' id='word_1_192' title='bbox 1219 3059 1241 3123; x_wconf 88' lang='lat'>6</span> <span class='ocrx_word' id='word_1_193' title='bbox 1257 3058 1287 3122; x_wconf 79' lang='lat' dir='ltr'>lt.</span> <span class='ocrx_word' id='word_1_194' title='bbox 1304 3063 1326 3123; x_wconf 87' lang='lat' dir='ltr'>t.</span> <span class='ocrx_word' id='word_1_195' title='bbox 1343 3063 1376 3123; x_wconf 90' lang='lat' dir='ltr'>et</span> <span class='ocrx_word' id='word_1_196' title='bbox 1392 3076 1512 3123; x_wconf 87' lang='lat' dir='ltr'>carcer</span> 
     </span>
    </p>
   </div>
   <div class='ocr_carea' id='block_1_7' title="bbox 330 3268 1515 4513">
    <p class='ocr_par' dir='ltr' id='par_1_10' title="bbox 330 3268 1515 4513">
     <span class='ocr_line' id='line_1_24' title="bbox 422 3268 1508 3339; baseline 0.002 -18"><span class='ocrx_word' id='word_1_197' title='bbox 422 3268 462 3337; x_wconf 90' lang='lat' dir='ltr'>(l)</span> <span class='ocrx_word' id='word_1_198' title='bbox 483 3269 545 3324; x_wconf 89' lang='lat' dir='ltr'>lure</span> <span class='ocrx_word' id='word_1_199' title='bbox 562 3285 632 3324; x_wconf 89' lang='lat' dir='ltr'>rom.</span> <span class='ocrx_word' id='word_1_200' title='bbox 648 3285 683 3324; x_wconf 82' lang='lat' dir='ltr'>ex</span> <span class='ocrx_word' id='word_1_201' title='bbox 696 3269 752 3339; x_wconf 79' lang='lat' dir='ltr'>leg.</span> <span class='ocrx_word' id='word_1_202' title='bbox 767 3269 803 3322; x_wconf 88' lang='grc'>34</span> <span class='ocrx_word' id='word_1_203' title='bbox 821 3270 851 3324; x_wconf 79' lang='lat' dir='ltr'>ff.</span> <span class='ocrx_word' id='word_1_204' title='bbox 865 3272 910 3325; x_wconf 84' lang='lat' dir='ltr'>Ad</span> <span class='ocrx_word' id='word_1_205' title='bbox 931 3270 1021 3339; x_wconf 76' lang='lat' dir='ltr'>lepem</span> <span class='ocrx_word' id='word_1_206' title='bbox 1040 3270 1090 3323; x_wconf 81' lang='lat' dir='ltr'>iul.</span> <span class='ocrx_word' id='word_1_207' title='bbox 1104 3270 1138 3324; x_wconf 87' lang='lat' dir='ltr'>de</span> <span class='ocrx_word' id='word_1_208' title='bbox 1154 3270 1243 3323; x_wconf 83' lang='lat' dir='ltr'>adult.</span> <span class='ocrx_word' id='word_1_209' title='bbox 1259 3268 1428 3324; x_wconf 86' lang='lat' dir='ltr'>adulterium</span> <span class='ocrx_word' id='word_1_210' title='bbox 1447 3274 1508 3323; x_wconf 81' lang='lat' dir='ltr'>tan·</span> 
     </span>
     <span class='ocr_line' id='line_1_25' title="bbox 331 3375 1511 3445; baseline 0.001 -16"><span class='ocrx_word' id='word_1_211' title='bbox 331 3380 392 3429; x_wconf 88' lang='lat' dir='ltr'>tum</span> <span class='ocrx_word' id='word_1_212' title='bbox 414 3375 443 3429; x_wconf 91' lang='lat' dir='ltr'>in</span> <span class='ocrx_word' id='word_1_213' title='bbox 462 3377 586 3430; x_wconf 83' lang='lat' dir='ltr'>alienam</span> <span class='ocrx_word' id='word_1_214' title='bbox 604 3375 751 3445; x_wconf 80' lang='lat' dir='ltr'>coniugem</span> <span class='ocrx_word' id='word_1_215' title='bbox 770 3376 968 3440; x_wconf 87' lang='lat' dir='ltr'>committitur,</span> <span class='ocrx_word' id='word_1_216' title='bbox 988 3392 1042 3429; x_wconf 90' lang='lat' dir='ltr'>non</span> <span class='ocrx_word' id='word_1_217' title='bbox 1066 3376 1093 3429; x_wconf 89' lang='lat' dir='ltr'>in</span> <span class='ocrx_word' id='word_1_218' title='bbox 1113 3376 1225 3430; x_wconf 86' lang='lat' dir='ltr'>viduam</span> <span class='ocrx_word' id='word_1_219' title='bbox 1243 3380 1293 3429; x_wconf 86' lang='lat' dir='ltr'>aut</span> <span class='ocrx_word' id='word_1_220' title='bbox 1312 3377 1472 3445; x_wconf 87' lang='lat' dir='ltr'>innuptam;</span> <span class='ocrx_word' id='word_1_221' title='bbox 1492 3392 1511 3430; x_wconf 87' lang='lat' dir='ltr'>e</span> 
     </span>
     <span class='ocr_line' id='line_1_26' title="bbox 330 3480 1509 3552; baseline -0.002 -16"><span class='ocrx_word' id='word_1_222' title='bbox 330 3485 429 3536; x_wconf 85' lang='lat' dir='ltr'>contra</span> <span class='ocrx_word' id='word_1_223' title='bbox 446 3485 510 3537; x_wconf 83' lang='lat' dir='ltr'>iure</span> <span class='ocrx_word' id='word_1_224' title='bbox 529 3499 591 3537; x_wconf 83' lang='lat' dir='ltr'>can.</span> <span class='ocrx_word' id='word_1_225' title='bbox 612 3484 697 3547; x_wconf 84' lang='lat' dir='ltr'>(caus.</span> <span class='ocrx_word' id='word_1_226' title='bbox 716 3482 759 3533; x_wconf 78' lang='lat'>32</span> <span class='ocrx_word' id='word_1_227' title='bbox 776 3500 799 3535; x_wconf 86' lang='lat' dir='ltr'>c.</span> <span class='ocrx_word' id='word_1_228' title='bbox 813 3500 835 3535; x_wconf 85' lang='lat' dir='ltr'>c.</span> <span class='ocrx_word' id='word_1_229' title='bbox 849 3483 895 3547; x_wconf 84' lang='lat'>13,</span> <span class='ocrx_word' id='word_1_230' title='bbox 914 3483 962 3547; x_wconf 85' lang='lat'>15,</span> <span class='ocrx_word' id='word_1_231' title='bbox 980 3498 1004 3552; x_wconf 79' lang='lat' dir='ltr'>q.</span> <span class='ocrx_word' id='word_1_232' title='bbox 1025 3484 1058 3550; x_wconf 87' lang='grc'>5)</span> <span class='ocrx_word' id='word_1_233' title='bbox 1077 3481 1211 3536; x_wconf 82' lang='lat' dir='ltr'>statuitur</span> <span class='ocrx_word' id='word_1_234' title='bbox 1229 3482 1319 3536; x_wconf 87' lang='lat' dir='ltr'>virum</span> <span class='ocrx_word' id='word_1_235' title='bbox 1338 3480 1509 3536; x_wconf 84' lang='lat' dir='ltr'>adulterium</span> 
     </span>
     <span class='ocr_line' id='line_1_27' title="bbox 331 3586 1512 3659; baseline 0 -16"><span class='ocrx_word' id='word_1_236' title='bbox 331 3588 508 3644; x_wconf 87' lang='lat' dir='ltr'>committere</span> <span class='ocrx_word' id='word_1_237' title='bbox 525 3588 585 3643; x_wconf 86' lang='lat' dir='ltr'>sive</span> <span class='ocrx_word' id='word_1_238' title='bbox 603 3588 718 3642; x_wconf 84' lang='lat' dir='ltr'>accedat</span> <span class='ocrx_word' id='word_1_239' title='bbox 735 3588 770 3641; x_wconf 89' lang='lat' dir='ltr'>ad</span> <span class='ocrx_word' id='word_1_240' title='bbox 788 3598 902 3659; x_wconf 82' lang='lat' dir='ltr'>nuptam</span> <span class='ocrx_word' id='word_1_241' title='bbox 924 3586 982 3644; x_wconf 83' lang='lat' dir='ltr'>siva</span> <span class='ocrx_word' id='word_1_242' title='bbox 1003 3588 1038 3642; x_wconf 92' lang='lat' dir='ltr'>ad</span> <span class='ocrx_word' id='word_1_243' title='bbox 1060 3591 1205 3659; x_wconf 80' lang='lat' dir='ltr'>innuptam</span> <span class='ocrx_word' id='word_1_244' title='bbox 1227 3587 1386 3643; x_wconf 87' lang='lat' dir='ltr'>mulierem:</span> <span class='ocrx_word' id='word_1_245' title='bbox 1405 3593 1435 3643; x_wconf 91' lang='lat' dir='ltr'>et</span> <span class='ocrx_word' id='word_1_246' title='bbox 1456 3586 1512 3643; x_wconf 87' lang='lat' dir='ltr'>hoc</span> 
     </span>
     <span class='ocr_line' id='line_1_28' title="bbox 336 3694 1513 3766; baseline -0.003 -16"><span class='ocrx_word' id='word_1_247' title='bbox 336 3699 381 3750; x_wconf 83' lang='lat' dir='ltr'>est</span> <span class='ocrx_word' id='word_1_248' title='bbox 399 3694 568 3749; x_wconf 83' lang='lat' dir='ltr'>conformius</span> <span class='ocrx_word' id='word_1_249' title='bbox 592 3694 738 3751; x_wconf 82' lang='lat' dir='ltr'>sanctitati</span> <span class='ocrx_word' id='word_1_250' title='bbox 761 3694 931 3749; x_wconf 88' lang='lat' dir='ltr'>matrimonii</span> <span class='ocrx_word' id='word_1_251' title='bbox 959 3695 989 3750; x_wconf 92' lang='lat' dir='ltr'>in</span> <span class='ocrx_word' id='word_1_252' title='bbox 1013 3711 1068 3765; x_wconf 89' lang='lat' dir='ltr'>quo</span> <span class='ocrx_word' id='word_1_253' title='bbox 1091 3696 1185 3749; x_wconf 82' lang='lat' dir='ltr'>uxoris</span> <span class='ocrx_word' id='word_1_254' title='bbox 1208 3694 1252 3748; x_wconf 91' lang='lat' dir='ltr'>ius</span> <span class='ocrx_word' id='word_1_255' title='bbox 1275 3711 1364 3766; x_wconf 87' lang='lat' dir='ltr'>aeque</span> <span class='ocrx_word' id='word_1_256' title='bbox 1388 3694 1513 3749; x_wconf 88' lang='lat' dir='ltr'>laeditur</span> 
     </span>
     <span class='ocr_line' id='line_1_29' title="bbox 333 3799 1512 3872; baseline 0.001 -18"><span class='ocrx_word' id='word_1_257' title='bbox 333 3801 393 3855; x_wconf 84' lang='lat' dir='ltr'>sive</span> <span class='ocrx_word' id='word_1_258' title='bbox 411 3801 455 3854; x_wconf 89' lang='lat' dir='ltr'>vir</span> <span class='ocrx_word' id='word_1_259' title='bbox 472 3799 557 3855; x_wconf 89' lang='lat' dir='ltr'>aliam</span> <span class='ocrx_word' id='word_1_260' title='bbox 577 3799 723 3856; x_wconf 88' lang='lat' dir='ltr'>mulierem</span> <span class='ocrx_word' id='word_1_261' title='bbox 741 3800 874 3856; x_wconf 89' lang='lat' dir='ltr'>admittat</span> <span class='ocrx_word' id='word_1_262' title='bbox 891 3807 1006 3871; x_wconf 89' lang='lat' dir='ltr'>nuptam</span> <span class='ocrx_word' id='word_1_263' title='bbox 1025 3802 1084 3857; x_wconf 85' lang='lat' dir='ltr'>sive</span> <span class='ocrx_word' id='word_1_264' title='bbox 1102 3802 1256 3872; x_wconf 82' lang='lat' dir='ltr'>innuptam.</span> <span class='ocrx_word' id='word_1_265' title='bbox 1270 3800 1362 3863; x_wconf 83' lang='lat' dir='ltr'>Quare</span> <span class='ocrx_word' id='word_1_266' title='bbox 1380 3818 1435 3855; x_wconf 90' lang='lat' dir='ltr'>nou</span> <span class='ocrx_word' id='word_1_267' title='bbox 1449 3805 1512 3855; x_wconf 87' lang='lat' dir='ltr'>tan-</span> 
     </span>
     <span class='ocr_line' id='line_1_30' title="bbox 331 3906 1514 3979; baseline 0.001 -18"><span class='ocrx_word' id='word_1_268' title='bbox 331 3911 392 3961; x_wconf 89' lang='lat' dir='ltr'>tum</span> <span class='ocrx_word' id='word_1_269' title='bbox 410 3908 580 3963; x_wconf 84' lang='lat' dir='ltr'>attendenda</span> <span class='ocrx_word' id='word_1_270' title='bbox 599 3912 642 3964; x_wconf 89' lang='lat' dir='ltr'>ast</span> <span class='ocrx_word' id='word_1_271' title='bbox 660 3908 785 3963; x_wconf 81' lang='lat' dir='ltr'>contusio</span> <span class='ocrx_word' id='word_1_272' title='bbox 802 3908 948 3975; x_wconf 85' lang='lat' dir='ltr'>seminum,</span> <span class='ocrx_word' id='word_1_273' title='bbox 961 3909 1054 3978; x_wconf 88' lang='lat' dir='ltr'>prouti</span> <span class='ocrx_word' id='word_1_274' title='bbox 1072 3908 1159 3965; x_wconf 84' lang='lat' dir='ltr'>fiebat</span> <span class='ocrx_word' id='word_1_275' title='bbox 1176 3910 1239 3963; x_wconf 81' lang='lat' dir='ltr'>iure</span> <span class='ocrx_word' id='word_1_276' title='bbox 1257 3925 1338 3979; x_wconf 81' lang='lat' dir='ltr'>rpm..</span> <span class='ocrx_word' id='word_1_277' title='bbox 1356 3906 1403 3963; x_wconf 89' lang='lat' dir='ltr'>sed</span> <span class='ocrx_word' id='word_1_278' title='bbox 1422 3908 1514 3962; x_wconf 86' lang='lat' dir='ltr'>laesio</span> 
     </span>
     <span class='ocr_line' id='line_1_31' title="bbox 333 4013 1510 4086; baseline -0.002 -17"><span class='ocrx_word' id='word_1_279' title='bbox 333 4013 459 4069; x_wconf 85' lang='lat' dir='ltr'>iustitiae</span> <span class='ocrx_word' id='word_1_280' title='bbox 472 4019 501 4069; x_wconf 90' lang='lat' dir='ltr'>et</span> <span class='ocrx_word' id='word_1_281' title='bbox 519 4018 671 4069; x_wconf 79' lang='lat' dir='ltr'>sanctitatis</span> <span class='ocrx_word' id='word_1_282' title='bbox 683 4018 860 4070; x_wconf 80' lang='lat' dir='ltr'>sacramenti.</span> <span class='ocrx_word' id='word_1_283' title='bbox 874 4015 962 4070; x_wconf 89' lang='lat' dir='ltr'>·1ure</span> <span class='ocrx_word' id='word_1_284' title='bbox 976 4032 1035 4070; x_wconf 87' lang='lat' dir='ltr'>can.</span> <span class='ocrx_word' id='word_1_285' title='bbox 1050 4016 1244 4086; x_wconf 77' lang='lat' dir='ltr'>gravissimum</span> <span class='ocrx_word' id='word_1_286' title='bbox 1258 4016 1363 4070; x_wconf 85' lang='lat' dir='ltr'>crimen</span> <span class='ocrx_word' id='word_1_287' title='bbox 1374 4020 1417 4069; x_wconf 90' lang='lat' dir='ltr'>est</span> <span class='ocrx_word' id='word_1_288' title='bbox 1428 4014 1510 4068; x_wconf 86' lang='lat' dir='ltr'>adul·</span> 
     </span>
     <span class='ocr_line' id='line_1_32' title="bbox 335 4120 1513 4194; baseline 0.001 -19"><span class='ocrx_word' id='word_1_289' title='bbox 335 4121 446 4189; x_wconf 85' lang='lat' dir='ltr'>terium,</span> <span class='ocrx_word' id='word_1_290' title='bbox 459 4120 508 4175; x_wconf 89' lang='lat' dir='ltr'>sed</span> <span class='ocrx_word' id='word_1_291' title='bbox 520 4122 630 4177; x_wconf 88' lang='lat' dir='ltr'>ratione</span> <span class='ocrx_word' id='word_1_292' title='bbox 643 4138 795 4191; x_wconf 89' lang='lat' dir='ltr'>poenarum</span> <span class='ocrx_word' id='word_1_293' title='bbox 808 4122 962 4177; x_wconf 86' lang='lat' dir='ltr'>collocatur</span> <span class='ocrx_word' id='word_1_294' title='bbox 974 4123 1004 4176; x_wconf 91' lang='lat' dir='ltr'>in</span> <span class='ocrx_word' id='word_1_295' title='bbox 1017 4141 1076 4194; x_wconf 86' lang='lat' dir='ltr'>cop.</span> <span class='ocrx_word' id='word_1_296' title='bbox 1089 4124 1110 4177; x_wconf 73' lang='lat'><em>4</em></span> <span class='ocrx_word' id='word_1_297' title='bbox 1123 4125 1165 4179; x_wconf 86' lang='lat' dir='ltr'>De</span> <span class='ocrx_word' id='word_1_298' title='bbox 1177 4125 1235 4178; x_wconf 77' lang='lat' dir='ltr'>iud</span> <span class='ocrx_word' id='word_1_299' title='bbox 1249 4127 1266 4188; x_wconf 71' lang='lat'>5</span> <span class='ocrx_word' id='word_1_300' title='bbox 1279 4124 1295 4177; x_wconf 90' lang='lat'><em>1</em></span> <span class='ocrx_word' id='word_1_301' title='bbox 1313 4124 1387 4177; x_wconf 89' lang='lat' dir='ltr'>inter</span> <span class='ocrx_word' id='word_1_302' title='bbox 1404 4124 1513 4177; x_wconf 81' lang='lat' dir='ltr'>leuiora</span> 
     </span>
     <span class='ocr_line' id='line_1_33' title="bbox 331 4227 1512 4302; baseline -0.001 -18"><span class='ocrx_word' id='word_1_303' title='bbox 331 4227 460 4288; x_wconf 87' lang='lat' dir='ltr'>crimina,</span> <span class='ocrx_word' id='word_1_304' title='bbox 471 4228 538 4299; x_wconf 90' lang='lat' dir='ltr'>quia</span> <span class='ocrx_word' id='word_1_305' title='bbox 555 4244 612 4283; x_wconf 88' lang='lat' dir='ltr'>non</span> <span class='ocrx_word' id='word_1_306' title='bbox 630 4234 696 4283; x_wconf 91' lang='lat' dir='ltr'>sunt</span> <span class='ocrx_word' id='word_1_307' title='bbox 713 4230 831 4283; x_wconf 89' lang='lat' dir='ltr'>crimiua</span> <span class='ocrx_word' id='word_1_308' title='bbox 846 4230 992 4299; x_wconf 88' lang='lat' dir='ltr'>plectenda</span> <span class='ocrx_word' id='word_1_309' title='bbox 1009 4232 1220 4301; x_wconf 77' lang='lat' dir='ltr'>depredatione,</span> <span class='ocrx_word' id='word_1_310' title='bbox 1236 4232 1292 4286; x_wconf 89' lang='lat' dir='ltr'>imo</span> <span class='ocrx_word' id='word_1_311' title='bbox 1309 4245 1326 4283; x_wconf 73' lang='lat' dir='ltr'>e</span> <span class='ocrx_word' id='word_1_312' title='bbox 1335 4240 1428 4302; x_wconf 83' lang='lat' dir='ltr'>potest</span> <span class='ocrx_word' id='word_1_313' title='bbox 1441 4230 1512 4301; x_wconf 81' lang='lat' dir='ltr'>Epi·</span> 
     </span>
     <span class='ocr_line' id='line_1_34' title="bbox 330 4335 1515 4411; baseline 0 -20"><span class='ocrx_word' id='word_1_314' title='bbox 330 4352 434 4407; x_wconf 81' lang='lat' dir='ltr'>scopas</span> <span class='ocrx_word' id='word_1_315' title='bbox 455 4354 519 4391; x_wconf 84' lang='lat' dir='ltr'>cam</span> <span class='ocrx_word' id='word_1_316' title='bbox 543 4338 656 4391; x_wconf 82' lang='lat' dir='ltr'>clericis</span> <span class='ocrx_word' id='word_1_317' title='bbox 676 4346 740 4409; x_wconf 87' lang='lat' dir='ltr'>post</span> <span class='ocrx_word' id='word_1_318' title='bbox 759 4346 905 4408; x_wconf 84' lang='lat' dir='ltr'>peractom</span> <span class='ocrx_word' id='word_1_319' title='bbox 930 4339 1125 4407; x_wconf 75' lang='lat' dir='ltr'>pomitentiom</span> <span class='ocrx_word' id='word_1_320' title='bbox 1143 4341 1307 4410; x_wconf 81' lang='lat' dir='ltr'>dispensare</span> <span class='ocrx_word' id='word_1_321' title='bbox 1326 4353 1344 4395; x_wconf 70' lang='lat' dir='ltr'>i</span> <span class='ocrx_word' id='word_1_322' title='bbox 1362 4335 1434 4411; x_wconf 83' lang='lat' dir='ltr'>(rap.</span> <span class='ocrx_word' id='word_1_323' title='bbox 1455 4336 1515 4409; x_wconf 79' lang='lat' dir='ltr'>eit.)</span> 
     </span>
     <span class='ocr_line' id='line_1_35' title="bbox 333 4442 1267 4513; baseline 0 -16"><span class='ocrx_word' id='word_1_324' title='bbox 333 4444 363 4497; x_wconf 93' lang='lat' dir='ltr'>id</span> <span class='ocrx_word' id='word_1_325' title='bbox 383 4448 427 4498; x_wconf 85' lang='lat' dir='ltr'>est</span> <span class='ocrx_word' id='word_1_326' title='bbox 444 4459 462 4496; x_wconf 84' lang='lat' dir='ltr'>a</span> <span class='ocrx_word' id='word_1_327' title='bbox 480 4458 570 4511; x_wconf 90' lang='lat' dir='ltr'>poena</span> <span class='ocrx_word' id='word_1_328' title='bbox 589 4442 777 4513; x_wconf 87' lang='lat' dir='ltr'>depositionis.</span> <span class='ocrx_word' id='word_1_329' title='bbox 797 4443 836 4497; x_wconf 84' lang='lat' dir='ltr'>Cf.</span> <span class='ocrx_word' id='word_1_330' title='bbox 858 4442 965 4509; x_wconf 68' lang='lat' dir='ltr'>Dorou,</span> <span class='ocrx_word' id='word_1_331' title='bbox 985 4446 1003 4498; x_wconf 88' lang='lat' dir='ltr'>l.</span> <span class='ocrx_word' id='word_1_332' title='bbox 1024 4447 1066 4499; x_wconf 85' lang='lat' dir='ltr'>eit.</span> <span class='ocrx_word' id='word_1_333' title='bbox 1085 4449 1103 4511; x_wconf 65' lang='grc' dir='ltr'><strong>ἓ</strong></span> <span class='ocrx_word' id='word_1_334' title='bbox 1125 4446 1148 4513; x_wconf 89' lang='lat'>1,</span> <span class='ocrx_word' id='word_1_335' title='bbox 1166 4450 1223 4500; x_wconf 93' lang='lat' dir='ltr'>not.</span> <span class='ocrx_word' id='word_1_336' title='bbox 1245 4446 1267 4500; x_wconf 94' lang='lat' dir='ltr'>l.</span> 
     </span>
    </p>
   </div>
   <div class='ocr_carea' id='block_1_8' title="bbox 0 0 1695 5100">
    <p class='ocr_par' dir='ltr' id='par_1_11' title="bbox 0 0 1695 5100">
     <span class='ocr_line' id='line_1_36' title="bbox 0 0 1695 5100; baseline 0 0"><span class='ocrx_word' id='word_1_337' title='bbox 0 0 1695 5100; x_wconf 95' lang='lat' dir='ltr'> </span> 
     </span>
    </p>
   </div>
  </div>
 </body>
</html>
