3350 5100
369 375 436 441 562
880 393 963 440 raus
988 394 1038 440 111.

369 516 484 570 rendum
500 517 529 569 in
542 515 661 569 formula
679 515 864 568 abiurstionis
877 518 930 573 eat,
944 515 1024 569 unice
1043 514 1199 569 attenditur
1211 515 1246 568 ad
1257 531 1299 582 ea,
1313 517 1387 569 circa
1398 533 1462 586 quae
1473 535 1530 571 con-

370 623 457 676 fessus
476 627 519 678 est
538 639 609 678 reus.
630 622 672 676 En
690 619 852 675 formulam:

457 732 516 785 «lo
536 731 566 783 D.
585 730 665 800 figlio
684 729 729 784 del
747 730 776 783 fu
795 729 944 798 Ginseppa,
956 730 1053 783 nativo
1071 729 1098 782 di
1158 729 1187 783 di
1199 729 1312 784 enni...
1331 731 1468 786 eaoerdote
1479 749 1532 800 pro·

369 843 471 895 «fesso
490 838 555 893 nell·
565 839 674 892 istitutn
734 837 849 892 Retture
869 836 945 891 nella
956 834 1057 890 Chieaa
1120 838 1265 892 costituito
1279 838 1494 906 personalmente
1505 839 1534 892 ed

367 965 385 1005 s
400 946 608 1020 inginocchiato
627 946 738 1000 innanzi
750 963 768 999 a
781 944 840 1010 llio,
853 945 883 1000 iu
897 961 1028 1014 presence
1040 945 1067 999 di
1081 944 1107 998 S.
1122 945 1185 999 Ecc
1199 945 1290 1000 Mons.
1354 948 1459 1000 arendo
1470 954 1535 1001 sotio

367 1056 440 1126 «gli
459 1053 538 1110 occhi
557 1055 566 1107 i
586 1053 739 1108 sacrosanti
766 1051 915 1122 Evangeli‚
936 1051 987 1106 che
1006 1058 1087 1106 tocco
1111 1051 1184 1106 colle
1208 1053 1298 1117 mani,
1317 1069 1333 1108 e
1351 1054 1469 1123 sapendo
1491 1053 1536 1108 che

367 1166 484 1220 «niuno
503 1162 557 1233 pull
577 1161 693 1215 selvarsi
712 1161 784 1214 fuori
803 1160 828 1212 di
850 1159 945 1231 quella
963 1159 1033 1226 fede,
1053 1159 1105 1214 che
1124 1161 1209 1226 tiene,
1227 1158 1319 1224 crede,
1338 1161 1462 1229 predica,
1479 1178 1537 1231 pro-

367 1272 471 1326 «lesse
489 1270 522 1324 ed
541 1270 658 1338 insegna
677 1266 704 1320 la
722 1266 748 1320 S.
763 1265 863 1322 chiesa
876 1264 1024 1333 Cattolica
1036 1271 1133 1324 contro
1152 1265 1181 1320 la
1193 1265 1276 1337 quale
1295 1267 1333 1322 mi
1345 1267 1429 1336 ‹lolgo
1441 1268 1465 1320 di
1478 1285 1537 1322 aver
1605 1308 1606 1323 2

367 1374 462 1427 «delo
480 1376 603 1440 sospetto
622 1371 781 1438 fortissimo,
795 1368 897 1439 perche
915 1371 1040 1424 commisi
1059 1369 1236 1439 imprudenze
1254 1387 1306 1425 con
1319 1372 1410 1424 douue
1426 1371 1468 1425 nel
1481 1388 1539 1424 con·
1605 1342 1606 1411 l

368 1479 527 1544 ‹lessarleq
546 1478 657 1534 dolente
671 1495 686 1532 e
700 1479 807 1547 pentito
826 1477 870 1532 del
890 1477 945 1530 mal
965 1480 1037 1530 tatto
1050 1478 1194 1532 condanno
1209 1479 1276 1548 ogni
1296 1495 1390 1532 errore
1403 1480 1436 1533 ed
1449 1480 1538 1537 cresin,
1605 1510 1606 1537 p

366 1593 474 1644 «corto
491 1586 566 1640 della
584 1587 679 1640 felsita
697 1585 724 1638 di
743 1587 796 1638 essi
816 1603 831 1640 e
851 1583 925 1640 delle
945 1587 1036 1639 verita
1053 1585 1129 1639 della
1146 1603 1168 1638 s.
1186 1585 1288 1640 Chiesa
1305 1585 1454 1646 cattolica;
1465 1602 1481 1639 e
1494 1603 1537 1639 con

367 1709 464 1750 ‹cuor
483 1696 592 1749 siucero
610 1712 626 1749 e
644 1694 706 1748 tede
724 1710 779 1748 non
799 1695 878 1758 finta,
891 1693 998 1758 eblum,
1010 1693 1151 1747 detectos
1170 1693 1306 1748 maledico
1324 1694 1392 1748 tutti
1406 1693 1446 1762 gli
1460 1693 1538 1747 errori

366 1817 413 1855 «e
433 1805 506 1855 tutte
525 1799 551 1854 le
570 1801 659 1854 cresis
678 1815 693 1852 e
712 1803 784 1853 setta
803 1799 943 1852 contrarie
962 1797 1020 1850 ella
1032 1797 1109 1852 detta
1128 1802 1217 1859 santa,
1229 1797 1372 1865 cattolica,
1387 1797 1540 1867 Apostoliea

365 1922 383 1963 s
397 1905 504 1961 Ghiesa.
525 1907 641 1959 Ac'cetto
659 1902 747 1958 anche
760 1920 775 1958 e
788 1908 929 1974 prometto
940 1903 967 1955 di
981 1903 1122 1972 adsmpire
1139 1904 1325 1958 interamenta
1343 1908 1419 1957 tutte
1431 1903 1459 1957 le
1472 1904 1539 1972 peni-

365 2019 489 2076 ‹tenne‚
508 2010 559 2066 che
582 2012 619 2064 mi
638 2027 706 2064 sono
724 2027 740 2064 e
758 2011 796 2063 mi
815 2026 935 2064 saranno
954 2008 999 2062 dal
1023 2007 1054 2077 S..
1071 2009 1170 2064 Uffizio
1195 2011 1327 2077 imposte3
1347 2028 1362 2064 e
1381 2015 1538 2064 contravre·

366 2119 486 2176 «nendo
505 2119 532 2172 io
551 2117 584 2170 ad
604 2117 705 2170 alcuna
723 2117 749 2168 di
769 2117 846 2172 dette
865 2116 921 2171 mie
940 2132 1108 2183 promessee
1126 2116 1303 2186 giurameuti,
1318 2117 1338 2171 il
1352 2116 1405 2172 che
1424 2117 1475 2170 Dio
1492 2133 1540 2169 non

367 2226 499 2296 «voglio,
512 2227 550 2279 mi
562 2231 726 2280 sottometto
739 2242 756 2278 a
770 2231 842 2279 tutte
860 2225 886 2279 le
898 2242 969 2294 pene
982 2240 998 2278 e
1011 2225 1019 2277 i
1032 2224 1163 2293 enrighi,
1176 2223 1228 2278 che
1243 2241 1312 2278 souo
1323 2225 1367 2278 dai
1382 2244 1418 2278 ss
1432 2225 1540 2289 canoni,

366 2442 514 2509 «imposte
533 2455 550 2493 o
570 2438 752 2507 promulgate.
773 2436 835 2492 Coei
857 2437 909 2491 Dio
926 2439 964 2492 mi
983 2438 1053 2492 aiuti
1072 2439 1196 2508 equasti
1216 2439 1275 2492 suoi
1294 2457 1329 2490 ss.
1349 2437 1494 2507 Evangeli.

454 2543 513 2599 <lo
533 2543 661 2599 suddetto
687 2541 722 2597 ho
740 2543 904 2598 abiuratoe
929 2560 1069 2612 promeaso
1093 2560 1108 2597 a
1127 2543 1164 2597 mi
1190 2560 1258 2598 sono
1281 2541 1444 2612 obbhgatn,
1469 2559 1540 2597 come

366 2668 515 2721 ‹sopra‚e
535 2653 564 2705 in
582 2650 644 2705 sede
662 2650 706 2705 del
726 2666 792 2704 vero
810 2649 848 2704 ho
860 2651 887 2703 di
906 2651 1019 2719 propria
1035 2666 1119 2705 mano
1138 2653 1250 2705 firmata
1267 2651 1295 2706 la
1307 2656 1439 2720 presente
1451 2651 1541 2707 codols

277 2829 281 2839 1
365 2771 383 2812 ‹
401 2758 427 2812 di
446 2758 502 2811 mia
522 2758 708 2831 abiurazione,
727 2755 778 2811 che
797 2758 844 2827 qui
863 2756 891 2811 di
911 2758 1009 2826 parole
1026 2758 1054 2810 in
1075 2757 1171 2826 parole
1189 2757 1226 2811 ho
1245 2759 1370 2813 recitato.

455 2935 470 2969 ‹
492 2916 523 2969 lli
542 2916 654 2983 Torino,
674 2917 702 2970 in
721 2922 819 2988 questo
838 2916 866 2969 di
942 2916 987 2971 del
1006 2934 1081 2973 mese
1100 2918 1127 2971 di
1140 2954 1183 2971 .....
1203 2918 1348 2973 dell'anno
1369 2920 1439 2974 le...

507 3233 679 3288 Notandum:

454 3342 564 3397 Crimen
590 3340 797 3395 sollicitationis
822 3357 916 3395 secum
935 3342 1026 3408 ducit,
1044 3346 1076 3395 ut
1098 3343 1350 3412 praesumptionem
1374 3344 1446 3399 iuris
1465 3351 1495 3399 et
1512 3344 1542 3398 de

363 3450 433 3516 iure,
452 3449 638 3519 suspicionem
657 3448 808 3513 haeresise,
828 3464 900 3519 quae
915 3426 997 3501 iuxta
1015 3465 1096 3502 casus
1114 3453 1158 3503 est
1176 3450 1212 3503 de
1231 3450 1296 3516 levi,
1307 3454 1343 3505 de
1361 3454 1447 3521 pravi
1465 3463 1493 3506 et
1510 3456 1541 3506 dc

362 3560 528 3620 uehementi,
548 3562 630 3624 prout
648 3556 836 3624 praesumptio
855 3560 898 3609 est
916 3554 979 3623 plus
997 3555 1042 3609 vel
1061 3558 1152 3609 minus
1170 3556 1295 3610 fundata.
1317 3557 1414 3628 Itaque
1433 3560 1542 3629 quando

363 3662 393 3715 in
404 3664 544 3716 sententia
557 3660 619 3730 quis
632 3659 840 3725 condemnetur,
850 3661 965 3729 praevia
978 3661 1153 3716 obturatione
1164 3663 1200 3716 de
1212 3664 1377 3727 vehementi,
1389 3662 1439 3717 ille
1452 3662 1541 3727 debet,

364 3768 405 3822 uti
418 3767 593 3836 significatur
608 3781 656 3834 per
675 3764 744 3819 haec
762 3766 856 3830 rerba,
869 3766 998 3820 emittere
1017 3766 1221 3822 abiurationem
1240 3767 1362 3821 omnium
1375 3784 1503 3822 errorum
1516 3777 1542 3822 et

363 3879 393 3929 et
411 3872 610 3936 haeresiarum,
623 3872 656 3927 de
671 3872 771 3942 quibus
789 3872 975 3941 suspicionem
994 3874 1186 3942 gravissimam
1204 3873 1281 3927 dedit
1299 3874 1328 3927 iu
1345 3876 1407 3929 toro
1425 3879 1542 3930 externo

365 3981 514 4035 Ecclesiae.

452 4082 585 4135 Formulc
603 4098 687 4151 supra
712 4081 801 4135 relata
820 4087 864 4136 est
883 4082 933 4137 illa
956 4099 1028 4153 quae
1049 4084 1078 4137 iu
1097 4101 1147 4137 usu
1167 4084 1245 4153 riget
1269 4083 1341 4153 apud
1365 4102 1386 4138 s.
1405 4084 1540 4141 Officium.

363 4190 447 4243 etiam
467 4190 499 4244 de
518 4189 682 4255 haereticis3
701 4194 730 4245 et
748 4190 908 4245 differentia
926 4196 983 4243 stet
1001 4191 1031 4245 in
1048 4206 1083 4246 eo
1100 4191 1174 4261 quod
1192 4190 1342 4247 haereticis
1360 4192 1493 4247 abiurant
1507 4194 1541 4245 de

362 4298 490 4366 formali,
502 4314 601 4367 nempe
615 4302 646 4351 ut
665 4314 729 4352 vere
743 4297 887 4363 haeretici,
900 4298 964 4351 dum
977 4300 1098 4368 suspecti
1112 4300 1243 4353 abiurant
1254 4300 1344 4353 solum
1364 4306 1413 4355 aut
1424 4302 1462 4355 de
1477 4302 1539 4363 leri,

362 4410 411 4457 aut
429 4406 466 4459 de
482 4408 573 4472 praui,
587 4410 636 4457 aut
654 4407 688 4458 de
701 4405 857 4457 vehementi
875 4404 1032 4472 suspicione
1050 4403 1247 4472 haeresiarnm‚
1262 4407 1331 4460 etin
1345 4406 1462 4478 eoquod
1476 4406 1539 4460 hae·

364 4510 442 4564 retici
463 4516 524 4579 post
543 4510 748 4565 abiurationem
767 4511 951 4566 absolvuntur
969 4529 1045 4582 pure
1064 4517 1094 4566 et
1111 4514 1278 4584 simpliciter
1295 4516 1330 4568 ab
1353 4518 1538 4570 excommuni·
1605 4517 1607 4566 ἱ

367 2351 411 2389 «e
429 2333 465 2387 cla
482 2333 555 2388 altre
574 2332 755 2387 Goatituzioni
769 2329 900 2386 Generali
920 2331 1115 2385 oParticolari
1136 2337 1233 2385 contro
1252 2330 1335 2385 simili
1356 2331 1539 2402 deliuquenze.
