3350 5100
353 246 420 313 356
869 267 950 314 enas
975 266 1025 313 111.
1331 20 1620 417 Ἴ

353 389 445 469 risis,
473 393 627 473 quantum
659 387 731 453 fieri
762 396 884 474 potest,
908 390 960 454 vel
992 392 1220 477 poeniteutiae⁸
1244 391 1296 455 vel
1328 408 1448 476 poenae
1474 392 1519 456 vei

353 531 511 577 censurae
541 518 668 577 secreto
699 512 837 578 luendae
868 520 943 579 sunt
975 534 1016 578 ne
1046 513 1206 579 inhabiles
1237 516 1368 579 omnino
1394 515 1521 581 evadant

354 637 469 703 eccles.
493 638 688 712 ministeri0;
711 637 798 704 unde
828 641 925 704 etiam
950 640 982 702 iu
1006 640 1110 704 veteri
1135 638 1303 725 disciplina
1331 640 1440 705 clerici
1463 661 1516 707 nou

352 760 623 828 submittebantur
633 761 780 845 publicis
791 762 1008 845 poenitentiis
1020 761 1107 847 (cun.
1123 762 1303 850 Presbyter
1315 765 1348 834 5.
1365 764 1444 831 Dist.
1457 765 1516 850 82).

354 894 386 949 et
408 887 491 968 quia.
516 887 606 949 iuxta
629 888 823 952 sententiam
847 905 922 970 cop.
947 886 999 955 21.
1027 886 1077 953 De
1100 907 1210 954 oenus.
1236 888 1266 952 X
1290 886 1345 971 (V,
1373 888 1409 971 Ι).
1436 908 1517 951 nemo

355 1009 533 1094 puniendus
563 1016 613 1075 est
639 1011 774 1093 publice
802 1010 843 1077 de
874 1012 1009 1077 crimine
1033 1012 1171 1078 occuito.
1196 1012 1359 1086 Quocirca
1389 1014 1516 1095 quamvis

354 1132 518 1199 ordinario
542 1136 732 1199 monitiones
755 1136 866 1199 taliter
881 1134 1033 1200 redactae
1057 1136 1089 1200 in
1110 1134 1263 1216 smnnoen
1288 1138 1428 1222 deputem
1449 1139 1515 1201 inse

356 1256 476 1321 rendae
498 1260 563 1321 siut
593 1258 626 1321 iu
657 1256 786 1343 publica
816 1266 946 1343 regesta
977 1258 1204 1331 cancellariae,
1228 1259 1442 1329 nihilominus,
1467 1278 1514 1345 pro

314 1430 320 1439 .
355 1388 471 1445 natura
493 1384 623 1467 negotii.
640 1401 704 1447 non
725 1384 825 1447 semel
850 1384 882 1447 in
906 1389 1032 1449 secreto
1051 1382 1198 1449 archivio
1215 1382 1377 1469 deponere
1392 1384 1515 1469 pmdeus

354 1510 411 1568 est.
437 1504 484 1569 Gi.
510 1524 609 1589 supra
631 1525 663 1569 n.
688 1504 764 1576 278,
789 1512 855 1570 not.
883 1506 911 1569 l.

444 1630 579 1693 Monitio
603 1631 768 1697 cononica
786 1636 938 1712 paterno
961 1649 1026 1695 non
1050 1650 1144 1695 secus
1166 1650 1205 1695 ac
1228 1650 1304 1697 con.
1330 1630 1444 1716 tepolis
1458 1649 1518 1694 ver·

276 1732 281 1741 ¹
355 1759 446 1817 satur
468 1754 501 1816 in
525 1772 647 1838 gernere
677 1755 767 1819 circa
797 1753 1011 1840 obligationes
1035 1790 1053 1801 -
1078 1755 1121 1820 de
1143 1773 1212 1820 non
1243 1754 1463 1837 alloquendo,
1485 1754 1520 1819 de

354 1899 424 1944 non
446 1879 709 1963 frequentando,
730 1880 773 1944 de
796 1880 921 1944 divinis
944 1880 1062 1964 officiis
1081 1880 1140 1962 pie
1163 1884 1193 1946 et
1215 1880 1280 1945 rite
1300 1878 1472 1957 obeundis,
1486 1879 1521 1944 de

300 2090 305 2099 Ι
354 2024 424 2069 non
439 2004 615 2069 retinendo
630 2039 659 2074 -.
671 2010 723 2068 ast
736 2008 887 2086 paterno
898 2004 1049 2075 monitio,
1064 2011 1172 2089 utpote
1187 2010 1326 2084 secreto,
1339 2010 1434 2088 atque
1450 2004 1521 2088 lepi-

356 2129 438 2193 timo
460 2128 651 2215 probatione
674 2128 823 2194 destituta
839 2148 859 2193 a
874 2148 909 2194 se
927 2130 1055 2213 repellit
1078 2136 1201 2196 certam
1224 2130 1432 2195 sanctionem
1452 2146 1522 2210 poe·

354 2257 465 2321 notem
491 2257 524 2319 iu
548 2274 625 2319 casu
640 2255 875 2319 contumaciae:
901 2254 1028 2320 deesset
1042 2256 1127 2319 enim
1149 2254 1337 2340 tepitimum
1360 2254 1523 2319 decretum

353 2378 392 2443 ad
417 2378 596 2463 urgendum
612 2398 735 2463 poenae
749 2378 982 2445 executionem
1006 2386 1062 2443 aut
1084 2378 1196 2444 saltem
1221 2377 1262 2441 ad
1285 2376 1443 2442 edendam
1458 2395 1522 2441 sen-

355 2502 493 2566 tentiam
516 2500 783 2568 declaratoiiom
807 2498 864 2584 (1).
889 2501 941 2566 Ex
972 2498 1111 2566 adverso
1144 2500 1283 2568 monitio
1308 2499 1471 2566 canoniea
1492 2500 1519 2562 in

354 2627 460 2692 barma
486 2627 588 2712 lopati
611 2633 777 2710 concepta,
802 2632 914 2709 suapte
939 2631 1064 2698 natura,
1090 2633 1246 2710 provocat
1269 2624 1309 2691 ad
1332 2627 1522 2690 sanctionem

356 2753 521 2837 poenalem
545 2751 775 2816 incurrendam
799 2771 819 2815 a
843 2751 967 2816 subdito
984 2753 1166 2816 contumaci
1183 2753 1235 2835 qui
1253 2771 1318 2814 una
1333 2750 1426 2815 simul
1443 2769 1521 2834 sper·

355 2878 401 2941 nit
425 2882 457 2941 et
478 2878 626 2961 Episcopi
649 2877 875 2942 auctoritatem
898 2875 1112 2942 exhortantis
1135 2883 1168 2941 et
1190 2880 1343 2942 satutare
1367 2863 1522 2940 monitum.

356 3006 517 3068 Attamen.
530 3001 720 3087 prudentiae
736 3007 769 3067 et
784 3001 954 3067 charitatis
971 3004 1112 3066 rationes
1129 3023 1192 3066 non
1209 3003 1308 3067 semei
1324 3002 1521 3087 persuadent.

356 3136 390 3189 ut
412 3127 543 3190 monitio
566 3125 681 3190 edatur
703 3127 736 3189 in
760 3126 866 3191 forma
889 3128 991 3212 depuli
1013 3133 1047 3190 nt
1069 3147 1135 3190 non
1158 3127 1285 3192 adiecta
1308 3129 1481 3192 sanctione.

443 3249 518 3313 287.
537 3251 589 3314 Ex
600 3251 779 3316 intentione
794 3256 827 3315 et
844 3249 950 3314 indole
967 3251 1083 3317 harum
1102 3253 1310 3340 monitionum
1329 3251 1444 3316 inferri
1465 3249 1522 3314 for·

356 3393 413 3438 san
429 3379 543 3458 posset.
560 3373 655 3438 alteri
680 3380 751 3457 post
773 3373 911 3438 alteram
928 3372 998 3439 tieri
1014 3375 1120 3439 locum
1137 3395 1194 3439 seu
1209 3381 1307 3439 antea
1322 3375 1523 3440 monitionem
1607 3411 1609 3460 ;

353 3501 535 3576 potonem
559 3500 670 3581 postea
685 3495 828 3580 deputem
844 3495 1023 3560 faciendam
1041 3515 1121 3560 esse.
1140 3497 1199 3560 Ast
1215 3516 1269 3560 res
1285 3495 1407 3580 indiget
1426 3494 1523 3577 expli·
1607 3477 1608 3498 ¹

355 3620 482 3685 catione
504 3617 608 3700 quoad
632 3637 757 3682 omnem
781 3623 917 3702 partem.
941 3619 1090 3684 Etenim:

492 3743 522 3822 l)
547 3742 716 3807 Monitioni
738 3743 791 3807 vel
811 3748 979 3824 patenae
1003 3762 1067 3806 non
1090 3749 1140 3808 est
1157 3743 1253 3808 ‘iocus
1276 3744 1336 3807 nisi
1355 3743 1524 3827 Episcopus

354 3867 477 3953 precio
492 3866 610 3931 habeat
626 3866 745 3932 indicia
760 3865 800 3931 de
816 3866 912 3951 culpa
928 3867 1013 3932 illius
1033 3885 1127 3950 quem
1147 3868 1216 3932 vult
1235 3885 1378 3932 monere.
1396 3868 1522 3950 iuquam

357 4027 374 4040 ·
393 3991 519 4057 indicio
533 4027 551 4040 -
569 3993 643 4075 quia
659 4012 723 4056 non
739 3993 918 4075 requiritur
932 3993 1040 4076 piena
1051 3992 1209 4076 probatio
1226 3999 1258 4058 et
1273 3992 1336 4058 hoc
1352 4013 1447 4057 sensu
1462 3991 1521 4054 DI).

445 4187 483 4254 (l)
502 4185 654 4255 Episcopus
673 4188 813 4241 abstinere
827 4187 910 4240 debet
923 4205 939 4239 a
952 4187 1145 4240 comminanda
1164 4203 1281 4242 censura
1301 4187 1317 4239 l.
1331 4206 1353 4241 s.
1367 4188 1394 4240 in
1410 4197 1523 4256 poteraut

355 4297 511 4360 rosontione,
525 4295 592 4363 quia
611 4295 639 4347 in
657 4310 722 4346 casu
742 4295 935 4347 contumaciae
952 4311 1006 4346 non
1026 4293 1137 4362 produci
1154 4301 1245 4362 {nosset
1263 4301 1356 4348 textus
1374 4293 1523 4348 sententiae

356 4401 434 4453 eitius
452 4402 588 4462 execiutio,
609 4402 648 4453 uti
669 4402 722 4453 iarn
742 4407 847 4467 securta,
866 4392 1072 4455 dec'loruretur.
