3350 5100
330 318 398 387 598
782 340 990 389 muscarum
1013 340 1064 389 tv.

329 462 426 529 patere
445 457 663 530 appellationem
682 460 716 515 ad
735 460 927 532 Apostolicam
947 460 1055 517 Sedem.
1075 461 1104 515 Si
1124 476 1208 532 porro
1225 462 1256 517 in
1278 462 1402 517 monada
1423 478 1512 534 aeque

330 582 363 621 ac
382 566 411 620 in
431 567 519 637 prima
537 568 678 622 sententia
696 568 805 623 nullum
823 584 857 621 ac
875 568 987 621 irritum
1006 568 1216 623 matrimonium
1241 568 1394 623 iudicatum
1418 569 1513 634 fuerit,

330 676 360 727 et
376 674 412 728 ab
431 690 465 729 ea
484 690 547 744 pars
565 673 610 729 vel
624 674 751 729 defensor
764 691 814 745 pro
826 692 878 729 ena
891 674 1063 730 couscientia
1075 692 1131 730 nou
1144 676 1293 731 crediderit
1305 675 1511 745 appellandum,

329 781 358 835 in
377 784 517 850 potestate
537 785 565 835 et
583 782 702 837 arbitrio
721 782 872 851 coniugum
890 782 929 837 eit
947 797 1034 836 novas
1046 783 1159 851 nuptias
1177 781 1354 849 contrahere,
1366 780 1513 837 dummodo

329 886 414 942 elicui
434 903 530 941 eorum
549 888 584 941 ob
603 887 717 959 aliquod
735 887 965 958 impedimentum
984 886 1030 942 vel
1048 887 1206 957 legitimam
1218 904 1331 942 cauum
1350 888 1378 941 id
1390 888 1508 943 vetitum

329 995 448 1049 nonsit.
467 994 596 1049 Potestas
615 1000 710 1049 tamen
728 1000 792 1064 post
816 994 936 1051 alteram
961 995 1131 1049 seutentiam
1157 996 1343 1061 conformem,
1361 998 1515 1063 utsupra,

329 1101 494 1171 coniugibus
513 1102 589 1155 lacta
607 1100 794 1171 intelligetur,
813 1101 893 1156 salvo
910 1118 1021 1171 semper
1038 1107 1068 1156 et
1085 1103 1167 1156 llrmo
1189 1106 1352 1157 remanente
1376 1102 1438 1156 iure
1461 1117 1513 1156 seu

327 1204 478 1276 privilegio
496 1220 642 1259 causarum
661 1205 920 1272 matrimonialium,
937 1222 1010 1276 quae
1034 1207 1071 1259 ob
1089 1205 1289 1277 cuiuscumque
1313 1206 1448 1276 temporis
1470 1205 1512 1259 la·

329 1328 408 1381 psum
427 1328 577 1382 numquam
597 1316 743 1367 transeunt
761 1312 792 1365 in
810 1328 869 1367 rem
888 1312 1056 1378 iudicatam3
1074 1312 1122 1367 sed
1139 1313 1163 1366 si
1190 1328 1263 1366 nova
1287 1327 1340 1377 res,
1358 1326 1432 1382 quae
1457 1326 1514 1364 nou

324 1416 443 1473 deducta
462 1416 506 1473 vel
524 1418 656 1486 ignorata
673 1418 768 1483 luerit,
787 1417 945 1486 detegatur,
964 1418 1068 1473 resumi
1088 1423 1206 1487 possunt
1223 1422 1254 1471 et
1271 1434 1368 1471 rursus
1386 1418 1416 1471 in
1440 1417 1512 1471 iudi·

328 1522 428 1578 cialem
447 1524 666 1577 controversiam
685 1523 819 1577 revocari.
839 1522 942 1583 Quodsi
955 1540 973 1577 a
990 1523 1113 1578 wcuuda
1125 1524 1268 1579 sententie
1280 1540 1364 1593 super
1375 1523 1512 1579 nullitate

329 1630 374 1686 vel
393 1630 482 1686 altera
501 1648 566 1700 pars
584 1630 781 1701 appellaverit,
800 1630 848 1685 vel
866 1630 995 1686 defensor
1013 1630 1186 1685 matrimonii
1205 1631 1234 1685 ei
1245 1630 1327 1684 salva
1339 1630 1514 1685 conscientia

327 1737 558 1809 acquiescendum
584 1752 638 1791 uon
667 1740 756 1809 putet,
778 1738 845 1807 quia
869 1736 923 1791 eibi
948 1736 993 1791 vel
1021 1738 1171 1792 manifeste
1198 1737 1304 1792 iniuste
1326 1737 1372 1793 vel
1395 1736 1512 1793 aliunde

328 1842 452 1899 invalida
469 1844 608 1910 videatur,
625 1860 656 1897 re
675 1848 736 1897 tota
761 1843 796 1897 ad
824 1844 851 1897 S.
870 1842 970 1898 Sedem
994 1844 1103 1911 delata,
1122 1844 1236 1898 interim
1261 1845 1343 1899 firma
1367 1848 1516 1899 ramaneat

328 1948 441 2019 utrique
460 1948 572 2017 coniugi
591 1948 745 2019 prohibitio
763 1947 797 2003 ad
817 1948 888 2001 alias
907 1949 1070 2003 transeundi
1088 1949 1209 2018 nuptias

774 2252 876 2339 Plus
896 2253 1063 2339 illiti.

528 2446 575 2509 Ite
595 2446 721 2523 regulis
741 2446 916 2508 servandis
934 2447 970 2507 in
992 2446 1178 2509 tractandis
1200 2445 1311 2507 canals

675 2560 971 2624 matrimonialibus
991 2561 1025 2622 ln
1046 2561 1166 2636 specte.

417 2803 534 2861 Praeter
553 2803 689 2859 hactenns
708 2805 862 2860 recensitae
879 2803 994 2872 regulas
1011 2804 1042 2858 in
1059 2803 1189 2858 omuibus
1207 2802 1299 2857 causis
1316 2802 1512 2856 matrimonia-

327 2909 402 2966 libus
420 2912 576 2981 generatim
595 2910 747 2967 servandas
764 2915 797 2965 ut
814 2911 934 2965 iuridica
952 2909 1012 2965 illis
1028 2915 1086 2972 etet
1103 2909 1244 2975 validitas,
1263 2909 1401 2981 quaedam
1417 2910 1508 2964 etiam

324 3017 461 3088 speciales
480 3035 546 3088 prae
569 3018 660 3072 oculis
686 3017 830 3073 habendae
855 3022 921 3073 sunt
945 3017 1026 3072 iuxta
1051 3016 1221 3086 peculiarem
1246 3016 1511 3086 impedimentorum

324 3127 455 3179 naturam
473 3129 503 3180 et
521 3123 651 3192 indolem,
669 3141 741 3196 quae
760 3123 863 3179 iudicio
886 3125 1062 3178 occasionem
1081 3125 1278 3193 praebuerunt.
1300 3123 1392 3184 Quare
1410 3123 1445 3178 de
1463 3123 1512 3178 hie

326 3231 453 3301 siugulis.
473 3231 573 3287 saltem
592 3249 665 3303 quae
683 3231 858 3304 frequentius
881 3247 1028 3287 occurrere
1052 3231 1153 3300 solent,
1170 3230 1267 3302 aliqua
1284 3231 1430 3301 speciatim
1447 3232 1513 3286 ani·

326 3337 528 3394 madvertenda
545 3343 619 3393 suut.

790 3583 1003 3641 ARTICULUS
1022 3587 1042 3642 1.

587 3781 624 3819 DE
644 3779 856 3820 innotueris
874 3779 1064 3820 COGNA'HOM!
1082 3780 1237 3832 Offilium,

648 3887 706 3926 VEL
725 3887 918 3938 erimannus,
937 3887 976 3926 ΙΤ
995 3885 1184 3927 arrianam.

414 4087 433 4149 s
451 4081 495 4137 31.
514 4083 543 4138 Si
562 4084 771 4139 matrimonium
788 4085 971 4154 impugnetur
987 4085 1023 4138 ob
1043 4087 1180 4139 assertum
1203 4082 1432 4153 impedimentum
1457 4097 1510 4136 co-

325 4190 469 4262 gnationis
486 4191 608 4246 carnalis
626 4194 676 4246 aut
693 4191 858 4262 spiritualis,
875 4191 921 4246 vel
940 4191 1094 4254 affinitatis,
1112 4189 1199 4246 facile
1221 4189 1277 4245 erit
1300 4189 1424 4246 eiusdem
1447 4191 1510 4245 exi·

325 4297 458 4352 atentiam
485 4297 618 4368 detegere
642 4313 694 4369 ope
717 4298 945 4354 authenticorum
969 4297 1208 4368 documentorum.
1234 4296 1347 4353 Etenim
1370 4298 1504 4366 cognatm

325 4403 456 4470 carnalis,
475 4409 505 4460 et
522 4406 609 4460 etiam
628 4405 757 4473 affinitas,
775 4421 848 4478 quae
866 4421 901 4461 ex
922 4405 1102 4476 praecedeuti
1129 4405 1310 4460 matrimonio
1327 4404 1505 4477 processerit,
