3350 5100
402 315 446 361 ua
471 313 609 361 malcus
633 312 875 360 cammaumus
900 313 935 360 ru
958 310 1076 360 sescus
1259 292 1326 359 395

139 456 201 522 per
216 439 456 520 repetitionem
470 441 610 512 testium,
627 457 737 504 coram
754 437 907 504 tribunali
923 437 1137 523 collegdaliter
1152 445 1327 522 praesente

140 563 172 624 in
197 561 281 626 aula
302 560 495 636 audientiae,
512 563 564 627 cui
579 561 680 636 adest,
701 563 727 628 si
744 561 832 636 velit,
853 580 919 626 una
933 580 1006 626 cum
1022 565 1209 646 promotore
1223 560 1326 626 fiscali

140 691 172 750 et
184 683 269 751 fisco
283 686 482 754 adhaerente
494 692 674 760 accusatus,
689 693 721 754 et
733 689 802 754 eius
813 686 975 758 defensor.
988 685 1029 751 ad
1041 705 1187 752 normam
1200 691 1262 752 art·
1271 687 1325 754 22:

143 833 161 872 ‹
185 812 226 876 1n
253 811 380 878 iudiciis
403 813 623 880 criminalibus
646 813 686 878 de
708 811 834 878 delictis
854 810 1038 885 maioribus,
1054 813 1186 898 agitatio
1208 833 1326 878 causae

140 943 172 1000 et
195 955 343 1003 examen
367 945 400 1004 et
422 939 550 1004 testium
576 939 724 1024 repetitio
747 935 826 1005 deut
851 957 961 1029 coram
987 957 1043 1002 reo
1072 937 1156 1023 apud
1184 939 1325 1004 tribunal

139 1064 364 1148 collegialiter
387 1083 540 1148 praesens
562 1063 602 1128 ad
626 1083 742 1130 causae
766 1061 985 1130 definitionem
1001 1085 1031 1129 ›.

232 1193 313 1258 327.
338 1192 467 1258 Nullum
492 1191 620 1258 dubium
637 1193 719 1257 oriri
742 1195 847 1277 potest
869 1197 1022 1256 accusato
1041 1198 1173 1276 praeter
1196 1195 1323 1258 testium

139 1315 381 1398 repetitionem
404 1323 460 1382 aut
483 1315 791 1401 confrontationem
815 1319 864 1381 ius
887 1320 1073 1402 competere
1095 1317 1267 1403 expetendi
1291 1325 1327 1382 ut

142 1441 217 1505 novi
244 1445 346 1506 testes
369 1439 571 1507 deducantur
594 1443 627 1506 in
650 1460 741 1506 suam
757 1439 989 1522 defensionem,
1005 1442 1059 1525 qui
1074 1411 1221 1507 adversis
1235 1443 1325 1509 testi·

142 1564 201 1628 bus
237 1564 476 1632 contradicant.
509 1563 734 1634 difficultatem
766 1571 873 1632 antem
906 1567 1036 1653 lacessit
1067 1585 1128 1632 nec
1162 1569 1325 1634 minimam

142 1691 304 1772 quaestio,
325 1709 366 1754 an
390 1689 474 1756 idem
499 1692 546 1756 ius
570 1696 731 1776 competat
746 1693 929 1758 accusatori
945 1711 1002 1756 seu
1019 1694 1194 1776 promotori
1211 1690 1322 1758 fiscali.

145 1815 242 1880 Ratio
275 1819 326 1880 est
355 1817 439 1916 quia,
468 1815 628 1899 publicato
659 1817 758 1880 semel
782 1835 937 1900 processu
967 1817 1173 1901 inquisitiva,
1196 1817 1327 1883 videtur

144 1947 319 2008 accusator
334 1939 364 2005 id
381 1945 504 2006 tantum
521 1941 700 2023 intendere,
716 1947 902 2008 accusatum
918 1961 961 2008 ex
977 1942 1218 2027 probationibus
1239 1964 1325 2010 com-

144 2069 267 2151 paratis
292 2066 569 2133 condemnandum
594 2088 674 2142 essa,
699 2069 758 2134 nisi
783 2089 818 2134 se
846 2075 982 2135 excuset
1008 2070 1098 2135 bisce
1128 2073 1328 2153 argumentis

146 2193 308 2259 refutatis.
334 2193 419 2256 Sane
442 2190 528 2258 banc
552 2193 696 2278 regulam
730 2190 839 2259 firmat
860 2192 929 2258 cod.
955 2195 1008 2260 cit.
1033 2195 1132 2280 Greg.
1155 2199 1217 2258 art.
1242 2195 1325 2260 402:

150 2318 254 2382 «Non
277 2317 328 2380 fas
352 2320 410 2396 est,
429 2315 470 2380 ad
495 2314 560 2380 flsci
586 2317 780 2392 instantiam,
800 2328 857 2382 aut
880 2318 949 2382 eius
971 2316 1189 2388 adhaerentis.
1207 2337 1327 2382 vocare

146 2446 272 2524 testem,
299 2441 353 2526 qui
376 2447 473 2507 antea
496 2461 561 2505 non
586 2441 740 2506 fueritin
764 2460 917 2527 processu
940 2443 1143 2507 examinatus
1167 2463 1196 2506 ».
1222 2442 1327 2528 Supra

148 2588 176 2631 n.
207 2569 248 2633 15
272 2590 333 2633 nos
364 2570 619 2667 anaminavimus
650 2568 735 2634 banc
766 2570 985 2654 quaestionem
1018 2573 1050 2633 et
1072 2568 1211 2633 diximus
1242 2569 1327 2633 banc

149 2695 296 2778 regulam
309 2693 535 2779 prohibitivam
549 2694 738 2775 ordinario,
748 2692 983 2759 observandam
996 2713 1067 2759 esse
1080 2696 1112 2757 in
1125 2694 1196 2757 foro
1209 2694 1324 2759 eccles.

148 2818 201 2883 sed
226 2820 358 2885 facilem
382 2820 505 2885 admitti
530 2820 773 2903 acceptionem.

238 2947 346 3012 Porro
371 2946 463 3011 buius
488 2946 622 3029 regulae
646 2946 735 3031 rigor
759 2964 823 3011 non
839 2945 928 3029 viget
943 2945 975 3009 in
991 2964 1060 3009 rem
1080 2948 1234 3018 nostram,
1252 2945 1325 3028 quia

151 3090 216 3135 rem
240 3091 382 3158 pensare
405 3070 557 3137 debemus
580 3070 620 3135 ad
644 3090 789 3135 normam
813 3070 901 3135 iuras
915 3072 1104 3155 naturatum
1120 3076 1154 3135 at
1175 3070 1239 3137 hoc
1261 3091 1325 3137 non

150 3200 236 3264 vetat
246 3198 419 3282 quominus
431 3201 611 3269 accusator,
626 3214 669 3260 ex
682 3196 773 3261 novis
785 3193 944 3261 adiunctis
956 3201 1068 3281 postea
1078 3198 1228 3282 repertis,
1241 3218 1327 3262 nova

151 3316 264 3389 afferat
284 3323 499 3387 accusationis
515 3324 707 3405 argumenta
730 3340 830 3405 usque
846 3320 887 3385 ad
903 3321 1096 3399 sententiam
1118 3320 1323 3387 definitivam.

153 3446 212 3513 Sed
234 3468 337 3534 parce
359 3448 422 3513 boc
445 3449 517 3513 iure
540 3447 692 3514 utendum
716 3454 775 3528 est,
792 3468 866 3513 nam
886 3453 1066 3520 accusator,
1084 3449 1136 3532 qui
1153 3468 1213 3533 per
1228 3450 1328 3534 inqui-

153 3571 297 3637 sitionem
322 3570 493 3657 omnigena
522 3577 715 3657 argumenta
738 3570 796 3637 sibi
821 3592 1012 3657 comparare
1043 3572 1144 3636 valuit
1172 3571 1328 3637 adversus

154 3703 346 3777 accusatum,
370 3697 469 3762 semel
494 3697 674 3761 instaurata
696 3698 913 3770 accusatione,
934 3696 1100 3765 contendit
1114 3697 1199 3776 banc
1215 3697 1329 3763 baberi

156 3820 365 3907 undequaque
389 3822 565 3906 probatam,
590 3823 616 3887 si
640 3827 810 3889 accusatus
836 3822 976 3888 adversa
999 3842 1064 3888 non
1088 3823 1211 3888 refutet
1233 3843 1328 3909 argu·

156 3952 270 4013 menta.
285 3946 446 4013 Redditur
455 3952 562 4013 autem
579 3948 673 4013 nimis
688 3946 818 4013 difficile
834 3950 883 4013 ius
895 3948 1101 4021 defensionis,
1118 3948 1144 4013 si
1159 3952 1330 4033 praeterea

157 4077 322 4139 accusator
345 4071 378 4136 in
401 4071 433 4136 id
457 4070 620 4137 incumbat
643 4040 683 4136 ut
696 4091 781 4135 nova
803 4070 961 4157 producat
983 4076 1177 4157 argumenta
1199 4090 1328 4136 accusa·

156 4193 246 4260 tionis
268 4202 301 4263 et
325 4216 364 4262 ea
393 4194 533 4261 infirmet
564 4215 646 4280 quae
666 4200 847 4262 accusatus
876 4196 1018 4261 deduxit.
1044 4197 1090 4261 Eo
1115 4197 1217 4282 magis
1243 4196 1327 4279 quod

159 4317 186 4381 in
209 4321 427 4387 criminalibus
451 4322 614 4406 potissima
637 4321 783 4406 probatio
807 4326 856 4385 est
879 4342 938 4406 per
960 4326 1074 4396 testes;
1098 4322 1153 4387 sed
1181 4322 1327 4406 quisnam

104 4458 108 4467 ’
160 4444 280 4527 ignorat
303 4467 368 4511 non
392 4445 521 4511 difficile
537 4468 608 4511 esse
624 4447 682 4512 sibi
699 4450 797 4513 testas
812 4466 893 4511 auro
909 4452 965 4512 aut
979 4446 1094 4513 favore
1113 4448 1328 4533 compararet
