3350 5100
291 247 336 313 96
818 272 904 320 runs
926 273 951 319 1.

292 413 364 457 rum
386 392 590 469 detrimento,
614 393 769 488 siquidem
793 401 889 461 natae
911 401 987 462 sunt
1008 396 1161 485 decipere
1182 399 1330 474 incautos
1353 401 1475 486 quibus

291 518 436 604 sortilegi
450 519 597 584 homines
611 525 679 585 tum
695 539 826 586 errores
841 521 1015 608 propinant
1036 528 1070 588 et
1091 543 1205 589 veram
1223 525 1258 590 in
1273 525 1373 591 Deum
1389 526 1470 592 reli·

290 643 418 729 gionem
432 642 638 718 labefactant,
661 648 729 710 tum
751 643 837 710 bona
860 645 1023 713 furantur.
1041 682 1059 696 ·
1077 640 1151 714 Hac
1169 649 1307 731 ratione,
1324 668 1472 717 canones

289 773 457 850 vetarunt,
481 770 657 834 electiones
679 767 751 834 fieri
769 789 837 854 per
859 775 967 838 sortes
973 790 988 854 ,·
1010 790 1149 856 nemque
1170 792 1289 839 caecae
1315 774 1471 845 fortunae

289 892 483 959 remittenda
498 913 561 958 nou
576 900 626 958 est
640 893 862 979 praelatorum
881 899 914 960 et
932 895 1195 962 administrorum
1209 897 1378 964 Ecclesiae
1401 901 1471 966 ele-

289 1017 362 1091 ctio,
378 1036 449 1103 arg.
461 1037 536 1101 cap.
549 1017 598 1083 42
608 1017 650 1094 X,
666 1017 717 1084 De
728 1019 818 1085 elect.
836 1018 899 1084 Sed
914 1038 980 1084 non
995 1017 1208 1104 prohibentur
1223 1027 1331 1090 sortes
1345 1024 1467 1093 dinuo-

287 1143 362 1210 riae
383 1149 420 1208 ut
441 1149 518 1229 puta
540 1144 573 1208 in
596 1142 797 1229 assignandis
820 1143 1019 1229 portionibus
1042 1145 1260 1213 hereditariis.
1286 1183 1304 1196 -
1335 1149 1470 1219 Usurac

286 1287 490 1352 veronaque
520 1267 690 1334 damnatae
719 1266 853 1336 inerunt
875 1267 915 1333 ab
938 1268 1104 1344 Ecclesia,
1128 1272 1246 1357 quippe
1275 1292 1359 1357 quae
1388 1281 1468 1340 sunt

287 1399 434 1459 extrema
456 1395 551 1458 ruina
572 1390 801 1458 miserabilium
825 1412 1054 1478 personarum,
1081 1413 1218 1480 quarum
1239 1397 1391 1464 Ecclesia
1412 1407 1465 1467 est

284 1520 388 1584 tutrix
407 1517 661 1604 vigilantissima.
681 1516 804 1582 Verum
830 1518 893 1584 hoc
915 1525 964 1584 est
987 1519 1211 1605 gravissimum
1234 1528 1463 1608 argumentum

285 1643 324 1708 de
348 1663 410 1727 quo
433 1641 552 1727 aliquid
574 1641 744 1727 specialius
766 1642 934 1728 explicare
956 1648 1096 1728 oportet

373 1767 516 1849 Denique
547 1763 762 1838 advertimus,
794 1785 1016 1850 quaecumque
1046 1768 1184 1834 crimina
1218 1769 1360 1854 aliquam
1389 1773 1461 1838 ani·

283 1893 539 1958 madversionem
563 1896 595 1957 et
618 1911 789 1957 censuram
811 1892 877 1976 pati
900 1891 984 1977 apud
1006 1864 1198 1969 Ecclesiam,
1215 1860 1373 1980 quatenns
1397 1901 1461 1964 cri-

283 2019 396 2083 minosi
420 2013 500 2082 flunt
521 2016 669 2100 infames
691 2015 744 2080 vel
766 2015 899 2082 infamia
922 2015 999 2082 facti
1022 2017 1075 2084 vel
1098 2017 1231 2084 infamia
1253 2019 1351 2086 iuris:
1371 2020 1463 2103 infa-

283 2141 392 2207 mibus
413 2146 527 2208 autem
552 2145 675 2224 portae
697 2159 768 2208 uon
792 2146 934 2223 pateant
956 2141 1185 2228 dipisitutum5
1208 2163 1279 2230 arg,
1302 2163 1374 2231 rep.
1398 2145 1460 2220 87,

282 2265 427 2332 turicini
450 2265 482 2332 6.
506 2265 554 2330 Cf.
579 2263 653 2330 Vol.
678 2264 739 2339 ΙΙΙ,
764 2284 795 2329 n.
820 2264 897 2331 261.

718 2550 793 2631 65.
819 2547 1016 2615 Densus-is.

279 2762 496 2819 summarium.
515 2792 548 2805 -
567 2765 610 2817 70.
631 2761 739 2817 Usnree
752 2746 837 2815 notio.
851 2788 887 2803 -
899 2762 942 2815 71.
962 2761 992 2814 ln
1011 2778 1066 2832 quo
1084 2760 1220 2815 consistat
1234 2778 1378 2815 usurarum
1397 2780 1461 2817 ma-

368 2870 439 2935 litia,
457 2885 543 2940 qnare
561 2870 596 2921 ab
616 2867 742 2923 Ecclesia
756 2884 842 2938 usquo
854 2869 968 2922 luerunt
985 2871 1015 2921 et
1027 2871 1092 2919 sunt
1104 2865 1260 2921 damnatae.
1273 2896 1309 2909 -
1320 2868 1364 2921 72.
1383 2868 1460 2929 Quo-

366 2976 448 3030 modo
466 2976 526 3029 iure
545 2974 605 3043 ipso
631 2972 750 3027 naturali
777 2973 925 3027 damnatae
950 2973 1007 3026 sint
1026 2987 1135 3027 usurae.
1152 3000 1189 3013 -
1206 2972 1252 3027 73.
1273 2973 1378 3029 Tamen
1397 2990 1456 3029 non

265 3104 269 3111 ·
367 3100 402 3137 ex
423 3081 508 3136 tilulo
531 3080 621 3135 mutui
646 3082 794 3135 intrinseco
819 3079 867 3135 sed
892 3096 926 3134 ex
949 3080 1031 3134 titulo
1059 3082 1216 3134 extrinseco
1242 3096 1342 3134 usurae
1363 3082 1456 3149 repeti

365 3189 470 3256 valent,
482 3190 553 3244 inito
571 3194 676 3243 mutuo.
694 3217 730 3231 -
747 3188 791 3241 74.
811 3184 850 3242 De
869 3187 955 3242 titulo
974 3188 1070 3258 leuati.
1083 3216 1119 3229 -
1130 3188 1174 3241 75.
1191 3186 1298 3242 Usurss
1316 3189 1459 3258 quomodo

365 3300 426 3353 iure
445 3312 511 3351 rom.
531 3296 660 3365 stipulari
679 3298 720 3349 sss
739 3300 806 3351 emt.
820 3322 856 3337 -
868 3295 913 3349 76.
932 3294 1078 3349 Sententia
1090 3293 1273 3361 D'llnnibale,
1285 3294 1456 3364 expenditur

366 3410 396 3459 et
413 3403 565 3475 probabilis
583 3418 637 3456 non
656 3402 773 3456 videtur.
787 3429 821 3444 -
834 3401 877 3454 77.
898 3400 937 3455 De
956 3401 1053 3471 poenis
1071 3400 1101 3453 in
1119 3399 1270 3455 usurarios.

364 3641 417 3705 70.
442 3639 488 3704 lle
512 3640 618 3704 usuris
639 3638 714 3703 heic
736 3638 860 3723 agimus
882 3643 918 3701 ut
940 3635 1138 3721 explicemus
1161 3636 1286 3701 crimen
1308 3634 1392 3719 qnod
1416 3636 1451 3705 in

274 3766 441 3852 exigendis
465 3766 571 3830 usuris
592 3763 763 3848 aliquando
779 3768 937 3847 patratur.
954 3761 1046 3829 Unde
1067 3762 1102 3825 in
1124 3763 1333 3847 propositum,
1349 3780 1450 3827 usura

274 3898 337 3957 est:
360 3890 529 3977 quidquid
551 3889 591 3958 ob
613 3908 688 3956 rem
709 3894 826 3955 mutuo
850 3888 968 3954 61161111
989 3888 1227 3970 eupostulatur
1249 3906 1270 3952 u
1300 3885 1453 3953 dabitore

272 4018 365 4083 ultra
386 4022 520 4084 sortem.
546 4051 564 4095 .·
589 4016 627 4079 In
651 4035 713 4100 quo
737 4015 890 4080 consistet
912 4013 1034 4079 malitia
1050 4031 1222 4078 usurarum
1237 4010 1332 4078 modo
1355 4010 1448 4097 dispi-

273 4140 421 4209 ciendum
445 4147 501 4209 est.

361 4267 415 4333 71.
440 4268 524 4333 Sane
543 4266 692 4333 Ecclesia
714 4268 776 4331 iam
802 4285 822 4329 a
845 4285 902 4330 suo
924 4264 1014 4329 initio
1034 4264 1188 4330 insectata
1211 4266 1262 4328 est
1284 4261 1448 4327 acerrime

273 4409 394 4464 usuras,
410 4392 517 4475 prouti
540 4388 657 4455 docent
680 4390 858 4456 sententiae
881 4387 934 4455 SS.
953 4387 1097 4461 Petrum,
1118 4392 1151 4452 et
1172 4386 1243 4468 hes,
1257 4384 1449 4461 ,rationibus
