3350 5100
299 271 370 364 190
410 333 415 342 ·
647 287 650 292 ’
809 313 894 361 rens
922 313 973 359 111.

300 461 363 507 uon
388 446 499 505 secuta
522 438 733 505 matrimonii
756 437 1048 504 consummatione
1071 429 1479 520 speciatamprobationem

300 564 456 630 exhibent
471 565 566 649 periti
582 563 721 649 physici.
737 598 754 610 -
770 561 801 627 S.
815 561 935 646 Gongr.
953 561 1050 626 Cone.
1069 561 1102 624 in
1116 559 1215 625 citata
1232 559 1329 624 lustr.
1343 556 1481 622 dilucide

299 689 444 775 explicet
466 705 655 772 processum
675 686 832 768 peritiae,
849 703 931 769 quae
954 686 1111 750 successit
1130 683 1365 766 cooperimento
1382 681 1480 747 trien·

299 815 373 880 noti
395 812 577 878 adhibendo
601 831 644 878 ex
668 814 740 877 iure
763 818 886 882 vetere,
911 811 1108 896 potissimum
1132 809 1172 874 ad
1196 806 1396 894 probandam
1416 808 1479 872 viri

299 941 520 1024 impotentiam
542 939 724 1004 relatiuam
740 941 795 1000 aut
811 936 957 1001 mulieris
973 935 1194 1022 impotentiam
1210 933 1400 1001 absolutam
1423 939 1479 998 aut

299 1048 480 1131 relativam
496 1062 552 1149 (l).
570 1062 800 1127 Probationem
816 1081 876 1147 per
897 1045 1154 1146 experimentum
1180 1060 1346 1126 triennale
1371 1057 1479 1124 redde·

302 1185 377 1250 bant
395 1187 536 1269 plenam
560 1191 660 1251 testes
680 1184 845 1268 septimae
867 1203 992 1250 manns
1016 1189 1048 1248 et
1070 1193 1251 1250 matronae
1270 1182 1479 1268 explorantes

300 1329 419 1395 corpus
430 1311 584 1375 mulieris.
599 1311 735 1393 lnquam
745 1309 834 1373 -viri
848 1309 1066 1392 impotentiam
1078 1308 1259 1372 relativam
1269 1341 1286 1356 ··
1297 1308 1371 1390 quia
1383 1308 1480 1390 impo-

299 1437 433 1500 tentiam
450 1423 512 1500 xiri
528 1434 718 1502 absolutam
735 1433 850 1499 medici
867 1433 1083 1518 explorabant
1095 1438 1127 1496 et
1142 1432 1341 1504 asserebant,
1359 1438 1395 1496 ut
1408 1432 1478 1515 plu·

301 1563 428 1629 rimam.
445 1563 542 1626 etiam
558 1563 692 1645 praeter
715 1559 975 1643 experimentum
992 1557 1140 1624 triennii.
1158 1555 1279 1624 Eadem
1297 1557 1329 1622 S.
1346 1557 1380 1622 0.
1397 1557 1478 1621 Con-

210 1701 218 1713 ·
300 1687 364 1751 citii
390 1687 421 1750 in
452 1705 543 1750 more
572 1684 685 1750 habuit
714 1684 798 1749 istud
828 1683 985 1750 adhibere
1016 1684 1274 1768 experimentum
1305 1687 1339 1747 et
1368 1683 1479 1748 ultimo

300 1810 485 1875 adhibuisse
507 1808 637 1873 videtur
652 1803 692 1871 ¹in
716 1827 782 1872 une
804 1806 1011 1874 Feralioien.
1035 1806 1087 1871 20
1111 1806 1200 1889 Sept.
1226 1805 1330 1871 1817.-
1345 1805 1387 1870 cl.
1411 1805 1478 1872 Ga-

207 1973 210 1981 ·
300 1935 416 2018 spani
438 1953 472 1998 n.
497 1933 593 1998 1197.

391 2059 463 2124 464.
490 2058 613 2124 Deinde
634 2057 676 2122 ab
699 2059 774 2123 aula
797 2058 933 2122 recessit
960 2057 1021 2122 hoc
1051 2061 1308 2141 experimentum
1335 2064 1367 2122 et
1390 2057 1479 2122 loeus

299 2184 405 2250 tactus
429 2189 478 2249 est
501 2185 613 2268 peritis
640 2183 790 2269 physicis
820 2184 872 2266 qui
905 2201 1022 2267 corpus
1053 2185 1224 2268 coniugum
1256 2182 1478 2267 explorarent.

302 2312 398 2376 lustr.
422 2311 454 2376 S.
473 2310 558 2377 (1.0.
580 2309 679 2375 tradit
702 2310 863 2394 oppositas
887 2329 1026 2374 normas.
1051 2309 1184 2376 Statuit:
1212 2307 1394 2394 l)'corpori
1417 2309 1477 2372 viri

300 2432 514 2498 examinando
537 2434 689 2517 painpne
706 2433 847 2515 peritos,
871 2439 939 2499 tres
961 2433 1109 2498 medicos
1133 2439 1164 2498 et
1186 2433 1272 2498 daos
1300 2431 1479 2517 cbirnrpos

299 2556 466 2641 (intereos
479 2578 594 2644 nempe
604 2558 750 2644 partibus
763 2560 894 2623 minime
906 2566 1072 2643 suspectos
1084 2564 1115 2622 et
1130 2559 1287 2642 religione
1300 2562 1333 2622 et
1343 2559 1479 2623 scientia

388 2735 426 2804 (l)
446 2734 621 2789 Caelestinus
640 2734 676 2788 ΙΙΙ
695 2735 724 2788 in
743 2752 803 2805 cap.
824 2737 846 2788 5
866 2734 907 2789 De
926 2734 995 2806 srip-
1016 2735 1046 2791 el
1060 2734 1158 2805 males.
1178 2734 1293 2787 statuit:
1312 2731 1478 2788 «Nascere

297 2839 326 2892 in
346 2841 486 2909 praesenti
512 2840 717 2895 consultatione
742 2841 879 2895 sentimus
898 2844 930 2894 ut
948 2856 964 2894 a
983 2845 1109 2909 tempore
1134 2840 1269 2895 celebrati
1291 2840 1430 2909 coniugii,
1455 2840 1479 2892 si

298 2946 441 3013 fripiditas
461 2946 547 3016 prius
566 2947 685 3015 probari
703 2962 758 2999 non
785 2946 886 3014 possit,
913 2944 1075 2999 cohabitent
1098 2962 1152 3014 per
1176 2946 1328 2999 trienninm
1342 2959 1367 3000 ».
1387 2943 1486 3013 Ipsum-

297 3052 450 3105 triennium
462 3050 648 3120 experimenti
668 3050 808 3105 inutiliter
820 3050 958 3124 dilapsum
972 3067 1032 3106 esse
1046 3051 1217 3120 probabatur
1230 3067 1279 3120 per
1291 3051 1477 3105 iuramentum

297 3155 448 3225 coniugum
466 3150 505 3211 et⁴
514 3159 601 3211 testes
618 3157 753 3225 septimae
771 3172 881 3223 manae,
894 3156 935 3209 uti
949 3155 1030 3210 docet
1042 3155 1115 3210 idem
1128 3160 1220 3225 caput.
1232 3185 1245 3197 ·
1258 3158 1350 3209 Antea
1362 3158 1397 3210 ob
1411 3154 1478 3209 diffi-

296 3261 431 3317 cultatem
450 3261 609 3331 probandae
627 3262 820 3330 impotentiae,
841 3262 1014 3331 potissimum
1032 3263 1172 3326 molieris,
1192 3261 1419 3331 respondebatur,
1437 3262 1477 3315 nti

298 3367 327 3420 in
346 3384 407 3437 cap.
428 3368 448 3420 4
466 3369 492 3421 h.
512 3376 529 3421 t.
549 3371 667 3437 atquae
685 3378 827 3438 tamquam
845 3385 951 3422 amores
969 3370 1073 3423 babere
1095 3385 1152 3423 non
1167 3381 1294 3439 poseant,
1309 3369 1429 3423 babeant
1447 3379 1478 3422 at

296 3489 416 3529 sorores.
430 3473 503 3527 Sane
514 3474 682 3543 impotentia
693 3475 722 3528 in
736 3474 855 3528 muliere
868 3474 977 3529 videtur
988 3478 1080 3545 primo
1094 3476 1306 3529 commemorari
1319 3476 1346 3528 in
1365 3489 1479 3543 respon-

296 3580 374 3634 sione
388 3578 517 3648 Gregorii
531 3578 553 3633 11
566 3581 604 3649 (a.
620 3579 707 3651 726),
720 3597 780 3634 can.
795 3580 841 3646 18,
854 3596 928 3635 caue.
942 3582 992 3645 32,
1005 3598 1030 3651 q.
1044 3582 1083 3647 7.‚·
1098 3580 1131 3633 de
1144 3581 1304 3651 impotentia
1316 3580 1478 3634 distinctae

297 3686 445 3742 sterilitate
459 3688 493 3741 cf.
508 3705 529 3741 c.
544 3704 565 3741 a.
579 3687 625 3753 18,
639 3704 714 3741 cons.
727 3688 775 3753 32,
788 3704 813 3757 q.
828 3689 861 3755 55
874 3688 927 3755 27,
941 3706 963 3742 c.
976 3689 1026 3754 33,
1039 3704 1063 3759 q.
1083 3689 1109 3742 7.
1123 3689 1273 3742 Prooessus
1286 3694 1380 3743 autern
1392 3689 1477 3743 trien·

297 3795 372 3848 natis
391 3794 575 3862 experimenti
594 3793 758 3863 desumptus
779 3794 836 3848 tuit
854 3811 871 3847 a
889 3794 951 3850 iure
970 3794 1140 3850 Iustinianeo
1165 3794 1211 3866 qui
1238 3795 1392 3864 Imperator
1416 3794 1477 3849 No·

297 3901 365 3955 vell.
383 3902 434 3965 22,
452 3918 512 3972 cap.
530 3888 672 3956 dbiennio
691 3902 846 3956 triennium
864 3902 1019 3957 substituit.
1039 3902 1190 3957 Praeterea
1204 3902 1232 3955 in
1245 3902 1398 3957 subsidium
1416 3918 1477 3971 pro-

296 4008 419 4062 bationis
437 4006 581 4063 adhibitae
599 4009 710 4062 fuerunt
734 4019 890 4075 matronae,
913 4024 972 4077 arg.
992 4026 1050 4079 cap.
1073 4009 1092 4061 6
1110 4010 1136 4063 b.
1156 4020 1184 4073 t,
1203 4024 1274 4079 qnae
1297 4008 1477 4079 explorarent

296 4130 396 4182 corpus
408 4114 542 4168 mulieris.
555 4113 710 4169 -Ceterum
729 4113 811 4169 hodie
830 4115 915 4169 etiam
937 4114 990 4168 DD.
1005 4114 1150 4169 admodum
1167 4114 1334 4169 adlaborant
1347 4115 1375 4168 in
1388 4114 1476 4185 expli·

297 4212 385 4274 cauda
404 4224 506 4274 natura
526 4222 703 4291 impotentiae
722 4223 752 4274 in
769 4222 899 4276 muliere.
919 4220 960 4275 01.
980 4218 1124 4275 Eschbach
1140 4250 1152 4261 -
1171 4222 1247 4292 Disp.
1265 4223 1345 4293 phys.
1366 4222 1428 4275 edit.
1447 4222 1476 4283 2,

294 4344 360 4397 pap.
380 4328 436 4380 151
453 4343 509 4397 seq.
529 4333 558 4382 et
576 4326 637 4381 Sec.
658 4328 755 4397 loseph
774 4327 932 4384 Antonelli.
949 4358 962 4371 ·
983 4330 1024 4383 De
1043 4338 1176 4399 concepta
1196 4330 1289 4400 impet.
1310 4333 1339 4384 et
1360 4329 1473 4383 ster-itit.

298 4434 412 4499 Romae,
431 4432 538 4489 Pastet.
560 4433 628 4487 1900
647 4438 676 4488 et
695 4434 728 4488 de
747 4435 844 4490 eadem
864 4452 895 4489 re
914 4436 1189 4501 Animadversiones,
1208 4452 1234 4489 a.
1256 4435 1332 4491 1901.
