3350 5100
315 248 382 317 604
761 268 970 318 minearum
991 268 1040 317 av.

314 388 426 461 qnidam
444 390 520 444 omni
537 389 631 445 studio
642 394 728 461 atque
739 390 897 460 diligentia,
910 396 944 446 nt
955 392 1079 446 rationes
1090 392 1163 446 istae
1173 390 1355 461 colligantur,
1365 390 1414 445 aad
1424 386 1494 445 indi·

315 495 390 551 dnm
408 500 506 551 contra
524 496 732 551 matrimonium
752 514 903 569 numquam
915 498 971 553 erit
983 498 1231 568 pronunciandum,
1244 498 1298 552 nisi
1310 514 1406 551 aarum
1418 512 1496 550 com·

316 602 410 673 plexio
426 619 509 659 omne
528 602 648 673 prudens
665 603 780 659 dubium
799 604 834 660 de
852 606 1005 660 existentia
1023 604 1215 676 impedimenti
1233 604 1376 661 excludat.

764 873 976 929 auricomis
997 873 1044 928 lv.

688 1052 723 1090 Μ
743 1050 946 1091 muniunto
964 1052 1123 1092 creaturis

404 1253 422 1313 5
440 1250 485 1303 41.
503 1248 654 1303 Vinculum
681 1248 873 1319 praecedentia
889 1252 1072 1316 matrimonii,
1089 1251 1162 1322 quod
1181 1252 1215 1305 ad
1237 1252 1376 1321 posterius
1393 1264 1499 1304 wunn-

316 1358 392 1411 binm
416 1356 634 1427 impugnandum
657 1358 812 1423 adducitur,
832 1358 1013 1426 repetendum
1031 1360 1168 1413 aasedtnr
1190 1360 1236 1414 rel
1255 1375 1291 1413 ex
1308 1356 1500 1420 matrimonio,

314 1464 455 1520 catholico
472 1466 554 1519 modo
569 1483 586 1519 a
602 1464 749 1519 catholicis
767 1465 926 1529 celebrat03
943 1464 989 1519 vel
1007 1482 1043 1521 ex
1060 1467 1201 1521 connubio
1222 1468 1258 1521 ab
1279 1465 1430 1521 haereticis
1446 1468 1500 1517 ant
1561 1515 1565 1519 i
1652 1525 1653 1530 ἵ

315 1571 395 1625 iuxta
412 1571 584 1626 diversarum
603 1576 742 1625 sectarum
768 1570 900 1624 instituta
923 1577 1078 1636 contracto,
1097 1576 1126 1625 et
1145 1575 1242 1640 postea
1260 1568 1499 1639 percontantium

315 1676 416 1731 talium
435 1677 618 1732 tribunalium
637 1678 789 1743 dissolut03
808 1678 854 1733 vel
866 1696 902 1733 ex
920 1683 1067 1732 contractu
1086 1678 1161 1732 inter
1178 1677 1313 1743 infideles,
1332 1676 1380 1748 qui
1400 1680 1500 1745 postea

316 1785 457 1849 rescissus,
470 1790 520 1839 aut
538 1783 633 1839 nullus
650 1784 737 1839 inerit
754 1783 923 1838 declaratus.
943 1780 1121 1837 Diversorum
1139 1784 1257 1837 istorum
1276 1798 1391 1835 manum
1410 1778 1501 1849 peni·

315 1890 419 1953 bilitas,
439 1896 489 1945 ant
507 1892 593 1946 etiam
611 1888 770 1961 frequentia
795 1892 944 1945 manifesta
962 1896 1096 1957 osteum
1114 1890 1144 1944 in
1163 1890 1325 1959 regionibns
1348 1886 1499 1941 Americae

314 1998 447 2052 catholici
466 2000 610 2054 commixti
629 2000 724 2055 vivere
742 2005 880 2069 cogantur
902 2016 965 2053 cum
991 1999 1150 2065 haereticis,
1168 2004 1198 2053 et
1215 1997 1383 2052 infidelibus
1406 1994 1501 2055 Quae·

314 2103 377 2156 dam
397 2119 447 2172 pro
465 2104 583 2173 siugulis
602 2104 712 2159 casibus
731 2104 889 2159 adnotanda
907 2108 982 2170 aunt,
1000 2104 1067 2174 quia
1086 2103 1203 2158 <liversis
1221 2104 1334 2172 legibus
1351 2105 1499 2170 reguntur.

405 2214 422 2274 ἕ
442 2212 485 2263 42.
505 2210 548 2263 nd
568 2212 686 2280 primum
705 2228 799 2279 casum
818 2210 892 2282 quod
910 2210 1022 2277 attinet,
1040 2210 1168 2264 doctrina
1185 2208 1327 2264 catholica
1338 2214 1381 2261 est
1399 2208 1501 2260 matri-

315 2316 440 2371 monium
459 2317 662 2387 baptizatorum
682 2317 736 2372 rite
754 2317 927 2372 celebratum
946 2322 976 2371 et
994 2321 1217 2370 consummatum
1242 2315 1327 2386 alitor
1350 2314 1420 2368 solvi
1439 2330 1500 2368 non

316 2438 405 2493 posse,
424 2424 477 2477 nisi
497 2440 545 2493 per
564 2429 682 2477 mortem
708 2424 790 2477 unius
814 2424 959 2492 coniugia3
979 2427 1009 2477 et
1027 2422 1090 2477 ideo
1108 2422 1200 2477 locum
1219 2438 1274 2475 non
1293 2439 1354 2477 esse
1372 2420 1499 2475 eiusdem

315 2532 490 2589 dissolutioni
510 2530 693 2588 declarandae
712 2530 741 2584 in
754 2531 867 2595 iudicio,
880 2530 932 2585 nisi
945 2531 980 2585 de
992 2537 1083 2585 morte
1101 2528 1267 2586 alterutrius
1286 2528 1414 2598 coniugis
1430 2544 1501 2583 con-

316 2641 428 2696 stiterit.
457 2639 497 2694 Ut
514 2642 607 2693 antem
628 2639 661 2694 da
681 2637 733 2693 bac
751 2643 881 2692 constare
898 2637 1009 2691 dicatur
1026 2653 1083 2691 non
1103 2635 1206 2691 sufficit
1230 2651 1325 2691 rumor
1348 2640 1398 2690 aut
1420 2637 1500 2690 fama

316 2763 515 2820 quaecumque,
541 2763 631 2818 neque
655 2747 732 2801 solae
756 2747 1009 2815 praesumptiones,
1033 2746 1082 2800 aad
1106 2746 1260 2817 requiritur
1286 2751 1379 2800 certus
1403 2746 1436 2801 de
1462 2763 1500 2801 ea

315 2853 439 2918 nuntius,
458 2859 507 2906 aut
526 2851 626 2906 saltem
644 2868 795 2907 concursus
813 2851 913 2904 talium
933 2851 1080 2919 rationum,
1098 2868 1171 2921 quae
1188 2857 1267 2906 certo
1286 2851 1385 2904 nuntio
1401 2851 1499 2921 aequi·

316 2958 454 3030 pollentes
474 2975 555 3013 omne
574 2958 608 3012 de
627 2957 677 3012 illa
701 2957 815 3010 dubium
840 2957 998 3011 excludant.
1023 2957 1088 3012 Ideo
1106 2959 1135 3011 in
1154 2957 1207 3011 boc
1231 2974 1298 3012 casu
1322 2958 1405 3013 iudex
1428 2961 1499 3012 ante

316 3067 410 3121 omniu
430 3067 543 3135 exigere
567 3065 689 3132 debebit,
708 3070 739 3120 ut
759 3065 859 3135 prioris
883 3065 1055 3120 matrimonii
1080 3067 1276 3120 documentum
1301 3064 1499 3120 authenticum

317 3175 481 3242 proteratur,
500 3179 593 3243 atque,
606 3173 629 3225 ai
643 3172 818 3241 oportuerit,
837 3171 909 3225 alias
928 3172 1106 3240 probationes
1125 3173 1250 3241 colliget,
1267 3189 1341 3243 quae
1360 3171 1499 3242 praedicti

317 3281 417 3351 prioris
436 3280 607 3336 matrimonii
626 3279 805 3335 existentiam
818 3280 1026 3344 demonstreot;
1045 3279 1177 3335 similiter
1189 3280 1318 3351 exquirat
1329 3280 1500 3335 documenta

316 3385 361 3442 vel
376 3387 554 3455 probationes
566 3385 733 3440 desecando
751 3385 932 3438 matrimonio
950 3391 1110 3452 contract03
1127 3401 1199 3455 quae
1217 3385 1312 3438 omnia
1330 3385 1500 3439 documenta

316 3493 400 3548 facile
425 3491 520 3546 baberi
547 3495 679 3561 poterunt
698 3507 732 3545 ex
755 3491 835 3544 libris
859 3491 1100 3545 matrimoniorum
1122 3490 1152 3544 in
1173 3490 1314 3560 parochiis
1337 3491 1497 3547 assumtis.

316 3599 384 3652 Post
397 3598 466 3653 haec
485 3598 623 3667 exigenda
640 3602 723 3652 arunt
735 3614 752 3650 a
764 3597 989 3666 competentibus
1007 3597 1137 3666 parochis
1148 3597 1312 3651 authentica
1329 3598 1499 3654 documenta

316 3704 350 3760 de
364 3711 511 3774 praetensa
528 3708 621 3759 morta
639 3704 756 3791 alteriue
767 3704 904 3774 coniugia,
916 3708 946 3758 et
956 3703 987 3758 in
998 3703 1110 3758 defectu
1125 3708 1258 3773 poterunt
1275 3704 1373 3759 eadem
1391 3690 1497 3774 requiri

317 3817 351 3870 ab
371 3813 541 3869 auctoritate
560 3811 645 3878 civili,
664 3811 688 3866 ei
707 3828 758 3866 auo
776 3813 863 3866 libros
884 3811 1024 3877 habuerit,
1041 3812 1072 3866 in
1089 3802 1192 3883 quibua
1214 3811 1392 3866 adnotentur.
1417 3811 1498 3872 Quae

316 3921 470 3991 comparari
485 3920 627 3974 debebunt
639 3935 702 3973 cum
715 3919 882 3974 documento
893 3917 1045 3972 secundum
1061 3918 1270 3973 matrimonium
1288 3918 1497 3988 comprobante,

317 4031 347 4081 ut
361 4029 555 4095 cognoscatur,
569 4030 662 4078 utrum
681 4023 832 4078 seeundum
846 4022 899 4076 hoc
912 4022 1120 4077 matrimonium
1133 4027 1308 4078 contractum
1322 4023 1497 4091 maritante,

317 4132 362 4188 vel
375 4137 437 4202 post
449 4131 550 4201 prioris
567 4131 695 4200 coniugis
713 4134 848 4194 mortem3
866 4134 952 4200 atque
964 4129 1006 4183 ita
1018 4120 1156 4185 iudicetur
1167 4134 1261 4184 utrum
1273 4130 1424 4185 secundum
1437 4147 1497 4185 ma·

318 4239 478 4294 trimonlum
497 4239 629 4305 validum,
647 4255 683 4291 an
703 4237 809 4290 nullum
828 4236 924 4292 fuerit.

405 4343 485 4409 543.
504 4343 620 4405 Quando
638 4343 672 4396 ad
691 4347 810 4396 mortem
833 4341 934 4411 prioris
958 4342 1086 4412 coniugis
1109 4341 1281 4412 probandam
1305 4347 1417 4412 praesto
1439 4357 1496 4397 non

1118 4599 1127 4629 t
