3350 5100
331 275 398 342 320
845 292 928 340 ress
961 294 996 339 ιι.

331 440 403 485 esse
425 420 642 489 defensorem,
659 420 767 486 etiam,
784 421 852 503 ipso
869 418 1121 489 contradicente,
1138 418 1190 483 vel
1208 415 1379 503 profitente
1396 438 1431 481 se
1446 416 1507 481 ido·

333 564 428 610 neum
460 563 532 609 esse
556 543 768 628 undequaque
793 546 828 606 in
860 546 907 608 sui
940 542 1171 609 defensionem.
1205 543 1331 607 Etenim
1364 544 1508 627 pauperi,

332 672 484 754 expensis
514 671 635 737 curiae,
667 668 870 753 deputandus
901 674 950 733 est
980 667 1165 739 advocatus,
1190 666 1280 733 diviti
1308 666 1430 731 homini
1458 666 1510 730 vel

332 795 525 879 peritissimo
548 796 581 858 in
605 795 678 857 iure
693 812 796 876 aeque
812 798 955 877 praestat
970 792 1159 857 advocatum
1177 794 1384 861 constituere,
1401 796 1508 857 tamon

333 921 364 981 in
381 919 451 982 eius
466 936 635 1002 expensas.
649 915 827 1002 Pellegrini
846 918 865 981 l.
883 936 909 983 c.
927 937 953 981 s.
971 917 1012 988 X,
1028 937 1062 981 a.
1076 916 1133 981 87.
1151 916 1260 981 Incit.
1274 917 1356 981 last.
1370 920 1435 980 art.
1449 914 1508 985 32.

332 1046 483 1109 statuitur
498 1064 516 1104 ‹
530 1042 702 1113 Quatenus
715 1048 922 1124 praeventas
933 1042 1135 1108 constituere
1146 1040 1361 1123 deserueram
1376 1045 1509 1106 renuat.

332 1168 532 1233 ordinarius
547 1168 692 1235 consulit
705 1167 856 1250 aliquem
868 1166 1099 1232 constituendo
1115 1184 1161 1231 em
1176 1165 1284 1249 officio
1298 1186 1328 1229 a.
1342 1166 1427 1231 Sane
1443 1166 1511 1230 nul·

331 1292 388 1355 libi
404 1294 437 1355 in
452 1294 525 1356 iure
540 1292 700 1367 communi
718 1290 951 1375 praescribitur
967 1292 1151 1355 constitutio
1167 1289 1315 1355 advocati
1332 1292 1375 1355 uti
1397 1310 1510 1355 neces·

332 1418 419 1479 saria
430 1415 470 1479 ad
482 1415 692 1481 substantiam
705 1416 823 1495 iudicii,
836 1422 869 1479 et
882 1414 955 1479 inde
968 1435 1032 1479 non
1045 1413 1186 1479 dicerem
1200 1414 1349 1483 nullitate
1360 1414 1512 1480 laborare

333 1549 517 1625 processum
535 1541 733 1605 criminalem
751 1543 784 1603 in
797 1560 859 1623 quo
872 1559 958 1613 reus,
971 1539 1212 1617 condemnatus,
1226 1540 1275 1603 sui
1291 1538 1510 1603 detonsionem

334 1685 392 1749 per
406 1683 442 1730 se
458 1667 559 1749 ipsum
577 1666 762 1750 plenissime
774 1666 923 1730 exercuit
937 1670 1034 1747 atque
1049 1665 1156 1727 omnia
1172 1666 1327 1749 expertus
1341 1671 1391 1728 est
1405 1663 1511 1729 medie

332 1790 564 1856 defensionum.
582 1810 654 1853 cum
671 1790 768 1873 plena
787 1790 874 1853 iuris
898 1794 931 1854 et
952 1788 1036 1871 facti
1058 1790 1188 1862 notitia;
1213 1788 1420 1853 nihilominus
1435 1790 1512 1872 quia

332 1919 466 1999 quisque
489 1918 527 1979 ia
549 1936 589 1981 re
610 1935 675 1981 sim
697 1935 768 1982 noa
782 1920 831 1980 est
845 1934 955 1999 neque
969 1916 1077 1979 iudea
1091 1916 1315 1999 aeccclesiis,
1334 1916 1379 1978 ita
1397 1914 1511 1979 melius

333 2040 487 2124 prospicit
509 2038 687 2103 defensioni
711 2040 897 2113 mimmius,
920 2041 1108 2123 ceteroquin
1134 2038 1267 2103 idoneus
1290 2046 1322 2103 et
1345 2038 1508 2105 honestus,

332 2182 426 2245 quam
459 2164 526 2247 ipse
555 2184 629 2227 reus
652 2163 704 2228 rel
732 2164 805 2227 iure
828 2163 1050 2247 peritissimus
1076 2164 1187 2245 ltaque
1211 2182 1231 2225 a
1255 2163 1511 2247 praescriptione
1604 2206 1609 2215 ·

332 2288 384 2351 cit.
409 2294 474 2352 art.
491 2285 533 2352 31
555 2286 731 2352 nullimode
746 2284 980 2352 deflectendum
998 2292 1056 2365 est,
1073 2288 1219 2370 quamvis
1234 2286 1380 2352 absolute
1400 2286 1510 2350 forsan

333 2429 395 2472 non
421 2412 462 2473 sit
483 2410 523 2473 ad
547 2409 757 2474 validitatem
776 2428 969 2491 processus

422 2532 497 2597 249.
523 2531 678 2617 Equidem
707 2530 791 2614 facti
822 2532 1042 2614 quaestionem
1070 2539 1222 2597 censetur
1254 2532 1367 2598 melius
1391 2552 1510 2617 cogno·

332 2678 427 2724 scere
450 2677 536 2732 reus,
553 2665 587 2725 at
610 2659 677 2742 ipse
700 2659 752 2722 vel
776 2657 889 2723 dolore
905 2677 1036 2742 pressus
1059 2663 1116 2722 aut
1138 2657 1365 2742 desperatione
1381 2657 1421 2722 ob
1438 2677 1511 2721 con·

333 2782 499 2844 scientiam
524 2779 657 2844 sceleris
673 2783 724 2844 rel
746 2780 885 2844 iniustae
904 2780 1119 2844 accusationis
1142 2781 1193 2843 ira
1215 2761 1380 2848 accensus.
1397 2785 1511 2864 pacato

333 2909 440 2970 animo
463 2904 646 2971 deliberare
670 2907 774 2972 nescit
796 2905 955 2988 quomodo
982 2904 1042 2970 sibi
1069 2905 1225 2976 consulat,
1250 2907 1319 2970 sive
1342 2925 1383 2970 ne
1407 2924 1512 2990 poena

334 3032 467 3114 gravior
497 3031 669 3110 inferatur,
693 3032 761 3096 sive
789 3037 824 3095 ut
854 3030 923 3095 eius
954 3031 1140 3096 innocentia
1161 3029 1360 3096 ostendatur.
1389 3031 1510 3094 Verum

334 3174 435 3239 opera
456 3155 636 3220 defensoris
659 3158 800 3240 peiorem
826 3155 979 3220 redderet
1001 3158 1141 3221 accusati
1163 3155 1388 3227 conditionem,
1406 3157 1430 3221 si
1455 3175 1511 3221 reo

335 3300 399 3342 non
423 3279 627 3362 relinquatur
649 3281 744 3364 plena
767 3280 901 3346 libertas
916 3280 1100 3363 alloquendi
1124 3301 1215 3346 suum
1235 3280 1434 3352 advocatum,
1460 3280 1511 3346 vel

334 3407 359 3468 si
384 3405 500 3468 horum
528 3405 732 3471 familiaritas
762 3411 794 3469 et
825 3409 1030 3471 conversatio
1060 3406 1236 3471 haberetur
1260 3407 1349 3490 quasi
1373 3407 1512 3491 suspicio

334 3535 390 3592 aut
404 3528 565 3593 confessio
582 3529 736 3612 implicita
751 3529 905 3594 criminis.
921 3530 1074 3595 Profecto
1088 3531 1183 3615 plena
1195 3532 1392 3596 concedatur
1404 3530 1512 3596 defen·

334 3654 432 3716 sionis
454 3652 598 3732 libertas,
613 3653 693 3717 adeo
710 3660 744 3718 ui
765 3657 792 3719 si
815 3654 1013 3720 defensionis
1027 3662 1220 3740 argumenta
1236 3656 1399 3734 vacillent,
1416 3656 1513 3720 liceat

335 3774 428 3838 iudici
446 3774 579 3844 inferre,
597 3776 680 3840 baec
695 3775 821 3858 quidem
837 3797 902 3841 non
919 3777 1018 3842 fuisse
1035 3777 1201 3849 validiora,
1214 3779 1290 3860 quia
1301 3779 1395 3842 nimis
1407 3777 1512 3844 elucet

335 3897 455 3960 veritas
477 3898 700 3961 accusationis.

378 4112 386 4125 Ι
423 4019 499 4085 250.
525 4023 598 4105 lpse
628 4021 806 4106 Pellegrini
837 4025 859 4087 l.
885 4023 937 4088 cit.
969 4029 1044 4088 sect.
1069 4023 1110 4097 X,
1134 4043 1169 4087 n.
1194 4023 1251 4092 73.
1276 4023 1371 4088 docet
1400 4023 1513 4088 defen-.

336 4147 458 4209 sionem
491 4165 622 4210 reorum
652 4146 769 4210 nedum
802 4146 1029 4229 favorabilem
1060 4147 1115 4213 sed
1143 4148 1398 4234 privilepiolom
1430 4166 1511 4213 esse.

337 4269 514 4334 Guazzinus
530 4271 586 4335 Ad
605 4269 782 4351 defensam
796 4290 948 4348 reomm,
964 4273 1030 4338 late
1053 4273 1195 4356 explicet
1210 4273 1365 4339 eiusmodi
1381 4273 1514 4338 favores

336 4399 368 4454 et
391 4393 569 4477 privilegia.
590 4427 607 4440 -
625 4393 675 4457 Ad
691 4414 762 4458 rem
777 4396 867 4459 iuvet
882 4397 998 4461 iterum
1014 4397 1163 4462 recolere
1179 4415 1302 4462 morem
1325 4395 1513 4483 indulgendi
