3350 5100
493 324 536 370 DE
562 324 699 372 tumens
724 323 967 373 otrutasttuus

638 642 753 713 011111
777 646 820 709 11.

543 820 590 874 DE
610 818 912 876 PROBATIONIBUS.

143 1012 358 1072 Samarium.
382 1044 418 1057 -
444 1017 505 1070 205.
531 1016 570 1071 De
597 998 809 1086 probationibus
834 1016 908 1087 quod
931 1016 966 1071 ad
991 1032 1049 1071 rem
1074 1015 1256 1071 criminalem.
1284 994 1335 1059 -Ι

210 1123 270 1177 206.
291 1124 330 1178 De
348 1123 517 1179 certitudine
536 1140 620 1193 quam
639 1139 737 1192 parere
750 1128 833 1177 natae
847 1128 913 1177 sunt
927 1122 1107 1190 probationes
1128 1122 1156 1176 in
1175 1138 1206 1178 re
1225 1122 1320 1177 crimi-

213 1229 277 1283 nali.
295 1258 333 1270 -
351 1230 413 1283 207.
434 1229 473 1284 De
491 1228 655 1299 probatione
680 1233 731 1283 aut
750 1230 840 1299 plena
864 1234 914 1283 sut
938 1230 1101 1301 semiplena.
1122 1258 1154 1271 ·-
1175 1230 1238 1283 208.
1258 1228 1320 1284 Iure

211 1352 272 1389 can.
290 1352 348 1390 non
369 1336 534 1392 aestimatur
552 1336 681 1405 probatio
696 1336 785 1407 plena
803 1340 854 1390 aut
872 1336 1027 1407 semiplena
1047 1352 1081 1391 ex
1101 1338 1128 1390 vi
1147 1336 1320 1407 probationis

214 1444 327 1514 tepolis,
344 1443 393 1499 sed
411 1445 447 1498 ab
465 1446 563 1499 intimis
579 1446 765 1515 persuasione
783 1444 891 1498 indicis.
903 1472 939 1485 -
953 1444 1013 1499 209.
1030 1445 1075 1497 An
1094 1444 1222 1513 probatio
1235 1448 1320 1499 semi·

209 1550 297 1621 plena
308 1550 430 1605 sufficiat
439 1550 612 1605 accusationi
626 1550 824 1606 instituendae.
833 1578 869 1593 ·-
879 1550 941 1605 210.
957 1550 1119 1621 Explicatur
1134 1550 1233 1619 regula
1245 1566 1318 1621 quae

213 1655 298 1722 iubet,
316 1673 334 1710 a
346 1655 437 1711 iudice
449 1672 559 1725 semper
577 1656 745 1711 sententiam
763 1656 905 1711 terendam
922 1672 983 1711 ease
1002 1674 1038 1713 ess
1054 1658 1122 1713 actis
1142 1668 1169 1713 et
1185 1657 1320 1728 probatis,

212 1763 297 1817 etiam
317 1761 477 1833 posthabita
494 1762 613 1818 scientia
629 1767 742 1834 privato
761 1764 806 1818 vel
824 1766 937 1834 physica
957 1764 1132 1820 certitudine.
1147 1792 1181 1807 -
1200 1766 1262 1820 211.
1282 1766 1321 1823 De

211 1868 336 1922 tontibus
354 1868 550 1938 probationum
569 1869 597 1921 in
617 1868 819 1923 criminalibus.

229 2066 307 2132 205.
333 2065 496 2138 Ρ1ο1111111,
522 2066 619 2131 etiam
635 2068 668 2131 in
690 2086 726 2130 re
748 2067 910 2131 criminali
926 2050 990 2132 non
1006 2088 1100 2133 secus
1115 2088 1154 2133 ac
1169 2069 1203 2133 111
1219 2070 1319 2143 civili.

140 2192 209 2253 eat:
242 2186 339 2254 «Rei
369 2186 494 2254 dubiae
525 2193 557 2253 et
587 2194 824 2256 controversae
843 2209 910 2273 per
939 2190 1091 2276 lepitima
1113 2197 1321 2277 arpumenta

140 2312 247 2379 iudici
269 2312 364 2396 facta
394 2314 537 2381 1111111111
555 2335 585 2388 ›,
612 2313 699 2398 (Vol,
724 2314 748 2379 I.
775 2334 806 2379 n.
831 2316 898 2380 434
922 2314 983 2401 sq.)
1013 2320 1047 2379 at
1077 2315 1243 2402 singulare
1272 2321 1322 2381 est

141 2439 174 2502 in
198 2437 438 2511 criminalibus·
455 2437 680 2504 certitudinem
704 2442 830 2505 tantum
845 2440 1014 2507 moralem
1036 2459 1056 2505 e
1078 2438 1321 2525 probationibus

143 2564 257 2649 repeti.

231 2688 310 2753 206.
342 2688 424 2753 Nam
456 2690 615 2756 certitudo
637 2689 871 2775 metaphysica
894 2689 1047 2757 derivans
1071 2709 1114 2756 ex
1137 2691 1250 2756 intima
1274 2711 1324 2756 re

141 2832 214 2876 rum
231 2813 416 2896 cognitione
440 2812 554 2879 haberi
577 2819 681 2900 potest
704 2816 736 2879 in
760 2814 1013 2900 quaestionibus
1036 2813 1124 2880 iuris
1146 2813 1324 2882 obstantis

143 2938 194 3001 rel
210 2938 307 3002 etiam
325 2939 358 3002 in
381 2938 421 3003 iis
444 2941 550 3004 causis
564 2939 729 3022 civilibus,
746 2943 780 3004 in
803 2939 917 3025 quibus
940 2961 1005 3006 non
1030 2939 1069 3007 de
1088 2941 1180 3024 facto
1203 2940 1324 3007 sedda

141 3062 218 3128 iare
242 3064 424 3146 qnaeritor;
449 3063 609 3130 certitudo
639 3065 780 3151 physica
808 3063 914 3130 fluens
941 3083 985 3130 ex
1016 3067 1224 3152 perceptione
1255 3085 1325 3133 sen-

140 3208 237 3253 suum
259 3208 280 3252 a
302 3187 408 3252 iudice
430 3188 594 3255 obtinetur
608 3189 781 3274 aliquando
804 3191 839 3256 in
862 3193 968 3257 causis
992 3189 1153 3266 civilibus,
1167 3192 1268 3258 veluti
1292 3192 1325 3256 in

143 3312 268 3378 iudiciis
292 3309 403 3378 finium
424 3313 653 3399 regundorum,
671 3333 767 3399 quum
791 3313 889 3381 iudex
904 3322 976 3401 post
992 3335 1165 3383 accessam
1185 3315 1326 3382 iudicia·

140 3439 209 3504 tem
238 3457 307 3504 rem
336 3439 458 3504 dirimit
484 3458 503 3504 e
534 3445 706 3527 perspecta
734 3441 882 3507 locorum
911 3443 1095 3527 cognitione
1126 3443 1192 3509 suis
1223 3442 1325 3508 oculis

143 3561 330 3648 desumpta;
350 3569 384 3628 at
407 3564 441 3628 in
459 3563 705 3648 criminalibus,
721 3567 797 3650 qnia
811 3567 993 3634 consistunt
1008 3567 1045 3633 in
1059 3567 1172 3650 factis,
1189 3587 1325 3650 quorum

143 3688 243 3754 index
259 3690 319 3755 etsi
333 3689 396 3754 luit
410 3690 513 3771 testis,
527 3695 637 3757 tamen
659 3692 752 3758 testis
774 3692 809 3756 in
832 3691 950 3758 iudicio
965 3711 1036 3758 esse
1060 3712 1125 3757 non
1145 3697 1262 3778 potest,
1283 3712 1325 3758 ne

145 3812 177 3876 in
199 3811 315 3878 eadem
338 3833 438 3879 causa
460 3815 554 3880 simul
578 3815 678 3881 iudex
693 3821 726 3881 et
739 3816 831 3881 testis
854 3817 904 3897 sit,
930 3815 1089 3880 certitudo
1113 3833 1134 3878 a
1156 3814 1262 3880 iudice
1285 3815 1325 3880 de

145 3935 236 4002 hisce
251 3936 346 4002 factis
361 3937 565 4021 exquirenda
585 3939 751 4007 dumtaxat
765 3939 908 4040 moratis
931 3943 988 4012 est,
1014 3959 1071 4004 seu
1093 3936 1262 4024 desumpta
1284 3937 1324 4004 ab

143 4061 284 4126 aliorum
306 4063 502 4130 auctoritate
525 4062 582 4151 (l).

216 4239 257 4307 (l)
277 4239 382 4294 Forsan
401 4243 511 4294 tantum
530 4241 559 4294 111
577 4256 643 4294 casu
662 4241 758 4295 delicti
778 4241 881 4311 patrati
901 4254 994 4294 coram
1007 4240 1098 4294 iudice
1117 4256 1168 4310 pro
1188 4240 1324 4295 tribunali

141 4340 258 4397 sedente
276 4343 360 4398 iudex
376 4345 546 4400 senteutiam
564 4344 620 4399 fert
638 4362 673 4399 ex
692 4344 860 4400 certitudine
870 4345 987 4416 physica
1000 4361 1083 4416 quam
1102 4344 1225 4400 obtinuit
1238 4361 1322 4416 quum
1364 4415 1367 4421 ἡ

147 4448 246 4505 indicia
263 4450 356 4506 officio
373 4453 547 4522 tangeretur.
