3350 5100
318 302 384 369 452
829 320 914 369 anes
938 320 989 367 111.

258 447 261 454 '
317 444 582 529 1111011130,
605 450 682 511 sect.
699 445 727 519 1,
751 464 786 509 n.
803 445 840 508 11
862 463 911 529 sq.
935 444 1005 509 visa
1021 448 1072 509 est
1086 462 1191 527 poena
1213 444 1308 509 nimis
1328 444 1438 530 gravis
1460 448 1497 509 ut

316 571 536 655 imponeretur
558 583 623 635 non
647 575 778 634 servato
802 568 917 634 ordine
940 568 1092 634 iudiciali.
1110 550 1172 633 Sed
1196 570 1223 633 si
1247 570 1496 655 praemittantur

316 695 518 777 monitiones,
541 714 712 760 censuram
729 695 801 760 iure
816 696 932 761 merito
954 693 1186 781 appellabimus
1208 694 1295 759 hanc'
1318 696 1496 778 suspensio

316 838 408 885 nem:
432 819 475 885 cf.
499 820 581 885 Inst.
610 817 643 885 0.
668 818 708 885 Ρ.
733 820 772 884 F.
796 836 828 884 a.
855 819 887 885 9.

405 945 481 1011 400.
506 942 631 1010 Textus
658 943 867 1010 Tridentinus
897 944 988 1010 clare
1017 942 1105 1009 iubet
1136 945 1223 1010 banc
1254 944 1494 1030 suspensionem

315 1067 387 1135 fieri
409 1088 504 1155 posse
519 1068 563 1136 ab
578 1068 765 1150 ordinatus,
782 1080 843 1135 seu
864 1068 1031 1155 (trudibus
1054 1070 1106 1135 oet
1129 1068 1351 1155 otiositatibus
1366 1070 1494 1153 coclers
1596 1140 1599 1144 A

316 1195 434 1262 exinde
457 1216 537 1261 vero
560 1196 706 1261 nonnulli
731 1196 808 1276 Ι)Ι),,
831 1194 877 1261 uti
901 1194 940 1259 cl.
967 1194 1057 1261 Santi
1084 1199 1116 1260 et
1145 1194 1378 1260 Pierantonelli
1404 1199 1494 1260 autu-

315 1324 412 1393 mant.
436 1319 595 1387 iacientes
625 1320 928 1403 interpretationem
960 1318 1170 1385 comosicum
1201 1318 1238 1384 in
1260 1339 1300 1385 re
1322 1318 1497 1386 criminali

316 1444 404 1530 (Vol.
422 1445 483 1517 ΙΙΙ,
501 1464 531 1509 n.
549 1443 615 1526 79).
632 1442 782 1527 suspendi
799 1461 892 1527 posse
908 1442 1004 1508 etiam
1021 1462 1044 1507 o
1059 1441 1231 1527 berteficio.
1248 1439 1335 1507 Sane
1351 1442 1410 1508 bos
1429 1462 1494 1507 non

314 1570 480 1653 sequimur
494 1588 568 1633 cum
583 1566 745 1633 communi
763 1567 839 1639 Ι)1).,
853 1568 1000 1650 quamvis
1015 1566 1181 1650 suspensio
1195 1584 1241 1632 eo·
1252 1566 1316 1649 inf.
1330 1586 1420 1634 cons.
1434 1586 1494 1651 per

315 1712 526 1778 consequens,
541 1693 740 1758 secumlerat
762 1692 927 1757 fructuum
950 1689 1099 1757 beneficii
1117 1690 1359 1757 diminutionem
1377 1694 1409 1756 in
1426 1692 1495 1756 eius

315 1839 510 1906 possessore,
535 1819 589 1902 qui
613 1838 674 1903 per
695 1818 794 1882 elium
817 1819 928 1883 munia
959 1818 1096 1903 implere
1121 1820 1262 1884 tenetur.
1288 1817 1368 1883 [nst.
1397 1818 1432 1883 S.
1459 1818 1493 1883 0.

186 1918 195 1926 ¹
314 1946 357 2012 de
379 1946 419 2011 P.
444 1945 483 2009 F.
507 1942 591 2009 114.
610 1978 628 1992 ·
647 1941 751 2007 Hodie
775 1942 859 2027 apud
882 1948 1101 2028 competentes
1119 1942 1217 2029 Gorg
1236 1944 1306 2009 RR.
1323 1942 1495 2008 adhibetur

316 2069 450 2157 rigidior
471 2069 697 2153 interpretatio
719 2068 814 2132 huius
831 2068 964 2132 remedii
989 2068 1271 2143 emlroordinarii,
1293 2069 1492 2153 potissimum

315 2196 390 2279 quia
400 2193 496 2260 hodie
511 2199 582 2278 post
597 2191 715 2258 editam
732 2193 830 2257 lustr.
847 2213 868 2258 a
882 2193 913 2259 S.
928 2191 1049 2279 Congr.
1062 2193 1128 2257 ΕΕ.
1141 2199 1175 2258 et
1188 2194 1257 2259 RR.
1271 2193 1340 2259 diei
1350 2192 1388 2257 11
1400 2192 1494 2258 Iunii

314 2318 415 2401 1880,
431 2318 671 2404 expeditissima
694 2323 744 2382 est
766 2336 880 2383 norma
904 2336 1075 2401 processus
1090 2318 1124 2381 in
1140 2318 1246 2382 causis
1261 2315 1492 2383 criminalibus.

258 2451 264 2462 '
315 2442 444 2507 Exinde
459 2443 610 2527 Episcopi
626 2446 773 2513 caveant,
787 2460 829 2506 ne
844 2461 905 2527 per
920 2443 1098 2506 sententias
1112 2459 1158 2507 eo·
1173 2441 1235 2525 inf.
1252 2460 1341 2508 cons.
1359 2460 1494 2526 suspen-

315 2565 437 2631 danto
460 2564 638 2650 beneficiis.

404 2689 480 2755 401.
505 2689 651 2755 Clericus
680 2690 792 2755 taliter
822 2691 995 2776 suspensus
1020 2690 1079 2754 etsi
1110 2691 1217 2754 statim
1248 2691 1430 2755 recurrerit
1452 2687 1492 2753 ad

316 2815 347 2881 S.
375 2812 508 2896 Sedem,
539 2820 647 2879 tamen
678 2815 705 2879 si
736 2813 853 2878 audeat
882 2813 1028 2878 ordinem
1059 2814 1267 2898 suspensione
1298 2812 1492 2899 prohibitum

314 2959 475 3007 exercere
497 2937 534 3005 fit
554 2939 776 3025 irreouloris.
800 2940 847 3004 uti
878 2943 973 3003 cavet
995 2939 1049 3004 cit.
1074 2937 1177 3004 Instr.
1202 2937 1236 3004 S.
1264 2938 1299 3005 0.
1322 2938 1365 3004 de
1387 2937 1428 3003 P.
1454 2937 1492 3003 F.

314 3083 349 3128 n.
373 3063 419 3135 11,
443 3067 478 3128 et
499 3063 562 3126 iam
585 3062 710 3126 censuit
733 3061 766 3128 S.
791 3062 825 3127 0.
850 3061 935 3128 (1.111
958 3080 1024 3126 una
1048 3059 1279 3146 8191111121
1300 3059 1376 3127 Iun.
1400 3061 1494 3128 1625

316 3187 397 3252 etin
413 3187 466 3250 cit.
490 3185 674 3252 Lusiones.
700 3185 723 3250 8
737 3187 824 3268 Apr.
841 3185 950 3268 18483
972 3187 1113 3268 itemque
1136 3187 1169 3250 in
1188 3186 1307 3252 litteris
1321 3205 1342 3251 1
1358 3185 1389 3251 S.
1405 3185 1440 3253 O.
1458 3186 1492 3252 0.

316 3307 398 3373 datis
420 3307 461 3373 ad
484 3307 637 3373 Nuntium
662 3307 825 3373 Venetum
849 3305 945 3394 (apud
974 3307 1125 3372 Ferraris
1149 3307 1232 3371 Bibl.
1256 3327 1286 3370 v.
1309 3279 1494 3390 Suspenso

316 3440 381 3501 art.
406 3436 433 3515 1,
457 3455 492 3499 n.
516 3431 589 3520 25).

316 3705 338 3786 ἓ
361 3702 393 3769 2.
420 3703 566 3770 Geinum
589 3707 757 3785 competat
774 3707 925 3784 potestus
949 3702 1086 3785 ferendi
1116 3703 1282 3770 eiusmodi
1312 3699 1495 3768 reomaus

629 3832 661 3892 ct
683 3827 720 3891 in
743 3846 911 3911 quosnam
932 3826 1021 3910 ferri
1041 3827 1182 3909 possint.

317 4019 532 4078 summarium.
552 4051 584 4062 -
601 4021 662 4074 402
681 4020 713 4075 In
731 4021 844 4076 decreto
862 4020 985 4076 Trident.
1007 4021 1118 4076 nomine
1138 4020 1331 4076 Praelatornm
1351 4021 1380 4074 in
1398 4021 1495 4091 primis

407 4131 523 4185 veniunt
537 4129 668 4199 Episcopi
677 4145 768 4200 neque
786 4129 974 4184 excluduntur
989 4129 1122 4191 Proelmi
1139 4130 1308 4200 Reputans.
1323 4159 1355 4172 -
1369 4129 1430 4184 403.
1450 4131 1495 4184 An

406 4237 675 4308 comprehendantur
687 4236 738 4290 elii
756 4236 906 4304 ordinarii,
918 4235 1004 4291 veluti
1018 4235 1142 4292 Praelati
1161 4237 1282 4303 Nullius,
1298 4236 1405 4292 vicarii
1418 4238 1494 4307 Apo-

407 4343 509 4409 stellet,
527 4343 775 4397 Administratores
793 4345 900 4413 Apost,
918 4342 1024 4397 Vicarii
1049 4343 1234 4414 capitulares.
1252 4371 1289 4386 -
1308 4343 1368 4399 404.
1389 4343 1428 4400 De
1446 4343 1496 4398 Vi·

408 4449 484 4503 cario
502 4447 641 4502 Generali.
658 4475 696 4490 ·-
714 4448 775 4502 405.
793 4447 936 4503 Eiusmodi
956 4449 1097 4504 sententia
1115 4449 1204 4504 fertur
1222 4449 1251 4503 in
1273 4450 1367 4516 laicos,
1386 4448 1433 4520 qui
1452 4465 1495 4502 an·
