3350 5100
546 341 589 388 ns
612 341 766 390 nemoris
792 343 834 390 nr
858 343 978 391 nonnis
1305 325 1350 391 23

170 484 268 529 neum
291 471 348 529 aut
371 484 436 530 non
451 465 600 530 idoneum
615 467 720 530 sacris
735 465 910 532 ordinibus
928 469 978 532 lte
993 466 1219 552 intelligendus
1234 467 1349 535 Hono·

169 595 280 664 rente,
306 609 381 672 cap.
406 589 467 664 IX,
491 595 559 656 not.
584 591 638 654 10.

260 715 388 778 Verum
410 714 610 784 advertatur.
634 717 721 780 inter
747 715 976 800 impedimenta
992 715 1042 795 ‚ad
1064 735 1191 781 sacram
1213 715 1346 781 ordina·

168 841 301 911 tionem,
319 841 383 904 alia
404 844 479 905 sunt
501 858 584 923 quae
607 840 845 906 contrahuntur
864 841 898 904 in
919 841 992 904 loco
1014 842 1159 926 originis,
1176 840 1230 905 vel
1252 841 1351 905 domi-

167 963 248 1038 cilii;
266 963 332 1028 alie
355 984 436 1048 quae
460 965 610 1029 contrahi
633 969 765 1048 possunt
789 965 821 1027 in
846 966 960 1047 quovis
981 965 1242 1031 commorationis
1263 964 1347 1046 loco,

166 1095 203 1155 ut
217 1094 310 1174 patet
325 1109 368 1156 ex
382 1090 500 1155 horum
516 1090 653 1156 elencho
669 1089 753 1176 epud
770 1091 952 1161 Monacelti
965 1090 1223 1156 Fomntorinm
1240 1091 1349 1176 epae

161 1215 374 1296 practicen.
399 1251 418 1262 -
443 1215 493 1280 De
518 1215 599 1281 Coti.
627 1213 706 1280 ord.
728 1213 832 1296 form.
858 1215 884 1277 1.

257 1337 310 1402 Ad
336 1336 429 1416 haec,
453 1355 496 1400 ex
520 1335 641 1400 Goncil.
666 1335 753 1400 Trid.
778 1353 858 1402 sess·
881 1336 913 1408 6,
938 1355 1013 1418 cop.
1038 1336 1063 1401 5
1086 1335 1140 1401 De
1161 1335 1247 1417 refi:

305 1461 341 1546 a)
364 1463 417 1546 qui
441 1461 569 1526 ordinet
584 1463 653 1527 sive
675 1482 768 1526 suum
783 1461 945 1526 subditum
966 1463 1035 1528 sive
1057 1462 1199 1525 alienum
1214 1462 1248 1524 in
1263 1460 1348 1524 dioe

163 1585 231 1648 cesi
246 1583 395 1655 alterius,
408 1585 478 1649 sine
493 1585 563 1649 eius
576 1583 743 1650 Ordinarii
761 1603 918 1669 expressa
931 1583 1071 1656 licentia,
1084 1582 1290 1668 suspenditur
1304 1582 1345 1648 ab

165 1709 331 1774 exercitio
354 1704 610 1783 Pontificalium3

307 1831 338 1918 b)
365 1852 408 1897 ex
436 1851 514 1898 sess.
541 1831 593 1904 14,
623 1850 697 1914 cap.
722 1833 757 1904 2,
784 1829 839 1898 De
864 1832 928 1913 ref.
961 1832 1111 1916 Episcopi
1138 1831 1288 1896 titulares
1317 1831 1347 1895 si

165 1976 263 2041 quem
289 1955 330 2020 ed
353 1955 493 2036 ordines,
517 1957 570 2021 vel
601 1957 739 2042 primam
768 1962 937 2021 tonsuram
959 1957 1191 2040 promoverint,
1214 1973 1350 2040 snspen-

165 2078 291 2144 duntur
311 2099 377 2162 per
399 2098 531 2146 annum
553 2080 595 2145 ab
617 2082 775 2145 exercitio
801 2078 1057 2155 Pontificalium;

306 2203 336 2288 c)
359 2223 402 2269 ex
422 2224 502 2270 sess.
518 2203 578 2276 23,
603 2223 678 2288 cap.
696 2205 748 2278 10,
773 2205 822 2270 De
836 2203 902 2286 res.
922 2205 1047 2270 Vicerii
1071 2205 1272 2289 capitulares
1293 2205 1347 2287 qui

165 2327 367 2393 dimissorias
390 2327 430 2392 ed
453 2328 592 2409 ordines,
616 2329 704 2394 infre
727 2349 846 2394 annum
869 2348 889 2393 a
912 2335 1062 2416 suscepto
1079 2329 1257 2402 Vicarietu,
1275 2348 1349 2393 con-

165 2456 331 2520 cesserint
351 2473 422 2544 non
445 2455 584 2520 eremos
606 2455 654 2518 ad
676 2454 823 2528 ordines,
846 2457 1018 2520 incurrunt
1040 2457 1281 2540 suspensionem
1304 2455 1348 2521 ab

165 2580 279 2665 officio
303 2585 335 2645 et
356 2579 513 2663 beneficio
531 2598 600 2662 per
621 2598 763 2645 annum.
789 2581 837 2647 Gi.
854 2584 888 2646 in
913 2580 987 2645 Vol.
1009 2582 1069 2653 111,
1095 2581 1279 2667 Allegetum
1302 2582 1345 2662 V,
1387 2679 1392 2687 .

163 2726 193 2789 p.
210 2706 293 2772 588.
306 2740 325 2751 -
342 2704 539 2771 Ordinantes
555 2726 633 2769 vero
649 2707 703 2789 qui
718 2706 908 2789 delinquant
922 2705 1121 2771 conferendo
1136 2705 1266 2769 ordines
1281 2723 1346 2769 non

164 2829 308 2893 servatis
330 2829 519 2897 interstitiis.
536 2829 588 2893 vel
605 2848 670 2892 non
686 2828 816 2893 habenti
832 2829 1010 2913 legitimam
1025 2833 1163 2893 aetatem
1183 2848 1242 2913 pro
1265 2826 1349 2892 ordi·

162 2954 262 3021 nibus
286 2953 469 3034 maioribus,
487 2954 582 3019 hodie
605 2974 671 3019 non
694 2954 892 3019 contrahunt
907 2954 1047 3037 aliquam
1070 2955 1092 3020 l.
1108 2974 1134 3019 s.
1154 2973 1300 3038 poenam.

263 3079 314 3142 14.
338 3078 504 3144 Hactenus
527 3078 567 3143 de
589 3078 828 3153 ordinantibus;
845 3078 950 3162 quoad
966 3099 1045 3143 vero
1065 3079 1149 3144 male
1164 3077 1346 3143 ordinatos:

307 3201 338 3287 l)
361 3222 405 3269 ex
428 3202 515 3267 Trid.
541 3204 637 3268 Cone.
661 3223 688 3269 s.
712 3202 772 3284 23,
797 3224 824 3270 0.
849 3204 882 3276 8,
906 3204 957 3271 Dc
977 3204 1043 3286 ref.
1068 3206 1241 3268 incurrunt
1261 3223 1346 3287 susp.

163 3328 211 3393 od
235 3326 486 3409 beneplacitum
509 3328 558 3391 sui
582 3326 760 3407 Ordinarii,
777 3327 888 3391 clerici
912 3328 966 3409 qui
989 3326 1029 3391 ab
1052 3326 1164 3393 alieno
1189 3327 1347 3411 Episcopo

164 3452 362 3516 ordinantur
383 3449 504 3533 absque
527 3450 643 3515 litteris
667 3450 854 3515 dimissoriis
882 3456 913 3514 et
939 3450 1221 3523 testimonialibus;
1245 3456 1342 3516 etex

163 3596 188 3642 s.
202 3574 266 3644 23.
280 3596 307 3641 c.
321 3575 373 3653 10,
383 3575 494 3639 elerici
510 3594 581 3640 non
596 3576 728 3653 arctati,
742 3574 880 3638 ordinati
893 3574 931 3639 in
945 3575 1133 3641 maioribus
1149 3594 1222 3639 cum
1235 3574 1338 3638 dimis-

165 3700 264 3765 soriis
277 3698 348 3764 Vic.
363 3700 439 3783 Gap.
455 3734 472 3747 -
485 3700 565 3763 item
582 3698 691 3764 cleriei
709 3699 849 3765 ordinati
862 3718 928 3782 per
943 3702 1068 3765 sottum
1073 3721 1087 3783 ,·
1098 3720 1124 3765 s.
1141 3700 1201 3771 23,
1215 3720 1242 3765 0.
1256 3698 1308 3763 14.
1324 3736 1342 3748 -

166 3825 317 3893 Ordinati
330 3844 350 3887 a
361 3844 423 3891 sno
441 3825 599 3909 Episcopo
611 3826 645 3888 in
657 3823 772 3889 atiena
786 3823 935 3895 dioecesi.
948 3825 1069 3909 absque
1084 3824 1191 3891 debita
1202 3824 1343 3906 licentia,

167 3950 411 4033 suspensionem
435 3948 607 4011 incurrunt
630 3947 669 4011 R„
695 3948 731 4011 P.
757 3967 892 4028 reserv,
917 3968 959 4012 ex
982 3968 1007 4012 s.
1033 3948 1065 4019 6,
1091 3969 1118 4012 c.
1143 3948 1177 4013 5.

304 4072 337 4157 2)
361 4074 415 4137 Ex
431 4072 537 4137 Const.
556 4072 620 4155 Ap.
637 4069 734 4137 Sedis
749 4076 810 4136 art.
827 4073 892 4138 VI:
911 4092 929 4136 e
946 4074 1137 4138 Incurrunt
1156 4073 1346 4155 carpeneto·

166 4216 247 4262 nem
270 4194 303 4261 S.
325 4196 364 4261 P.
380 4202 601 4268 reservatam,
619 4203 878 4279 praesumentes
901 4198 1059 4262 ordinari
1082 4197 1126 4263 ab
1148 4218 1346 4264 excommn-

169 4322 293 4393 nicato.
320 4322 373 4387 oei
401 4341 575 4404 suspenso,
606 4324 657 4388 oet
688 4322 866 4388 interdicto
896 4322 1100 4387 nominatim
1130 4323 1343 4389 denuncietis

170 4448 229 4507 ont
244 4442 287 4508 eb
310 4436 487 4515 haeretico,
505 4446 556 4509 oet
574 4444 785 4510 schismatico
808 4444 941 4511 noton'o
950 4463 964 4527 ,·
979 4464 1057 4510 eum
1076 4465 1156 4511 vero
1173 4447 1232 4529 qni
1255 4445 1344 4511 bono
