3350 5100
424 333 467 378 bu
492 332 631 379 lubinus
655 330 897 380 cnlumnmssoa
922 331 957 377 IN
981 330 1098 377 sulcum
1284 310 1349 375 449

171 472 273 519 renes
288 451 438 517 habenda
449 458 498 517 est
512 454 680 537 suspensio
692 473 749 519 seu
760 453 801 519 ad
814 455 912 518 vitum
925 452 1072 524 ferentis,
1086 452 1113 515 si
1129 450 1291 515 inieratur
1303 451 1349 516 ad

171 579 244 645 eius
259 577 515 665 beneplacitum.
534 581 583 643 ltu
598 580 777 644 communis
791 580 899 664 opinio
916 578 979 642 DD.
996 594 1079 661 quse
1095 582 1232 662 excepte
1251 581 1301 642 est
1314 578 1349 641 in

172 704 270 769 lustr.
286 704 318 769 S.
336 704 370 769 O.
386 703 427 769 de
453 702 550 789 Prop.
573 703 650 769 Fide
673 704 742 771 diei
756 703 809 769 20
826 703 893 770 Oct.
911 702 1000 769 1884
1022 722 1056 767 n.
1073 702 1097 769 5
1114 700 1159 787 (l)
1176 701 1230 766 ubi
1254 720 1350 786 gene·

262 930 303 1001 (l)
321 932 363 984 En
383 930 478 985 lustu:
495 931 607 988 «Omni
627 936 754 999 tempore
778 930 901 985 sollicita
918 931 974 985 tuit
991 930 1119 985 Ecclesia
1137 934 1169 983 ut
1187 944 1243 983 non
1260 929 1351 983 solum

172 1055 303 1094 ascensus
315 1039 349 1094 ad
361 1056 455 1093 sacros
473 1039 590 1096 Ordines
607 1040 823 1096 interdiceretur
841 1040 972 1109 indignis,
985 1056 1080 1093 verum
1096 1038 1182 1093 etism
1196 1040 1232 1093 eb
1244 1054 1352 1117 eorumf

172 1145 234 1201 dem
253 1148 388 1202 exercitio
406 1147 548 1201 criminosi
566 1149 692 1217 suspensi
712 1153 867 1203 manerent.

260 1252 358 1307 «Cum
367 1256 461 1308 autem
471 1254 646 1309 occultorum
656 1270 766 1326 quoque
778 1256 927 1309 criminum
937 1271 1064 1325 quaeque
1077 1253 1193 1324 prodere
1203 1269 1257 1307 non
1268 1268 1350 1322 expe·

172 1356 254 1423 diret,
272 1359 366 1412 facilis
384 1364 413 1414 at
431 1364 567 1431 prompte,
582 1377 681 1429 nempe
700 1378 717 1413 s
735 1359 913 1414 iudicialibus
931 1360 1029 1415 formis
1042 1359 1139 1424 libers,
1153 1359 1287 1413 coercitio
1300 1358 1351 1411 sli-

172 1464 283 1534 qusndo
301 1466 459 1521 necessaris
471 1466 509 1519 sit
526 1464 560 1519 nd
572 1467 645 1519 sscri
658 1466 807 1522 ministerii
820 1466 988 1537 dignitatem
1007 1471 1035 1521 et
1053 1464 1177 1521 fidelium
1198 1464 1349 1531 utilitatem

172 1546 318 1637 tuendam
336 1571 402 1627 hinc
421 1574 628 1643 sapientissimo
650 1573 768 1628 consino
792 1573 949 1630 rrrnsnnn
976 1574 1075 1629 Patres
1093 1589 1161 1628 sss.
1183 1574 1227 1639 14,
1247 1574 1307 1642 cap.
1328 1573 1351 1637 1,

175 1677 216 1730 De
234 1682 289 1747 ref.
305 1676 509 1743 decreverunt:
527 1679 599 1746 «Ei,
616 1680 661 1732 cui
680 1668 811 1733 ascensus
830 1684 883 1735 etc.
897 1694 921 1736 a.
971 1686 981 1713 ⁸

262 1796 279 1839 t
292 1784 333 1838 Ex
346 1784 400 1838 boc
412 1784 527 1854 provido
539 1785 659 1851 decreto,
672 1787 700 1838 in
714 1802 748 1841 eo
765 1786 839 1857 qnod
853 1788 972 1841 refertur
991 1786 1025 1840 sd
1043 1785 1209 1841 clericorum
1226 1784 1350 1843 crimine.

174 1908 246 1962 quae
264 1893 505 1948 extrsiudicislem
518 1895 726 1963 suspensionem
739 1895 775 1949 ab
793 1893 993 1949 ecclesiasticis
1005 1893 1104 1947 officiis
1116 1896 1267 1955 merentur,
1283 1893 1352 1945 ism·

175 1998 277 2053 dudum
295 2000 324 2052 in
337 2016 388 2053 usu
400 1999 456 2053 fuit
467 2000 656 2070 suspensionis
668 2016 757 2070 pocus
769 2018 805 2056 ex
817 2002 909 2054 censis
923 2000 1055 2055 Prselstc
1067 2001 1150 2067 notis,
1164 2014 1236 2070 quse
1248 2014 1350 2067 nempe

174 2102 253 2155 sudit
273 2104 423 2173 Suapcnm
448 2120 485 2158 cu
508 2107 662 2175 biformato
686 2082 865 2160 conscientie.
886 2104 928 2158 Ad
952 2104 1005 2159 hoc
1031 2104 1127 2174 itaque
1152 2107 1183 2157 ut
1206 2103 1235 2157 in
1255 2102 1350 2157 endem

154 2208 334 2277 infligenda,
352 2226 417 2263 cum
435 2210 535 2265 maiori
553 2228 610 2282 qus
627 2217 720 2281 potest
738 2212 852 2267 cautela
870 2216 899 2266 et
918 2211 1071 2266 securitate
1095 2208 1236 2263 Ordinarii
1257 2206 1352 2265 estha·

94 2318 102 2333 '
174 2314 292 2369 iicarum
313 2316 477 2371 Missionum
496 2317 656 2386 procedant,
674 2316 701 2372 S.
721 2318 911 2389 congregatio
930 2316 965 2372 de
983 2316 1168 2387 Propaganda
1187 2315 1254 2369 Fide
1273 2329 1352 2384 pree·

173 2426 281 2477 mntem
299 2423 513 2477 instructionem
532 2423 666 2479 edendnm
685 2426 804 2491 censuit,
822 2424 867 2478 cui
886 2424 970 2479 iidem
982 2422 1133 2490 Ordinsrii,
1148 2423 1177 2477 in
1196 2420 1352 2477 adhibendo

173 2527 227 2583 boc
245 2530 468 2586 extraordinario
487 2532 618 2599 remedio,
634 2548 697 2588 sese
715 2534 890 2588 conformare
908 2532 1055 2586 curabunt.

265 2638 288 2691 l.
307 2637 458 2707 Suspensio
476 2655 511 2694 ex
529 2640 681 2693 informata
699 2640 881 2706 conscientie,
899 2657 955 2694 non
981 2655 1061 2694 secus
1085 2655 1119 2692 uc
1136 2637 1188 2692 ilia
1212 2653 1284 2709 quse
1303 2652 1352 2707 per

173 2743 333 2800 iudicialem
351 2749 521 2801 sententium
539 2747 688 2816 infligitur,
701 2763 847 2816 personum
860 2747 1081 2802 ecclesiasticam
1094 2763 1111 2800 a
1122 2746 1180 2800 suis
1198 2745 1351 2811 ordinibus,

174 2867 223 2905 seu
242 2851 384 2920 gradibus,
402 2852 446 2908 vel
465 2852 651 2923 dignitatibus
670 2853 870 2908 ecclesiasticis
888 2853 1051 2909 exercendis
1069 2852 1221 2908 interdicit.

263 2959 288 3012 2
307 2958 338 3013 In
356 2959 410 3014 boc
429 2961 579 3030 praecipue
596 2960 689 3015 differt
707 2977 725 3014 s
741 2960 867 3026 iudiciali
892 2960 1088 3030 suspensione,
1107 2959 1180 3031 quod
1202 2958 1352 3013 adhibetur

174 3070 316 3138 tamquam
335 3068 588 3122 extraordinarium
606 3068 758 3124 remedium
777 3069 806 3123 in
826 3086 943 3140 poenum
957 3068 1070 3124 ndmissi
1083 3068 1222 3134 criminis3
1235 3067 1352 3138 ideoque

175 3173 210 3227 ad
228 3173 352 3228 eiusdem
371 3175 577 3244 impositionem
589 3191 645 3228 non
658 3176 839 3247 requiruntur
852 3193 903 3231 nec
915 3177 1022 3230 formae
1035 3175 1191 3241 iudiciales,
1204 3191 1255 3229 nec
1269 3189 1351 3227 cano·

175 3279 256 3334 nicae
273 3280 485 3336 admonitiones.
504 3281 579 3335 Setis
597 3283 653 3336 erit
671 3283 795 3351 proinde,
806 3284 830 3337 si
844 3282 992 3338 Praelstus
1004 3281 1077 3336 hanc
1091 3297 1208 3352 poenam
1220 3281 1352 3350 infligens

175 3385 295 3455 simplici
314 3392 411 3441 utatur
423 3392 581 3456 praecepto,
594 3404 650 3458 quo
660 3388 786 3444 declaret
798 3406 828 3443 se
841 3391 1051 3459 suspensionem
1063 3391 1098 3442 sb
1111 3388 1247 3444 exercitio
1260 3403 1352 3441 sacro·

176 3509 237 3547 rum
256 3493 409 3548 officiorum
427 3495 473 3550 vel
491 3495 746 3551 ecclesiasticorum
763 3497 889 3550 munium
908 3495 1038 3551 indicere.

264 3600 290 3654 3.
309 3599 471 3659 Huiusmodi
491 3607 670 3672 praeceptum
689 3620 800 3673 semper
817 3604 846 3657 in
865 3603 977 3672 scriptis
989 3602 1175 3658 intimandum
1196 3606 1247 3668 est,
1265 3601 1311 3655 die
1324 3607 1352 3654 et

176 3723 271 3762 mense
287 3706 449 3777 designat03
468 3709 586 3780 ideoque
604 3715 699 3765 sutem
716 3711 778 3766 fleri
796 3711 880 3765 debet
892 3709 938 3766 vel
956 3710 992 3764 sb
1012 3711 1072 3779 ipso
1090 3707 1245 3776 Ordinario,
1258 3706 1304 3763 vel
1317 3709 1353 3760 sb

128 3827 134 3839 ·
176 3811 233 3866 niis
251 3829 369 3882 persone
393 3815 427 3868 de
446 3832 576 3884 expresso
600 3817 687 3886 ipsius
712 3817 852 3871 mandato.
877 3815 908 3873 In
933 3817 1028 3871 eadem
1055 3821 1150 3870 sutem
1175 3814 1353 3869 intimatione

174 3919 384 3989 exprimendum
403 3927 447 3976 est
464 3922 537 3992 quod
555 3923 688 3978 eiusmodi
709 3925 819 3993 punitio
836 3924 980 3993 irrogatur
999 3923 1028 3976 in
1048 3923 1103 3978 uim
1123 3921 1281 3978 Tridentini
1301 3920 1353 3973 De·

175 4025 245 4078 creti
263 4042 330 4080 sess.
349 4027 396 4093 14,
414 4045 474 4098 cop.
488 4029 512 4094 1,
526 4029 567 4084 De
584 4033 640 4100 ref.
653 4046 687 4084 ex
699 4030 852 4084 informata
869 4029 1050 4095 conscientia,
1068 4028 1114 4083 vel
1128 4045 1162 4083 ex
1180 4027 1286 4081 caussis
1299 4026 1351 4094 ipsi

176 4129 324 4186 Ordinario
342 4134 425 4187 notis.

264 4239 290 4290 t.
303 4238 418 4294 -Debent
430 4239 544 4308 insuper
556 4241 673 4309 exprimi
688 4245 782 4311 partes
800 4241 929 4296 exercitii
947 4240 1059 4294 Ordinis
1072 4239 1118 4294 vel
1131 4239 1223 4304 officii,
1237 4237 1270 4291 sd
1283 4219 1352 4308 quus

176 4345 337 4400 extenditur
355 4346 514 4416 suspensi'03
532 4348 640 4418 quodsi
659 4364 809 4418 suspensus
827 4347 994 4404 interdictus
1007 4348 1045 4400 sit
1059 4348 1093 4400 sb
1107 4345 1208 4411 officio,
1221 4345 1266 4399 cui
1280 4345 1353 4399 alter

176 4452 204 4506 in
224 4451 315 4505 locum
335 4452 422 4522 ipsius
440 4455 649 4509 substituendus
667 4458 722 4523 est,
734 4459 765 4508 ut
782 4460 850 4525 puta
863 4455 1036 4510 Oeconomns
1055 4453 1083 4506 in
1104 4469 1170 4507 curs
1186 4452 1352 4516 animarum,

251 4561 309 4614 Suc.
332 4560 417 4630 Lepci.
435 4561 495 4615 Lib.
515 4561 547 4627 11,
566 4562 621 4617 vol.
640 4562 686 4617 IV.
860 4643 863 4649 Ι
1019 4575 1022 4580 ·
1246 4559 1282 4612 ‘29
