3350 5100
824 310 908 356 Peles
931 311 954 356 1.

302 432 343 498 ad
359 432 592 517 assequendum
607 429 798 497 beneficium
813 432 1040 516 impedimento
1062 439 1113 499 est
1134 434 1231 498 favor
1252 435 1416 520 impensus
1437 435 1478 499 ab

301 560 373 625 aliis
388 561 516 625 aemulo
529 579 608 632 meo,
625 579 728 643 aeque
743 559 851 644 digno,
867 565 945 624 tunc
959 561 1090 625 vexatio
1102 567 1237 625 eatenus
1250 560 1365 625 redimi
1381 561 1478 632 valet.

302 690 459 767 quatenus
490 705 533 749 ex
559 684 621 749 hec
652 683 873 768 redemptione
901 684 1026 748 directe
1055 685 1134 749 mihi
1163 684 1283 768 aliquid
1310 685 1479 769 spirituale

192 821 195 826 '
301 810 419 876 bonum
442 829 506 874 non
529 810 690 892 adveniat,
707 831 765 874 seu
780 831 845 874 non
868 810 1020 874 adveniat
1033 812 1103 895 ipsa
1117 811 1171 875 rei
1183 811 1375 894 spirituculis
1390 830 1480 875 aese-

301 937 388 1000 cutio
410 933 494 1018 quod
517 931 561 1003 fit,
579 935 604 998 si
629 934 684 997 ille
707 935 761 1017 qui
783 933 898 1000 obesse
915 933 1041 1001 desinit,
1062 935 1227 1016 prodesse
1248 935 1313 998 iam
1335 934 1478 1018 incipiat¹

390 1061 444 1126 24.
469 1062 522 1126 Ex
535 1059 647 1124 eodem
664 1060 822 1144 principio
839 1064 926 1143 patet
941 1079 1005 1122 non
1019 1059 1134 1124 edesse
1148 1060 1317 1123 simoniam
1340 1060 1375 1122 in
1395 1077 1479 1121 mer·

301 1185 389 1251 cede.
406 1205 488 1269 quae
512 1183 700 1269 rependitur
722 1184 879 1248 ministris
901 1204 1014 1247 rernm
1036 1202 1206 1248 sacrarum
1229 1184 1270 1247 ob
1289 1183 1476 1248 earumdem

299 1309 616 1374 administrationem.
626 1309 700 1391 quia
716 1311 748 1371 in
761 1308 811 1373 his
827 1307 1015 1372 muneribus
1026 1307 1258 1393 perfungendis
1270 1307 1362 1374 adest
1373 1306 1476 1383 labor,

299 1453 355 1498 seu
379 1431 623 1502 incommodum.
648 1433 832 1497 necessario
860 1433 1036 1496 inhaerens
1059 1432 1107 1496 rei
1131 1451 1246 1496 sacrae
1268 1430 1475 1508 administra·

296 1560 395 1625 tioni:
412 1561 529 1642 quique
552 1557 653 1629 labor,
678 1558 730 1621 vel
753 1558 965 1622 intrinsecis.
990 1563 1040 1620 est
1063 1555 1139 1640 quid
1162 1557 1350 1642 temporale.
1367 1556 1471 1641 pretio

298 1683 505 1748 aestimabile.
524 1684 670 1766 Insuper.
683 1683 760 1747 huic
777 1681 878 1746 labori
895 1682 1078 1747 intrinseco
1094 1684 1222 1766 saepius
1241 1680 1366 1746 accedit
1380 1680 1473 1745 labor

296 1811 515 1888 estrinsecus,
525 1828 582 1872 seu
594 1807 671 1872 illud
684 1807 824 1892 speciale
836 1806 1071 1872 incommodum
1083 1811 1266 1890 susceptum
1278 1825 1299 1869 a
1311 1808 1469 1876 ministro.

298 1935 414 1998 intuitu
437 1951 605 2018 personae,
626 1932 815 2018 postulantis
837 1953 880 1996 ex
899 1934 1015 2017 gretia,
1032 1933 1171 2015 aliquem
1189 1931 1386 2016 peculiarem
1403 1950 1476 2014 ope·

266 2135 267 2140 ἵ
297 2059 342 2124 ris
358 2058 499 2122 modum:
516 2060 569 2142 qui
585 2058 721 2143 proinde
737 2059 948 2124 extrinsecus
963 2056 1064 2129 labor,
1079 2077 1144 2121 non
1160 2057 1352 2123 necessario
1365 2055 1473 2119 inhae

298 2203 374 2247 rens
390 2184 440 2246 rei
454 2184 629 2266 spiritualis
651 2181 929 2248 administrationi.
947 2189 997 2246 est
1018 2181 1125 2265 aliqua
1148 2181 1300 2246 mercede
1323 2200 1472 2264 compen·

297 2308 424 2374 sendus.
451 2309 522 2373 Hoc
545 2307 585 2372 de
608 2308 683 2372 iure
709 2307 864 2374 naturali
893 2307 1018 2373 diuino.
1040 2309 1084 2371 At
1106 2306 1147 2371 de
1169 2308 1221 2371 his
1244 2325 1362 2390 magna
1383 2306 1474 2370 lucta

296 2433 378 2518 apud
405 2435 438 2498 1).
465 2433 500 2497 D.
527 2469 544 2479 -
570 2432 600 2498 S.
627 2432 722 2517 Alph.
750 2433 815 2512 ΙΙΙ,
841 2432 899 2498 55.

385 2558 431 2622 De
453 2557 530 2623 iure
554 2557 709 2640 positivo,
735 2558 852 2620 necin
881 2557 984 2620 veteri
1009 2576 1069 2621 nec
1091 2558 1125 2620 in
1149 2576 1234 2621 nora
1260 2557 1348 2642 Lege
1370 2576 1471 2641 gene-

295 2685 390 2747 ratim
413 2682 578 2746 inhibetur
601 2681 820 2746 saoerdotibus
842 2683 890 2744 sui
914 2682 1082 2745 ministerii
1111 2682 1259 2766 recipere
1282 2702 1301 2745 a
1324 2679 1470 2745 fidelibus

294 2806 485 2877 mercedem,
512 2808 543 2869 in
572 2825 661 2870 suam
685 2808 968 2877 sustentationem
997 2807 1085 2869 etin
1109 2806 1289 2889 Evangelio
1312 2783 1468 2890 legimus:

294 2930 426 3017 Dionos
448 2936 497 2995 est
518 2931 700 3012 operarius
722 2931 877 2996 mercede
898 2950 963 2995 suo
980 2929 1071 3013 (Luc.
1090 2931 1142 3011 10,
1160 2929 1194 3015 7)
1211 2938 1260 2996 et:
1284 2929 1365 3001 Quis
1383 2928 1470 2993 mili-

294 3062 341 3121 tot
364 3056 434 3121 suis
457 3054 640 3137 stipendiis.
662 3053 705 3139 (S.
729 3056 819 3119 Paul.
844 3056 967 3127 1Cor.,
985 3057 1016 3136 9,
1041 3056 1087 3140 7).
1112 3057 1194 3121 Usus
1217 3074 1296 3119 vero
1319 3056 1470 3138 antiquus

292 3265 366 3319 dent.
378 3264 498 3319 Vexatio
512 3280 564 3319 non
579 3269 622 3317 est
634 3266 746 3329 iniusta,
754 3266 801 3318 sed
813 3266 901 3319 laedit
913 3272 1064 3333 caritatem,
1072 3267 1181 3337 quando
1195 3266 1323 3320 consistit
1332 3266 1359 3319 in
1371 3268 1465 3319 favore

292 3372 418 3440 impenso
436 3371 533 3437 elteri,
552 3370 638 3425 veluti
658 3372 769 3424 aemulo
789 3388 865 3435 meo,
882 3373 1029 3426 candidato
1054 3374 1088 3426 ad
1113 3374 1285 3441 paroeciam,
1306 3372 1353 3427 sed
1376 3373 1467 3425 minue

291 3477 384 3547 digno.
403 3477 431 3531 Si
452 3494 539 3548 seque
561 3479 599 3531 sit
617 3478 725 3546 dignus,
744 3481 848 3532 coritas
870 3496 923 3533 non
944 3480 1079 3547 laeditnr3
1097 3485 1128 3533 et
1150 3496 1204 3533 non
1224 3486 1267 3533 est
1284 3479 1466 3532 simoniacum

291 3586 343 3637 eibi
364 3584 515 3638 conciliare
544 3602 591 3653 per
610 3586 754 3653 pecuniam
777 3583 851 3640 hunc
868 3588 1007 3651 favorem3
1025 3587 1173 3641 dummodo
1191 3588 1238 3657 qui
1257 3588 1342 3649 favet,
1360 3585 1465 3639 directe

287 3693 424 3761 prodesse
442 3706 497 3744 non
517 3692 638 3761 incipiat.
658 3692 758 3745 Emere
782 3694 907 3747 levorem
931 3693 1051 3747 hominis
1069 3693 1121 3747 sibi
1141 3694 1257 3758 inimici,
1281 3710 1315 3747 ne
1335 3697 1465 3761 patronos

290 3802 410 3862 evertat,
423 3814 477 3850 non
493 3802 535 3851 est
551 3798 748 3861 simoniacum3
762 3799 827 3868 qnid
843 3800 971 3855 obtinere
991 3802 1145 3869 pecuniam,
1159 3818 1193 3853 ne
1207 3805 1340 3869 patronus
1356 3814 1465 3866 comps·

291 3906 386 3957 tronos
406 3903 503 3957 reddet
527 3902 652 3958 alienos?
670 3918 687 3961 t(
709 3907 764 3961 Sed
785 3909 836 3961 hoc
860 3909 991 3961 ultimum
1010 3908 1062 3975 (sit
1082 3907 1253 3961 D'Annibsle
1272 3906 1291 3960 l.
1312 3923 1336 3959 c.
1356 3924 1385 3958 n.
1406 3905 1468 3967 102,

291 4014 347 4062 not.
364 4010 417 4079 17),
437 4027 506 4080 opus
521 4021 560 4065 est
571 4012 652 4066 eleae
670 4014 788 4081 plenum
801 4029 827 4069 r.
841 4013 922 4077 Sane,
931 4025 1065 4084 patronos
1083 4031 1139 4068 non
1156 4016 1280 4069 reddere
1292 4014 1408 4079 alienos,
1423 4016 1467 4066 est

290 4116 355 4186 quid
376 4117 544 4187 temporale;
562 4118 610 4174 sed
628 4120 781 4187 pericnlum
800 4122 874 4175 inest
887 4123 1042 4189 proximum
1055 4124 1200 4189 simoniae,
1212 4122 1314 4193 quiesi
1332 4136 1466 4189 ponemus

290 4223 375 4277 elium
396 4239 450 4277 non
469 4228 578 4291 iniuste,
591 4226 638 4280 sed
659 4228 729 4280 iuste
748 4232 879 4295 patronos
897 4228 971 4282 velle
991 4230 1059 4282 mihi
1078 4229 1192 4283 reddere
1211 4229 1327 4293 alienos,
1339 4226 1466 4297 sequitur

289 4344 343 4394 me,
356 4334 449 4398 empto
468 4332 561 4385 favore
574 4329 656 4385 huius
676 4334 794 4401 patroni,
806 4333 912 4387 directe
924 4335 998 4388 viam
1011 4341 1136 4394 sternere
1149 4333 1215 4388 mihi
1236 4335 1270 4388 ad
1289 4334 1465 4399 beneficium,

290 4438 318 4488 et
338 4434 388 4489 hoc
407 4437 467 4492 fleri
488 4438 626 4492 mediante
643 4440 743 4508 prelio,
763 4456 810 4493 sen
830 4440 987 4494 simoniace.
