3350 5100
320 288 386 353 378
435 256 438 264 ¹
830 310 913 356 runs
938 310 988 357 111.

320 432 360 496 ad
385 433 503 499 iactum
527 440 559 497 et
581 432 622 497 ad
645 452 847 520 personas».
866 438 937 499 Λή.
962 435 1042 500 288:
1062 456 1079 497 c
1098 436 1273 520 Explicare
1289 434 1383 500 debet
1399 438 1496 521 potis-

320 562 433 626 simum
458 561 650 646 principium
674 566 707 625 et
729 580 859 627 causam
884 567 1021 633 actuum,
1040 564 1092 645 qui
1116 563 1274 649 originem
1298 568 1332 627 et
1354 563 1496 627 occasio-

319 707 393 751 nem
410 686 630 783 praebuerunt
645 689 782 760 crimini,
808 688 1007 773 distinguere
1028 688 1223 773 principales
1245 692 1405 761 auctores,
1422 707 1496 752 con-

319 812 505 895 spiratores,
530 811 676 878 fautores
698 818 755 876 aut
776 812 960 896 complices,
985 818 1017 879 et
1040 812 1080 877 de
1103 811 1249 877 omnibus
1280 812 1398 877 docere
1426 811 1496 875 ion-

321 941 384 1000 tem
407 938 562 1001 scientiae
579 958 609 1000 a.
634 937 706 1003 Λή.
731 936 815 1003 289:
842 937 909 1003 «Si
934 937 1094 1022 expediat,
1119 938 1352 1022 interrogatur,
1377 956 1418 1001 an
1442 936 1495 1001 alii

320 1062 479 1126 certiores
499 1063 564 1127 sint
586 1060 627 1125 de
649 1060 744 1127 iactis
767 1061 808 1127 ab
831 1064 900 1147 ipso
917 1064 1068 1135 narratis,
1085 1068 1143 1127 aut
1165 1062 1205 1128 de
1227 1063 1308 1135 aliis.
1326 1062 1365 1128 de
1384 1062 1496 1148 quibus

320 1188 388 1272 ipse
411 1187 564 1271 specialia
587 1187 738 1253 adiuncta
762 1187 890 1253 referre
913 1208 977 1253 non
1001 1188 1088 1255 valet
1104 1210 1135 1254 ».
1160 1190 1231 1254 Art.
1256 1188 1336 1255 290:
1364 1188 1497 1252 ‹Prae-

320 1318 411 1378 terea
435 1313 685 1398 interrogandus
709 1319 759 1378 est
779 1333 821 1377 an
854 1314 919 1378 alia
949 1320 1124 1399 cognoscat
1154 1334 1236 1401 quae
1259 1318 1291 1379 in
1315 1315 1495 1398 interroga·

319 1438 410 1501 toriis
441 1438 603 1520 exquisita
632 1457 697 1502 non
728 1444 802 1503 sont
818 1457 849 1502 >.
875 1440 947 1503 Λή.
971 1438 1047 1505 291:
1075 1436 1253 1505 «Curatur
1283 1439 1405 1503 maiore
1434 1456 1497 1521 qua

318 1568 424 1648 potest
445 1562 516 1629 fieri
540 1564 721 1650 diligentia,
752 1566 882 1650 scriptis
905 1584 1047 1631 exarare
1078 1566 1282 1633 narrationes
1314 1572 1347 1631 et
1368 1568 1496 1631 testium

320 1690 546 1773 responsiones
569 1667 642 1755 cum
666 1690 777 1755 iisdem
797 1689 916 1763 verbis,
933 1696 989 1757 aut
1010 1690 1226 1756 locutionibus
1249 1690 1289 1756 ab
1305 1692 1381 1776 ipsis
1404 1710 1497 1756 usur·

320 1816 412 1901 patis.
437 1818 611 1901 praecipue
642 1816 769 1900 quando
800 1818 951 1883 referunt
973 1817 1074 1883 rerba
1096 1816 1137 1883 ab
1160 1818 1232 1906 aliis
1259 1818 1386 1903 prolata
1409 1824 1441 1883 et
1463 1820 1496 1882 in

320 1939 428 2025 specie
450 1938 491 2003 ab
515 1941 748 2025 inquisito...»
774 1944 846 2007 Λή.
869 1922 952 2007 296:
982 1941 1147 2015 «Quoties
1169 1960 1303 2007 necesse
1326 1942 1376 2024 sit,
1394 1943 1496 2026 repeti

320 2066 409 2131 valet
431 2083 570 2131 examen
593 2066 684 2131 testis
707 2067 777 2132 sive
799 2064 840 2129 ad
864 2065 1076 2131 declarandas
1103 2067 1165 2131 iam
1198 2065 1339 2132 redditas
1368 2070 1497 2133 attesta-

319 2195 424 2259 tiones
432 2194 508 2259 ‘sire
522 2192 563 2257 ad
578 2212 665 2259 nova
688 2191 809 2257 indicia
832 2191 1042 2278 exploranda,
1066 2193 1258 2277 praehabita
1272 2214 1399 2278 semper
1415 2196 1497 2258 iura·

320 2319 420 2383 menti
443 2317 669 2403 prolatione».
687 2320 759 2381 Λή.
777 2316 861 2383 297;
880 2337 898 2379 a
915 2317 1054 2402 Expleto
1070 2318 1220 2383 examine
1239 2319 1403 2383 actuarius
1419 2318 1498 2402 legit

283 2495 287 2503 .
320 2446 557 2510 attestationem
569 2446 644 2509 testi
657 2446 699 2509 ita
717 2450 752 2510 ut
763 2444 817 2509 bic
833 2445 941 2508 omnia
956 2462 1110 2529 expresse
1122 2444 1281 2529 percipiat
1292 2463 1322 2509 t.
1337 2445 1407 2509 Λή.
1420 2442 1495 2509 298;

323 2590 341 2636 ‹
358 2571 437 2637 Inde
451 2573 572 2656 petitur
586 2576 703 2637 ateste
718 2591 759 2636 an
775 2590 866 2636 suam
883 2572 1119 2637 attestationem
1138 2567 1318 2651 confirmet,
1329 2589 1370 2634 an
1388 2570 1497 2654 aliqua

320 2695 442 2779 habeat
453 2715 535 2779 quae
551 2695 681 2761 adiiciat
695 2699 751 2760 aut
766 2697 920 2780 corrigat.
938 2695 1028 2770 Quae
1044 2695 1163 2760 dantur
1178 2697 1405 2782 responsiones
1420 2695 1497 2760 scri·

321 2821 383 2905 ptis
405 2820 608 2892 mandantur,
625 2825 659 2885 et
677 2824 789 2905 postea
807 2821 893 2890 testi.
909 2821 941 2884 in
967 2819 1113 2884 eumdem
1137 2840 1279 2905 scopum,
1294 2819 1449 2905 leguntur
1464 2839 1495 2883 a.

323 2949 393 3012 Λή.
417 2947 500 3014 299:
527 2947 596 3012 ‹Si
618 2947 709 3012 testis
733 2947 794 3012 soit
818 2947 974 3027 scribere,
1005 2947 1138 3031 apponit
1168 2967 1256 3012 suam
1288 2945 1495 3030 subscriptio-

321 3091 394 3138 nem
410 3094 441 3137 ».
465 3075 537 3138 Art.
554 3073 634 3138 300:
658 3073 724 3137 ‹Si
741 3077 791 3138 est
814 3073 1000 3138 illitteratus
1023 3091 1156 3138 crucem
1179 3073 1310 3158 signare
1333 3070 1429 3137 debet
1447 3091 1498 3136 co·

321 3217 390 3264 ram
413 3196 537 3262 duobus
559 3195 692 3261 testibus
715 3197 767 3279 qui
792 3194 1062 3280 subscriptionem
1077 3198 1243 3279 apponunt
1257 3201 1422 3278 postquam
1439 3195 1496 3257 aci·

321 3325 428 3389 verint
443 3327 561 3388 ateste
584 3326 708 3387 textum
729 3321 843 3406 scripti
859 3321 1017 3385 examinis
1034 3320 1092 3404 ipsi
1109 3320 1286 3404 perlectum
1303 3337 1497 3405 correspon-

321 3449 400 3514 dere
422 3469 500 3514 suae
521 3449 767 3514 attestationi».
790 3449 861 3540 Art.
878 3447 961 3512 301:
989 3468 1007 3510 a
1025 3447 1179 3531 Quaeque
1195 3446 1372 3531 inscriptis
1388 3446 1496 3518 litura

321 3595 403 3662 quae
426 3581 526 3641 mutet
548 3553 605 3640 aut
627 3575 806 3660 supprimat
829 3572 939 3646 verba,
957 3578 1006 3638 est
1020 3572 1165 3639 absolute
1181 3571 1350 3657 prohibita
1370 3573 1497 3638 Etenim

321 3703 347 3767 si
371 3721 449 3787 opus
472 3701 524 3783 sit,
541 3700 658 3765 debent
672 3699 775 3764 verba
790 3699 986 3784 corrigenda
1008 3705 1065 3763 aut
1087 3698 1241 3764 mutanda
1262 3699 1356 3764 lineis
1377 3697 1497 3764 includi

321 3829 366 3893 ita
394 3832 430 3892 ut
459 3827 522 3912 legi
554 3826 693 3911 possint;
718 3824 893 3908 eademque
917 3825 950 3890 in
973 3825 1121 3911 margine
1152 3825 1255 3890 relata
1285 3823 1325 3888 ab
1352 3824 1497 3890 actuario

320 3955 353 4016 et
374 3971 394 4014 a
415 3953 499 4016 teste
521 3947 783 4024 subscribuntur3
806 3952 863 4012 aut
885 3967 985 4014 cruce
1008 3948 1179 4032 signantur
1202 3945 1323 4012 duobus
1353 3946 1496 4018 testibus.

320 4076 368 4141 uti
390 4094 498 4160 supra,
515 4073 675 4140 adhibitis.
693 4073 782 4139 ldem
805 4071 1049 4158 subscriptionis
1069 4072 1181 4137 modus
1204 4077 1365 4142 servatur.
1383 4073 1409 4138 si
1425 4093 1495 4139 cum

320 4200 449 4286 postilla
472 4201 686 4266 correctionis
708 4199 827 4285 aliquid
850 4199 1045 4266 attestationi
1069 4198 1263 4264 adiiciantur
1284 4221 1314 4262 ».
1339 4199 1498 4264 Nimirum

320 4341 541 4410 quaecumque
563 4326 697 4390 mutatio
719 4325 758 4389 ia
781 4329 876 4391 tactu
890 4324 970 4388 velit
986 4322 1107 4396 induci,
1124 4322 1160 4388 in
1183 4324 1342 4410 murpine
1358 4321 1498 4390 notanda

321 4455 370 4515 est
391 4450 576 4535 eademque,
600 4451 753 4535 legitime,
777 4448 1019 4516 subscribenda.
