3350 5100
302 291 367 356 140
821 309 905 358 rans
930 309 966 356 ιι.

299 439 492 530 promanant
515 437 583 498 tum
605 433 638 497 in
661 439 738 500 octa
761 453 885 500 causae
899 441 968 501 tum
982 436 1015 499 in
1032 439 1109 500 actu
1123 432 1242 500 iudicii
1258 451 1301 498 ex
1317 428 1482 498 differenti

300 556 426 622 obiecto
456 557 508 622 cui
535 556 687 643 dirigitur
712 559 864 624 iudicium
895 559 1081 634 criminale;
1109 555 1366 642 quandoquidem
1394 557 1483 623 actio

300 701 358 746 seu
381 681 558 763 accusatio,
583 683 730 748 ordinata
750 691 799 750 est
822 684 863 749 ad
886 683 1113 750 vindicandum
1136 702 1202 747 non
1225 682 1344 747 bonum
1370 679 1482 766 priva-

300 805 368 866 tum
391 802 448 868 sed
471 803 590 868 bonum
610 805 782 890 publicum.
800 806 945 890 Namque
968 805 1127 871 obiectum
1147 802 1255 870 iudicii
1274 802 1381 868 ciuilis
1405 806 1483 867 sunt

300 930 445 996 actiones
471 930 584 996 civiles
607 935 640 996 et
662 931 739 997 hinc
769 934 842 997 iura
872 934 1072 1018 privatorum
1096 931 1220 1005 civilia;
1246 927 1435 994 criminalia
1463 947 1482 992 e

301 1058 416 1118 contra
442 1053 602 1120 obiectum
626 1059 702 1120 sunt
721 1075 854 1138 poenae
882 1057 1064 1121 executioni
1095 1052 1337 1120 demandandae
1361 1053 1394 1116 in
1417 1052 1481 1116 cri-

301 1179 396 1243 minis
418 1186 595 1245 auctorem.
614 1215 631 1227 ·
656 1180 761 1244 Porro
783 1181 867 1247 haec
890 1183 1061 1245 criminum
1085 1179 1225 1265 cognitio
1249 1182 1282 1243 et
1305 1196 1482 1263 poenarum

233 1336 237 1344 «
300 1302 449 1366 executio
473 1302 630 1367 iudicialis
654 1323 719 1368 nou
747 1310 796 1368 est
819 1303 1032 1388 relinquenda
1054 1301 1190 1368 arbitrio
1210 1302 1323 1367 iudicis
1347 1300 1402 1366 sed
1426 1300 1482 1364 hic

301 1445 360 1510 pro
384 1432 550 1510 potestate,
571 1447 666 1511 quam
686 1429 817 1510 obtinet,
833 1429 977 1514 legitime
993 1429 1171 1513 procedere
1187 1427 1281 1492 debet
1304 1427 1336 1489 in
1360 1443 1482 1509 cogno·

301 1550 429 1615 scandis
445 1550 632 1616 criminibus
648 1557 680 1617 et
694 1553 806 1637 poenis
821 1552 1029 1638 applicandis,
1046 1573 1090 1617 sc.
1107 1553 1289 1630 observata,
1306 1549 1339 1614 in
1357 1549 1479 1634 primis,

301 1672 408 1738 forma
423 1695 593 1759 processus
609 1696 668 1760 per
683 1676 828 1762 publicas
853 1677 941 1762 leges
965 1677 1146 1741 constituta.
1164 1709 1180 1723 -
1205 1674 1314 1749 Quare
1330 1672 1483 1738 iudicium

300 1799 471 1864 criminale
486 1801 531 1864 ita
548 1798 676 1866 definiri
700 1807 822 1886 potest:
847 1803 1045 1884 conplexus
1068 1805 1223 1868 actorum
1246 1805 1335 1866 certo
1359 1797 1482 1865 ordine

301 1927 332 1986 et
357 1921 485 2004 forma,
514 1925 547 1988 ci
574 1927 688 2012 legum
711 1926 1024 2007 determinatorum,
1050 1923 1171 2010 quibus
1194 1924 1322 1990 iudices
1346 1939 1479 2004 compe-

301 2050 406 2111 tentes
428 2055 634 2133 cognoscunt
657 2049 699 2114 de
722 2049 921 2116 muricibus
935 2068 1121 2134 eorumque
1136 2047 1330 2114 auctoribus
1352 2051 1392 2112 ut
1413 2045 1481 2111 cri-

300 2168 425 2234 minosi
448 2169 601 2237 homines
616 2169 746 2237 debitas
761 2173 858 2237 luant
870 2191 1011 2254 poenus.
1028 2207 1042 2218 -
1060 2170 1216 2236 Iudicium
1233 2170 1325 2235 crim.
1342 2171 1386 2234 ita
1401 2187 1480 2233 con-

300 2291 463 2357 sideratur
486 2292 665 2377 obiectice3
688 2315 762 2359 nam
784 2294 964 2362 audientiae
995 2297 1158 2381 inspectae
1190 2295 1278 2379 leges
1309 2311 1482 2378 processus

299 2418 476 2483 criminalis
498 2418 717 2485 determinant
739 2421 857 2485 limites
874 2423 927 2506 qui
948 2427 1065 2506 regunt
1089 2425 1121 2486 et
1144 2419 1354 2486 moderantur
1378 2420 1480 2503 ipsam

299 2547 488 2627 potestatem
512 2546 685 2611 accusandi
708 2552 742 2612 et
764 2545 926 2611 iudicandi
951 2565 1034 2611 reos.
1072 2564 1076 2573 ·

389 2670 442 2735 99.
467 2672 580 2755 ltaque
602 2676 714 2737 nostra
736 2674 887 2737 tractatio
911 2692 949 2736 eo
973 2676 1097 2758 spectat
1111 2672 1308 2757 potissimum
1324 2676 1359 2735 ut
1374 2669 1480 2754 expli-

299 2816 408 2862 cemus
441 2798 587 2863 ordinem
617 2804 650 2869 ot
680 2798 818 2864 formam
852 2804 1001 2864 actorum
1032 2799 1285 2883 processualium
1320 2800 1480 2879 quatenus

297 2940 467 3005 processus
480 2924 657 2987 criminalis
669 2920 777 2998 differt
789 2942 808 2986 a
821 2923 907 2987 civili
919 2942 927 2998 ;
944 2922 999 2987 sed
1012 2928 1183 3006 antequam
1200 2940 1333 3007 agarum
1348 2919 1389 2985 de
1402 2939 1479 3003 ope-

299 3048 379 3113 ciali
393 3048 509 3129 forma
525 3069 695 3134 processus
710 3051 763 3134 qui
780 3050 876 3114 hodie
891 3050 974 3135 apud
992 3050 1099 3114 curias
1116 3050 1352 3115 ecclesiasticas
1368 3048 1478 3113 obser·

298 3173 371 3236 vari
386 3172 490 3254 debet,
503 3176 737 3259 praemittimus
751 3174 947 3260 guerricum
959 3176 1194 3247 tractationem,
1208 3174 1241 3238 in
1257 3192 1320 3257 qua
1332 3172 1477 3237 diversas

298 3298 485 3361 evolvemus
508 3296 702 3381 procedendi
732 3298 855 3363 formas
885 3298 918 3361 in
948 3298 1097 3362 Ecclesia
1122 3297 1297 3382 adoptatas,
1318 3302 1352 3360 at
1381 3295 1478 3361 hodie

298 3438 415 3504 magna
438 3439 481 3483 ex
503 3424 598 3504 parte
619 3417 660 3483 ad
684 3418 861 3485 historiam
877 3419 962 3485 iaris
977 3418 1205 3485 emendandas.
1232 3420 1410 3483 Praeterea
1432 3416 1474 3482 de

298 3543 438 3610 iudicum
454 3545 669 3629 competentia
692 3544 725 3606 in
748 3542 811 3608 hac
837 3545 974 3609 materia
996 3547 1157 3629 appositas
1181 3543 1311 3628 regulas
1335 3543 1475 3627 explica-

296 3669 408 3744 bimus,
432 3676 529 3754 atque
552 3670 747 3735 disseremus
770 3668 810 3733 de
832 3668 977 3755 partibus
1000 3668 1123 3753 quibus,
1137 3670 1322 3734 necessario
1352 3686 1409 3734 seu
1432 3667 1473 3733 ad

297 3794 516 3868 substantiam,
531 3798 657 3862 constat
677 3793 830 3860 iudicium
850 3796 1019 3859 criminale
1035 3816 1096 3861 nec
1112 3816 1177 3860 non
1193 3795 1232 3860 de
1248 3794 1382 3860 actione
1407 3794 1475 3860 cri-

297 3921 418 3985 minati
434 3920 553 4004 aliquid
569 3918 722 3984 dicemus.
736 3919 845 3994 Quare
857 3920 921 3985 hac
935 3922 1128 3985 tractatione
1144 3920 1355 3984 continentur
1371 3918 1474 3984 veluti

293 4046 539 4131 prolegomena
562 4044 600 4108 in
621 4044 751 4111 iudicia
774 4044 982 4109 criminalia.

387 4171 512 4236 Verum
534 4170 574 4234 ab
597 4170 732 4245 obiecto,
749 4169 849 4236 veluti
872 4190 892 4235 a
915 4190 972 4236 suo
996 4168 1068 4245 fine,
1085 4170 1147 4234 hae
1164 4169 1312 4235 diversae
1333 4170 1478 4235 rationes

297 4289 436 4356 iudicum
460 4296 493 4357 et
517 4291 706 4357 iudiciorum
730 4291 944 4358 desumendae
967 4296 1050 4357 sunt.
1076 4292 1124 4357 Sit
1147 4294 1265 4377 itaque,
