3350 5100
715 922 1022 1013 Annnesnnu
1056 920 1117 1009 Il.

554 1152 751 1214 Documenta
775 1168 835 1227 pro
855 1152 966 1213 musis
986 1150 1277 1213 matrimonialibus

738 1614 740 1619 ’
772 1587 1062 1655 CONSTITUTIO

435 1784 470 1831 IN
494 1786 559 1840 Qus
585 1786 852 1833 Pususcaleiuua
875 1786 963 1834 ORDO
988 1786 1030 1831 ET
1053 1784 1166 1833 FORMA
1190 1786 1226 1831 m
1251 1784 1391 1832 molens

526 1944 529 1953 ’
551 1928 728 1977 causalium
752 1927 1056 1975 ntanmnsoulstiuu
1079 1925 1277 1975 SERVANDUS

604 2322 916 2379 annumeras
944 2294 1216 2380 spiscopus

743 2465 851 2503 suaviis
869 2464 1025 2503 SERVORUH
1044 2466 1091 2503 DBl

718 2585 752 2616 An
766 2585 911 2618 Panamara
924 2585 965 2616 ΙΙΙ
978 2583 1116 2616 ΜΕΙΟΒΙΛΙ.

413 2769 463 2823 Dei
482 2769 669 2836 miserstione,
686 2769 764 2822 cuius
783 2769 886 2822 iudicia
903 2767 1197 2838 incomprehensibilia
1214 2772 1280 2820 sunt
1298 2770 1327 2820 et
1344 2767 1408 2822 viae
1425 2767 1501 2821 inve-

324 2875 479 2944 stigabiles,
497 2876 525 2929 in
544 2892 675 2944 suprema
694 2875 836 2930 Ecclesiae
858 2873 971 2943 specula
994 2877 1174 2929 immerentes
1191 2875 1352 2939 constituti,
1370 2879 1402 2927 ut
1419 2888 1502 2942 super

324 2983 483 3038 universum
509 2983 682 3038 Dominicum
708 2999 821 3052 gregem
846 2983 978 3037 excubias
996 2981 1092 3036 sedulo
1116 2999 1247 3050 agonum,
1265 2981 1300 3034 ad
1324 2981 1501 3036 commissum

324 3089 472 3160 pastoralis
489 3090 572 3144 officii
591 3107 691 3144 munus
716 3089 856 3159 pertinere
877 3089 1065 3159 dignoscimus
1081 3091 1281 3145 subnascentes
1298 3087 1502 3161 eniniernalis

323 3195 412 3250 hostis
429 3197 534 3250 astutia
552 3201 580 3250 et
599 3195 742 3250 hominum
761 3195 871 3249 malitia
889 3197 1001 3262 abusus,
1015 3196 1116 3267 quibus
1127 3201 1157 3252 et
1169 3195 1323 3249 animarum
1342 3195 1427 3249 saluti
1440 3211 1502 3264 pei·-

323 3301 419 3368 nicies,
432 3307 461 3356 et
473 3303 661 3370 Sacramentis
676 3302 818 3357 Ecclesiae
829 3303 935 3357 iniuria*
951 3304 1080 3368 infertur,
1092 3303 1225 3356 radicitus
1239 3302 1370 3367 evellere,
1382 3306 1412 3357 et
1424 3305 1501 3371 pote·

322 3410 404 3464 statis
416 3409 503 3464 Nobis
514 3410 632 3478 desuper
649 3410 769 3464 traditae
782 3425 894 3479 operam
914 3410 1100 3480 interponere,
1113 3415 1146 3463 ut
1157 3413 1187 3464 et
1203 3409 1325 3467 humans
1337 3408 1504 3481 cohibeatur

322 3517 477 3583 temeritas,
495 3521 524 3571 et
541 3517 700 3572 veneranda
719 3516 833 3572 Divinae
854 3517 937 3585 legis
956 3523 1083 3572 serretur
1101 3490 1268 3570 auctoritas,

413 3628 431 3688 ἓ
451 3623 471 3677 1.
492 3623 634 3694 Siquidem
653 3623 827 3676 Matrimonii
846 3622 942 3677 foedus
954 3639 971 3675 a
984 3608 1045 3676 Deo¹
1053 3622 1223 3686 institutum,
1236 3622 1310 3692 quod
1321 3626 1351 3676 et
1362 3626 1501 3692 quatenus

322 3735 440 3785 naturae
452 3729 572 3784 officium
585 3735 635 3794 est,
649 3745 698 3800 pro
711 3729 870 3784 mouendae
887 3729 974 3799 prolis
985 3728 1086 3794 studio,
1099 3728 1218 3798 aliisque
1231 3727 1402 3782 Matrimonii
1420 3729 1500 3781 bonis

270 3909 273 3914 Ι
322 3839 473 3904 servandis,
486 3843 659 3909 perpetuum,
672 3843 701 3892 et
713 3837 906 3892 indissolubile
924 3853 985 3891 esse
997 3837 1139 3901 convenit;
1152 3841 1182 3892 et
1193 3841 1331 3907 quatenus
1343 3839 1387 3891 est
1398 3835 1500 3889 Oatbo·

321 3945 394 4000 lices
413 3946 554 4001 Ecclesiae
574 3947 798 4010 Sacramentum,
819 3945 940 3998 bumana
958 3945 1183 4014 praesumptione
1200 3943 1314 3998 dissolvi
1334 3961 1388 3998 non
1411 3959 1499 4014 uisse,

323 4050 452 4106 Salvator
464 4053 522 4120 ipse
534 4068 582 4106 ore
594 4067 645 4105 sno
657 4051 853 4120 pronunciavit
868 4051 978 4104 dicens:
999 4051 1079 4110 Quod
1091 4051 1167 4104 Deua
1185 4052 1337 4115 coniunxit,
1348 4051 1429 4104 bouso
1443 4065 1500 4102 non

321 4167 450 4228 aeporetc
468 4158 501 4211 sd
519 4173 601 4212 aures
620 4157 800 4227 Apostolatus
819 4157 912 4211 Nostri
928 4158 1063 4225 pervenit,
1076 4157 1104 4210 in
1116 4155 1500 4233 quibusdam-Ecclesiasticis

321 4262 413 4320 Curiis
431 4264 588 4318 inconsulta
606 4266 688 4318 nimis
708 4264 830 4318 lodicum
848 4263 986 4318 facilitate
1005 4264 1130 4334 infringi,
1142 4268 1289 4319 attemere
1307 4269 1391 4334 atque
1403 4264 1499 4316 incon·

322 4371 441 4425 siderate
460 4371 493 4424 de
512 4371 670 4424 eorumdem
693 4370 935 4424 Matrimoniorum
961 4370 1092 4425 nullitate
1110 4371 1176 4425 latis
1194 4371 1357 4435 sententiis,
1375 4373 1499 4439 potesta-
