3350 5100
316 257 359 322 80
842 278 926 326 rens
950 277 973 324 1.

315 396 522 484 deponendus
545 404 578 464 et
600 397 825 483 degradandus
847 405 907 472 est
923 403 960 463 nt
981 402 1094 466 curiae
1116 398 1265 465 tradatur
1288 400 1459 464 saeculari.
1474 435 1494 450 -

316 519 441 586 Verum
458 521 557 607 Greg.
573 522 656 588 XIV
679 521 739 587 has
761 541 892 609 poenas,
908 526 1019 607 utpote
1042 521 1225 608 rigidiores,
1245 521 1394 587 emollire
1416 523 1496 589 deli·

314 644 450 711 beravit.
476 646 582 712 Porro
606 646 712 713 Oonst
738 647 878 740 «Sedes
900 646 1129 731 Apostolicn»
1155 646 1256 721 iussit,
1485 659 1487 663 ’

449 769 480 856 l)
504 771 612 836 Consi.
636 771 795 838 Sixtinnm
818 769 955 857 posthac
977 772 1091 856 vigere
1106 776 1241 853 tantum,
1263 770 1295 837 si
1316 771 1429 854 foetus
1450 773 1496 838 sit

314 893 508 977 animatns5

447 1020 481 1105 2)
504 1021 664 1107 Episcopo
694 1026 801 1086 autern
828 1021 956 1106 (nempe
986 1040 1060 1086 cum
1091 1020 1197 1086 foetus
1226 1025 1277 1086 est
1306 1021 1493 1107 animatus)

314 1150 497 1228 competere
527 1165 588 1231 per
617 1165 653 1210 se
683 1150 739 1210 eut
768 1164 829 1231 per
858 1146 956 1210 alium
987 1144 1219 1210 absolutionem
1253 1146 1420 1230 impertire
1450 1145 1492 1211 ab

313 1267 646 1336 excommunicatione
669 1290 729 1355 pro
750 1270 829 1353 soro
852 1271 985 1337 interno
1009 1274 1148 1345 tantum;
1170 1289 1235 1334 non
1258 1288 1338 1335 vero
1361 1269 1492 1356 dispen-

313 1412 387 1458 sare
410 1393 450 1458 ab
474 1396 726 1481 irregularitate.
750 1413 849 1479 quum
872 1395 960 1460 Trid.
979 1394 1100 1461 Goncd.
1123 1413 1203 1460 sess.
1218 1393 1278 1475 24,
1303 1394 1418 1478 cop.6
1439 1395 1493 1461 De

312 1521 376 1604 ref.
394 1524 535 1609 excipiat
549 1522 765 1598 homicidium,
783 1525 834 1588 cui
850 1528 1059 1608 comparatur
1073 1522 1206 1589 abortus
1225 1522 1330 1588 foetus
1346 1523 1489 1587 animati.

400 1650 508 1719 Consi.
533 1649 598 1732 Ap.
624 1647 720 1716 Sedis
743 1649 1109 1714 excommunicationem
1133 1649 1316 1716 Ordinariis
1339 1665 1488 1712 reserva·

312 1781 378 1841 tam
401 1777 447 1841 ita
468 1775 540 1842 snb.
564 1796 598 1841 n.
625 1775 663 1841 ΙΙ
685 1774 806 1841 sertin
829 1773 1095 1841 «Procnrnntes
1117 1774 1275 1842 obortum
1299 1775 1415 1859 effectu
1438 1792 1489 1841 se·

311 1906 416 1986 punto
433 1921 462 1965 ›.
487 1901 585 1986 Atqui
608 1901 641 1965 in
664 1906 765 1973 textu,
783 1899 874 1965 nulla
888 1897 923 1964 fit
938 1899 1100 1965 distinctio
1116 1899 1156 1964 de
1173 1900 1262 1965 foetu
1276 1901 1419 1964 animato
1434 1900 1489 1968 vel

310 2027 502 2092 inanimato:
522 2025 593 2091 ideo
610 2026 693 2091 haec
708 1999 879 2098 distinctio,
897 2024 1027 2090 inducta
1042 2027 1074 2089 in
1092 2027 1145 2090 cit
1164 2025 1272 2090 Gonst.
1288 2025 1388 2109 Greg.
1403 2025 1489 2090 XIV

313 2150 417 2218 Sedes
434 2147 551 2234 Apost.
568 2148 626 2215 sub
649 2169 678 2214 a.
698 2150 793 2222 1591,
812 2148 947 2215 dicenda
970 2157 1020 2216 est
1042 2169 1108 2214 non
1130 2150 1267 2236 amplius
1288 2151 1420 2236 vigere3
1443 2153 1493 2216 ita

312 2277 524 2344 communiter
547 2282 826 2342 commentatores.
846 2311 864 2324 ·
881 2274 1112 2343 Proonrontes
1127 2277 1150 2340 ii
1165 2283 1240 2342 sunt
1262 2277 1317 2360 qui
1341 2294 1385 2341 ex
1401 2275 1490 2342 indu·

311 2405 400 2478 stria,
424 2403 498 2469 deta
520 2421 629 2488 opera,
654 2409 814 2487 quaerunt
837 2409 873 2466 ut
895 2401 1006 2482 foetns
1027 2401 1235 2468 immoturus
1253 2403 1401 2478 eiciatur,
1417 2405 1490 2469 sive

310 2524 373 2591 hoc
396 2522 594 2591 intenderint
608 2543 668 2612 per
691 2523 795 2590 media
814 2525 970 2611 physico,
987 2528 1064 2610 puta
1086 2543 1146 2609 per
1168 2524 1314 2611 potiones
1337 2530 1393 2590 aut
1416 2545 1489 2612 per-

311 2651 484 2720 cussiones,
513 2654 569 2714 aut
594 2669 655 2735 per
676 2648 782 2714 media
808 2650 964 2722 morolio,
989 2649 1089 2714 veluti
1113 2668 1172 2734 per
1195 2649 1349 2716 timorem
1380 2650 1491 2717 inens·

310 2794 405 2858 snm;
429 2756 546 2839 exinde
572 2772 706 2839 abortus
731 2772 827 2840 debet
855 2793 926 2840 esse
953 2774 1079 2840 directe
1100 2774 1323 2867 noluntarius,
1347 2773 1428 2839 adeo
1451 2784 1489 2842 ut

310 2902 464 2982 sequatur
494 2896 616 2963 directe
640 2917 812 2971 excausa,
838 2917 919 2981 quae
943 2900 1045 2983 posita
1068 2897 1137 2972 fuit,
1161 2902 1198 2962 ut
1219 2896 1352 2963 abortus
1375 2918 1490 2983 seque-

310 3027 410 3088 retur.
429 3022 537 3097 Quare
559 3024 585 3087 si
610 3022 725 3087 mulier
745 3042 938 3109 praegnans,
956 3024 1047 3088 cuius
1062 3022 1195 3088 abortus
1212 3022 1487 3105 procurabatur,

311 3166 429 3211 revera
458 3148 614 3228 eiecerit‚·
631 3152 678 3219 at,
702 3153 779 3232 puta
802 3167 845 3212 ex
867 3148 960 3233 lapsu
988 3146 1197 3221 accidentali,
1220 3166 1286 3213 non
1310 3149 1485 3231 praeviso,

280 3308 282 3312 -
309 3272 634 3343 excommunicationi
656 3290 721 3335 non
744 3276 795 3338 est
815 3272 916 3337 locus.
938 3273 1117 3337 Praeterea
1136 3269 1250 3338 «Non
1269 3271 1489 3339 contrahitur

310 3394 416 3479 (docet
431 3394 629 3461 D'Annibale
649 3392 774 3461 Oomm.
792 3396 823 3460 it.
841 3395 875 3481 t.)
899 3416 944 3463 en
967 3395 1089 3463 obortu
1110 3395 1302 3462 ootnntnrio
1318 3396 1486 3465 indirecte

310 3524 340 3583 et
356 3518 391 3583 in
407 3538 521 3601 cansa,
535 3519 691 3604 quumvis
706 3538 751 3585 en
765 3519 883 3585 ittioitn
899 3518 1031 3585 actione
1042 3518 1212 3601 prodient
1219 3538 1234 3603 ;
1249 3519 1351 3586 oetnti
1366 3520 1395 3586 si
1408 3524 1488 3606 puts

308 3641 486 3707 mutierem
500 3646 749 3727 proepnnntent
763 3642 916 3728 praviter
927 3642 1134 3724 percusserit
1148 3661 1194 3708 en
1208 3643 1273 3716 iro,
1291 3641 1380 3715 odio,
1397 3646 1484 3712 zeto·

307 3766 402 3851 typin
424 3771 499 3848 etc.;
522 3784 627 3852 eoque
650 3766 763 3832 minus
786 3766 999 3833 contrahitur
1020 3785 1066 3832 en
1088 3765 1210 3832 obortu
1233 3767 1382 3833 admisso
1404 3771 1481 3836 sotn

307 3892 410 3973 culpa
424 3888 537 3977 (civili)
553 3892 605 3956 oet
621 3910 702 3957 casn
718 3911 748 3955 r.
768 3891 964 3957 Procnrnre
988 3897 1094 3955 autem
1118 3891 1342 3977 intelliguntur
1367 3892 1401 3956 hi
1422 3895 1484 3978 qni

308 4014 377 4081 sive
396 4035 462 4099 per
482 4035 519 4081 se
541 4016 610 4082 sive
632 4035 695 4099 per
718 4016 824 4083 utinm
848 4017 980 4101 aliquid
1002 4015 1144 4098 faciunt,
1161 4023 1283 4082 curant
1307 4036 1425 4102 nempe
1449 4025 1487 4085 ut

307 4137 439 4205 abortus
466 4146 628 4225 sequatur.
653 4139 745 4207 Unde
772 4140 964 4206 excludendi
994 4145 1069 4207 suut
1092 4144 1319 4223 consulentes,
1342 4144 1488 4209 retanda·

307 4264 397 4341 torti,
415 4266 586 4351 complices
609 4269 641 4331 in
658 4284 779 4353 genere
795 4266 848 4350 qni
865 4268 993 4330 nomine
1007 4268 1141 4333 alterius
1161 4273 1271 4353 agunt.
1291 4267 1370 4333 Indo
1385 4269 1488 4334 medi·

307 4409 378 4462 cus,
404 4388 591 4476 chirurgus,
616 4391 670 4475 qui
693 4389 841 4456 abortum
864 4396 1041 4475 procurant
1066 4410 1109 4457 ex
1133 4393 1234 4467 iussu,
1260 4412 1301 4458 ex
1329 4390 1480 4458 mandato
