3350 5100
347 279 415 346 132
876 299 959 346 rsus
983 298 1005 344 1.

352 420 591 507 beneficiorum
621 421 850 504 perceptione,
874 421 920 486 act
944 419 1189 504 beneplacitam
1219 418 1255 486 S.
1284 421 1391 502 Sectis,
1424 419 1527 505 Capi-

348 546 422 610 tuta
451 551 483 612 et
516 548 706 613 Conventus
736 547 968 613 Ecclesiarum
999 552 1030 612 et
1059 546 1368 620 Monostaiorum,
1400 547 1530 632 aliique

351 673 551 757 omnesqui
573 672 783 738 notitiarum
811 691 873 738 seu
903 671 1041 738 illorum
1070 670 1226 758 repimen
1249 677 1279 736 et
1303 671 1526 737 administra·

351 795 477 862 tionem
506 797 675 880 recipiunt
702 797 887 880 Episcopus
917 797 1044 862 atiosce
1066 796 1253 868 Praetatos
1271 795 1314 862 de
1337 796 1529 879 praedictis

349 921 509 987 Ecclesiis
538 927 600 988 aut
627 921 847 988 Monasteriis
877 921 971 1002 apud
1001 921 1156 986 eamdem
1189 921 1222 986 S.
1254 918 1376 986 sedem
1406 921 1528 1004 quouis

348 1045 450 1110 modo
469 1047 638 1133 provisos,⁴
650 1051 835 1129 antequam
858 1044 925 1126 ipsi
947 1043 1162 1110 entibuerint
1181 1044 1297 1109 literas
1314 1043 1528 1126 Apostolicas

347 1169 390 1234 de
412 1188 475 1234 saa
494 1169 756 1252 promotione».

436 1293 612 1378 Disciplina
624 1312 707 1376 quae
720 1292 774 1358 hic
785 1293 929 1357 sancitur
941 1295 1090 1372 censura,
1103 1293 1288 1356 continetur
1299 1292 1332 1355 in
1345 1291 1482 1372 Extrav.
1495 1294 1525 1367 1,

345 1417 400 1483 De
415 1419 505 1484 elect.
522 1417 612 1484 inter
625 1437 746 1484 comm.
764 1416 819 1481 ubi
835 1415 982 1482 firmatur
997 1417 1128 1502 regula:
1146 1436 1164 1479 ‹
1182 1417 1356 1483 Asserenti
1374 1435 1527 1501 namque

347 1562 425 1608 cum
448 1542 623 1609 mandatis
645 1543 819 1627 Principis
841 1563 876 1610 se
898 1543 1038 1624 canusa,
1063 1542 1272 1608 medendum
1287 1562 1358 1609 non
1376 1549 1434 1624 est,
1458 1544 1526 1609 nisi

346 1666 410 1734 hoc
423 1667 561 1751 scriptis
579 1667 823 1752 probauerit».
842 1667 951 1742 Quare
966 1669 999 1732 in
1015 1672 1107 1733 textu
1123 1665 1227 1732 editae
1243 1686 1401 1732 censurae
1417 1686 1527 1732 sermo

345 1790 382 1857 flt
403 1793 446 1859 cle
465 1792 614 1877 prouisis
631 1793 757 1877 ‚quous
779 1792 880 1859 modo
904 1793 999 1875 apud
1023 1793 1058 1878 S,
1083 1791 1215 1874 Seelem,
1239 1791 1276 1856 id
1299 1797 1346 1856 est
1369 1791 1412 1856 de
1440 1811 1525 1874 pro-

345 1919 446 1987 motis
467 1922 519 1986 uel
542 1920 761 2005 confirmatis,
778 1920 839 2004 qui
861 1919 996 1986 titutum
1019 1923 1234 2003 assequuntur
1256 1910 1399 1984 alicuius
1408 1919 1526 1985 Eccle-

346 2043 414 2108 siae
436 2043 666 2129 gubernandae
689 2049 833 2110 catuna
856 2043 1098 2110 iurisdictione.

437 2167 519 2242 Quia
542 2169 575 2232 in
599 2167 715 2233 odiosis
727 2187 906 2240 versamur.
924 2167 1110 2252 Episcopus
1125 2168 1333 2254 intelligimus
1356 2169 1419 2232 ium
1443 2187 1525 2235 con-

343 2299 513 2376 secratos,·
536 2293 706 2359 Praelatos
721 2299 837 2365 autem,
855 2313 909 2358 eos
927 2294 1092 2375 potientes
1109 2291 1328 2358 iurisdictione
1344 2293 1435 2376 quasi
1451 2293 1524 2376 epi-

343 2418 473 2502 scopati
496 2419 529 2484 in
553 2424 694 2484 auterno
718 2420 893 2504 regimine;
907 2423 1060 2502 utrosque
1076 2437 1155 2484 vero
1178 2424 1256 2484 tunc
1279 2417 1340 2483 dici
1364 2419 1524 2504 provisos,

344 2543 472 2629 quando
494 2543 631 2612 nomine
649 2543 796 2627 proprio
820 2543 1073 2610 iurisdictionem
1096 2550 1283 2617 exerceant,
1304 2563 1370 2609 non
1393 2544 1471 2608 item
1496 2545 1524 2611 si

345 2668 436 2751 quasi
446 2666 759 2738 Administratores.
775 2666 975 2733 Visitatores.
988 2701 1005 2713 ·
1016 2665 1383 2748 Istiverorecipiantur
1394 2664 1524 2748 quando
1650 2764 1651 2767 Ἴ

343 2765 556 2854 admittuntur
578 2784 618 2850 ab
642 2786 681 2849 iis
703 2787 757 2869 qui
789 2806 831 2849 ex
861 2804 997 2850 munero
1021 2804 1095 2858 suo,
1119 2784 1220 2849 veluti
1244 2784 1384 2869 capitula
1415 2784 1526 2851 cuthe-

343 2910 457 2986 dralia‚
477 2911 531 2975 vel
565 2919 747 2976 conventus
781 2910 1003 2976 Ecclesiarum
1034 2908 1259 2981 Abbatiulium,
1284 2928 1525 2994 recognoscere

344 3034 463 3100 debent
485 3036 611 3102 litteras
634 3038 744 3120 Apost.
764 3035 983 3119 provisionis,
1004 3040 1175 3118 antequam
1199 3032 1379 3101 concedant
1400 3052 1524 3120 posses-
1650 3084 1651 3105 2

343 3158 468 3223 sionem
485 3138 652 3242 regiminis
667 3158 886 3222 ecclesiastici,
904 3158 942 3221 In
958 3162 1049 3224 textu
1065 3162 1172 3222 autem
1188 3161 1320 3242 praeter
1342 3161 1525 3224 conventus
1650 3170 1651 3195 ³

346 3287 380 3349 et
394 3283 544 3368 capitula,
558 3288 771 3347 recensentur
786 3282 847 3347 atii
858 3300 974 3349 omnes
990 3300 1047 3348 seu
1059 3281 1098 3347 ab
1111 3283 1180 3348 istis
1191 3282 1348 3357 distincti,
1362 3284 1415 3366 qui
1429 3283 1523 3367 potis·
1650 3302 1651 3375 t

343 3409 469 3480 simum,
482 3405 536 3472 ubi
548 3425 612 3472 non
627 3411 703 3471 sunt
717 3406 867 3491 capitula,
880 3426 939 3492 pro
952 3407 1181 3473 constitutione
1192 3406 1392 3493 singularum
1406 3407 1521 3474 Eccle·

342 3534 472 3603 siarum,
490 3533 677 3615 potestatem
697 3530 887 3596 admittendi
905 3529 1036 3596 habent.
1054 3566 1071 3578 -
1090 3532 1240 3595 lamvero
1263 3531 1297 3595 hi
1321 3550 1443 3612 omnes,
1463 3550 1523 3599 seu

340 3655 541 3738 recipientes
569 3655 742 3721 incurrunt
771 3654 1026 3737 suspensionem
1055 3674 1078 3719 a
1108 3674 1250 3721 morum
1281 3653 1522 3740 beneficiorum

339 3781 559 3865 perceptione,
575 3779 727 3844 videlicet
741 3780 914 3846 incurrunt
928 3780 1170 3864 suspensionem
1185 3798 1250 3845 non
1266 3799 1288 3845 a
1303 3778 1438 3851 (timuis,
1453 3796 1521 3845 non

340 3902 381 3967 ab
405 3902 513 3986 officio
539 3906 571 3967 et
596 3900 637 3965 ab
669 3901 965 3968 administratione
988 3899 1147 3982 beneficii,
1176 3901 1232 3967 sed
1259 3920 1279 3966 a
1301 3901 1522 3985 perceptione

338 4029 527 4111 sumtuum.
551 4027 699 4114 capitula
719 4047 800 4093 vero
827 4032 861 4092 et
882 4031 1061 4093 conventus
1083 4047 1103 4091 a
1124 4038 1310 4101 suorum...‚
1324 4000 1478 4093 nimirum
1501 4046 1522 4093 a

339 4152 570 4220 beneficiorum
586 4154 794 4239 perceptione
809 4154 1052 4227 communium,
1065 4173 1131 4218 non
1146 4154 1186 4220 ab
1202 4154 1241 4220 iis
1255 4151 1421 4220 beneficiis
1437 4171 1523 4237 quse
1650 4136 1651 4165 ³

340 4278 460 4364 singuli
490 4278 685 4364 capitulares
706 4276 883 4362 possident,
907 4278 954 4342 uti
977 4277 1112 4363 singuli;
1137 4275 1191 4363 (cs.
1217 4276 1417 4343 D'Annibale
1441 4276 1471 4341 h.
1497 4278 1519 4343 l.

339 4408 409 4471 not.
427 4404 477 4488 6);
500 4403 557 4469 sed
581 4403 641 4469 alii
664 4421 780 4470 omnes
795 4421 855 4469 seu
871 4402 1017 4469 distincti
1032 4422 1052 4468 a
1066 4402 1356 4479 communitatibus,
1380 4420 1402 4466 a
1424 4402 1522 4469 bene-
1650 4384 1651 4393 ἵ
