3350 5100
364 303 428 368 188
875 323 959 370 rans
988 323 1023 368 u.

363 451 455 510 retur
470 444 510 509 de
525 445 747 529 persequendo
763 445 933 527 adulterio,
945 446 1123 512 admittitur
1139 449 1235 512 etiam
1256 447 1373 510 mulier
1388 447 1441 510 vel
1457 443 1545 511 fllius
1638 511 1639 532 ,

362 568 506 652 impubes
529 567 569 632 ad
592 569 818 634 accusandum.

451 691 602 758 Relallce
625 692 839 777 probibentur
849 693 894 786 ab
911 695 1117 758 accusatione
1133 693 1283 775 ineunda,
1300 691 1355 757 filii
1379 694 1411 758 in
1428 713 1547 778 pareu-

362 821 421 887 tes,
446 815 567 880 fratres
589 816 622 878 in
646 816 776 895 fratres,
800 823 833 880 et
856 816 1036 882 familiares
1058 815 1216 880 adversus
1240 835 1305 888 eos,
1331 817 1421 881 cuius
1449 816 1546 880 fami·
1639 822 1640 830 ’

362 941 504 1003 liaritate
527 940 574 1004 usi
599 946 674 1004 sunt
697 960 767 1026 arg.
786 943 807 1006 l.
823 941 883 1010 20.
910 941 986 1007 Cod.
1014 941 1076 1014 Qui
1099 961 1210 1008 acmes.
1235 961 1305 1008 non
1326 947 1469 1023 possunt
1486 940 1546 1022 (1);

363 1066 439 1130 item
466 1065 540 1129 laici
571 1067 728 1129 adversus
759 1065 914 1136 clericos,
940 1086 1009 1151 arg.
1035 1085 1110 1149 cap.
1135 1067 1187 1146 10,
1213 1067 1243 1128 b.
1268 1070 1289 1131 t.
1314 1065 1348 1129 X
1355 1115 1362 1136 ,
1388 1069 1463 1148 quia
1490 1067 1547 1131 isti

363 1196 613 1273 praesumuntur
644 1207 801 1253 accusare
824 1209 868 1254 ex
891 1189 973 1262 odio,
1001 1189 1085 1274 quod
1117 1189 1303 1254 sacerdotes
1333 1189 1392 1253 sibi
1423 1207 1546 1274 parere
1640 1252 1641 1256 ,

361 1314 468 1378 solent
490 1312 530 1378 ob
554 1333 725 1378 censuram
749 1316 917 1379 ministerii
942 1314 1162 1380 sacerdotalis.
1188 1313 1250 1380 Sed
1281 1315 1364 1412 haec
1395 1318 1444 1378 est
1467 1314 1545 1377 sim-

363 1437 440 1522 plex
462 1439 679 1521 praesumptio
695 1443 729 1502 et
750 1437 896 1521 pluribus
919 1439 951 1501 in
975 1436 1100 1502 casibus
1124 1437 1283 1502 discretus
1308 1436 1405 1502 iudex
1427 1435 1544 1501 admit·

361 1569 432 1630 tere
456 1569 561 1648 potest
575 1564 675 1627 laicos
691 1565 761 1627 sive
783 1568 998 1628 accusatores
1014 1563 1082 1627 sive
1098 1561 1360 1628 denunciatores
1375 1561 1547 1624 iudiciales

361 1688 519 1753 adversus
541 1687 689 1752 clericos.

450 1882 490 1951 (l)
511 1886 548 1934 at
565 1883 744 1949 excipiuntur
761 1882 960 1950 Episcoporum
976 1880 1151 1950 aliorumque
1169 1881 1363 1934 Praelatorum
1380 1878 1547 1932 familiares.

363 1989 396 2041 lli
417 1989 491 2042 euim
510 1988 696 2041 admittuntur
715 1988 748 2041 ad
768 1987 953 2041 accusandum
965 1988 1118 2054 praelatos,
1132 2003 1250 2058 quorum
1264 1989 1377 2041 luerunt
1389 1985 1549 2039 familiares

362 2113 421 2164 arg.
436 2115 496 2166 cap.
511 2098 534 2149 5
550 2099 576 2151 b.
590 2106 607 2149 t.
624 2097 653 2148 X
658 2113 665 2159 ς
679 2094 754 2165 (ibr):
771 2095 890 2150 «Nulli
909 2095 1111 2165 Episcopcrum
1130 2097 1164 2148 ab
1182 2095 1360 2148 accusatione
1379 2111 1430 2146 sua
1449 2094 1548 2162 repel-

363 2204 425 2257 lere
444 2203 527 2257 liceat
545 2218 621 2272 quos,
637 2211 785 2270 autequam
804 2217 833 2254 se
853 2204 887 2254 ab
901 2203 941 2254 eis
959 2203 1149 2271 impetendum
1168 2211 1354 2269 capnosccret,
1367 2219 1385 2254 a
1400 2217 1452 2253 area
1471 2217 1549 2252 com·

360 2311 441 2363 muni
457 2310 653 2381 familiaritate
671 2310 832 2377 nepleaem't
850 2325 986 2378 separare
1001 2326 1025 2363 a.
1040 2308 1179 2362 Videlicet
1196 2309 1223 2360 in
1239 2307 1432 2362 praelatorum
1451 2321 1549 2360 morea

361 2429 506 2468 censuram
526 2418 659 2467 exercent
677 2415 763 2466 etiam
781 2413 944 2478 familiares,
958 2414 1024 2484 quia
1041 2412 1169 2482 Episcopi
1192 2413 1221 2466 in
1239 2411 1392 2468 familiares
1410 2411 1548 2465 adbibere

360 2520 463 2575 debent
482 2536 615 2589 personas
635 2519 748 2589 probam
769 2525 798 2574 et
816 2520 889 2574 tales
912 2524 1126 2589 praesumuntur
1148 2535 1291 2591 quousqre
1311 2519 1369 2589 ipse
1390 2518 1548 2588 Episcopus
1643 2566 1644 2569 ,

361 2644 409 2682 eos
427 2644 481 2681 non
505 2627 648 2696 repulerit.
677 2625 705 2679 Si
725 2628 799 2681 enim
824 2627 943 2695 repellat
961 2633 1070 2680 tantum
1095 2628 1240 2680 occasione
1263 2626 1458 2691 accusationis,
1479 2626 1549 2694 Epi-

360 2749 461 2801 scopus
486 2738 529 2786 est
551 2736 706 2800 suspectus.
727 2761 742 2772 ·
763 2730 867 2785 Verum
895 2733 934 2784 uti
958 2731 1082 2785 advertit
1101 2731 1271 2800 Scbmalzgr.
1290 2733 1315 2784 b.
1330 2742 1347 2783 t.
1366 2750 1394 2785 n.
1409 2732 1452 2783 54
1475 2731 1548 2783 istos

362 2840 498 2907 repellere
516 2838 593 2892 valet
616 2840 704 2892 iudea
728 2838 898 2904 ordinarius,
918 2855 967 2891 seu
991 2839 1064 2891 alius
1085 2838 1176 2905 iudex,
1195 2838 1267 2907 apud
1293 2855 1375 2909 quem
1401 2838 1548 2891 accusatio

360 2954 496 3000 mouetur.
516 2977 531 2988 -
552 2948 620 3000 ltem
638 2946 819 3001 adnotatione
839 2953 882 3001 est
900 2947 1014 3014 digrurm
1035 2966 1094 3017 cap.
1109 2948 1148 3012 11,
1167 2949 1192 2999 la.
1211 2956 1230 3001 t.
1245 2947 1281 3011 X,
1303 2946 1349 2998 ubi
1368 2944 1547 2999 decernitur:

359 3056 524 3109 <dionosti
540 3055 604 3121 (nisi
619 3053 675 3106 alia
690 3054 867 3107 rationabilis
880 3071 965 3106 carrea
983 3054 1128 3125 impediat)
1144 3070 1177 3108 eo
1192 3053 1264 3124 quod
1284 3054 1317 3107 de
1336 3052 1498 3107 obedientia
1517 3058 1548 3105 et

360 3164 535 3216 subiectione
560 3162 678 3216 abbatis
697 3178 758 3216 ease
778 3168 946 3227 noscuutur,
964 3163 999 3215 ab
1024 3164 1083 3216 eius
1101 3171 1277 3216 accusatores
1296 3170 1361 3214 sunt
1379 3160 1546 3214 nullatcnus

360 3268 530 3337 repellendi,
553 3268 619 3321 licet
641 3267 715 3321 alias
733 3284 868 3321 accusare
892 3285 949 3321 noa
967 3270 1083 3337 possint.
1102 3268 1208 3328 Quibus
1227 3266 1373 3338 (siquidem
1393 3283 1456 3319 crim
1484 3282 1547 3334 pro·

360 3375 451 3444 prium
477 3388 531 3425 nou
554 3371 688 3441 babeant)
714 3372 747 3427 de
773 3375 856 3426 rebus
882 3374 1043 3427 monasterii
1064 3389 1202 3441 expensae
1230 3373 1333 3426 debent
1360 3372 1546 3437 necessariae,

348 3467 447 3533 'donec
465 3496 550 3531 causa
566 3480 692 3531 debitum
706 3480 789 3532 finem
803 3480 931 3548 accipiet,
945 3480 1097 3532 ministrari
1112 3495 1136 3535 a.
1151 3480 1234 3533 Certe
1255 3476 1383 3532 Monachi
1401 3478 1546 3531 abstinere

359 3586 494 3640 deberent
507 3588 541 3637 ab
555 3586 742 3649 accusatione,
754 3585 778 3637 si
792 3596 924 3653 ageretur
936 3584 970 3639 de
983 3586 1086 3639 iudicio
1099 3586 1253 3654 sauguinis,
1266 3585 1312 3639 aed
1333 3585 1358 3637 in
1379 3583 1444 3637 aliis
1463 3601 1546 3637 accu-

359 3692 517 3744 sationibus
530 3692 670 3757 integrum
685 3696 729 3744 est
747 3690 892 3743 monachis
912 3692 983 3745 tueri
1004 3692 1077 3745 bona
1096 3691 1304 3760 patrimonialia
1323 3696 1352 3744 et
1366 3690 1544 3759 disciplinam

360 3796 517 3864 regularem
538 3796 670 3849 adversus
689 3796 762 3865 ipsos
782 3796 935 3851 Praelatos.
954 3826 967 3837 ·
987 3797 1015 3849 ln
1035 3800 1080 3851 cit.
1098 3798 1161 3851 Cod.
1179 3796 1263 3865 Grep.
1275 3798 1398 3867 poenali,
1418 3807 1473 3849 nrt.
1487 3796 1544 3849 144

360 3904 505 3958 iubatum«
517 3904 581 3956 Non
593 3906 780 3956 admittuntur
792 3905 1020 3957 denunciationes
1030 3904 1058 3956 ia
1069 3914 1201 3972 copnatos
1214 3905 1429 3972 comprehensos
1439 3905 1468 3957 in
1479 3920 1544 3974 pra-

360 4011 440 4063 dibus
460 4012 603 4079 expressis
621 4021 675 4062 art.
698 4010 755 4062 146
768 4024 793 4063 u.
813 4010 870 4063 leto
889 4010 1008 4063 articulo
1027 4012 1209 4063 continentur
1222 4012 1334 4078 cognati
1355 4008 1399 4063 vel
1420 4011 1447 4063 in
1469 4010 1544 4063 linea

360 4116 549 4170 ascendentali
568 4122 597 4169 et
616 4116 840 4182 descendentali,
859 4115 904 4171 vel
925 4117 952 4168 in
973 4116 1048 4169 linea
1067 4116 1245 4170 transversali
1272 4118 1300 4169 iu
1323 4116 1349 4171 1⁰
1369 4117 1466 4185 gradu.
1491 4116 1543 4170 Sed

360 4222 394 4275 de
412 4224 606 4292 familiaribus
625 4223 695 4276 nibil
716 4230 832 4276 cavetur
852 4225 880 4275 in
898 4222 949 4275 boc
971 4224 1080 4285 codica;
1100 4240 1166 4292 quia
1186 4222 1379 4276 inhabilitates
1398 4230 1427 4277 et
1446 4224 1544 4277 exclu-

361 4328 453 4380 siones
473 4328 508 4379 ibi
529 4333 651 4383 statutae
671 4334 737 4383 sunt
755 4330 904 4393 taxatiuaa·
921 4328 981 4381 iure
1001 4342 1067 4379 rom.
1083 4328 1285 4395 prohibitiones
1303 4336 1385 4381 erant
1402 4330 1543 4383 relativae

360 4440 390 4487 et
408 4436 652 4500 demonstratiuae,
671 4453 719 4490 seu
739 4435 858 4488 arbitrio
877 4434 976 4487 iudicis
995 4435 1136 4488 remissae.
1159 4433 1199 4487 Cf.
1219 4434 1273 4487 vol.
1295 4434 1313 4499 l,
1332 4452 1358 4488 n.
1379 4434 1440 4488 473.
