3350 5100
628 356 835 405 manseron
858 356 909 405 vr.
1294 335 1362 403 629

178 482 324 537 emerserit
342 481 471 552 probatio
490 481 523 536 de
542 484 691 551 praetenso
710 480 814 535 delicto
832 498 850 534 a
869 480 987 535 Domino
1005 481 1118 535 Andrea
1138 480 1172 535 N.
1191 486 1362 551 perpetrate,

177 606 277 659 nempe
300 588 374 660 quod
391 588 434 657 (et
457 588 496 641 ibi
523 588 690 657 exprimitur
713 586 860 659 delictum)
878 604 996 659 cumque
1022 586 1077 643 hoe
1100 588 1161 658 ipso
1185 587 1277 643 desint
1300 587 1363 646 iure

178 698 314 769 requisita
338 703 370 753 nt
393 696 484 751 dictus
509 696 635 751 Andreas
659 694 692 749 N.
712 696 840 766 legitime
860 696 948 766 possit
971 712 1035 752 reus
1058 696 1193 751 constitui
1210 702 1240 751 et
1258 697 1364 750 exami-

178 806 249 871 nari,
266 806 390 861 decrevit
409 803 579 860 reverendus
597 804 631 857 N.
651 802 743 871 iudex,
761 818 816 857 non
836 820 897 860 esee
916 808 1014 858 contra
1038 820 1102 859 eum
1127 802 1245 858 ulterius
1267 819 1362 873 proce·

177 912 303 967 dendum.
324 914 396 966 Acte
415 914 480 965 sunt
499 909 570 965 haec
588 910 671 965 die...
692 910 831 965 mensis...
851 927 933 965 anno.

1143 1017 1179 1071 N.
1197 1016 1290 1071 ludex.

1146 1120 1181 1177 N.
1199 1120 1360 1177 Actuarius.

185 1364 186 1367 ’
207 1352 322 1403 FORNA
344 1353 484 1400 GITANDI
508 1353 577 1416 ner,
602 1352 738 1408 QUANDO
762 1354 977 1403 Pnocnnrrmt
1001 1353 1238 1402 AGOUSATIONIS
1261 1354 1329 1400 vla.

268 1510 324 1566 Nos
337 1511 370 1565 N.
384 1510 607 1567 reverendissimi
627 1510 755 1581 Episcopi
770 1510 803 1563 N.
818 1510 947 1564 Vicerius
960 1510 1113 1575 Generalis,
1126 1527 1190 1564 cum
1208 1527 1226 1562 a
1245 1510 1364 1564 Domino.

178 1616 280 1671 Ioanne
298 1615 395 1671 Zelate
413 1614 500 1669 Nobis
518 1618 713 1685 praesentatus
731 1614 817 1668 fuerit
829 1602 1020 1682 accusatorius
1033 1614 1147 1668 libellus
1159 1616 1257 1668 contre
1270 1614 1362 1668 Domi-

104 1760 106 1767 .
177 1739 244 1777 num
263 1722 404 1779 Andreem
423 1720 457 1775 N.
476 1721 681 1790 presbyterum,
700 1736 756 1791 quo
774 1721 798 1774 is
817 1692 965 1775 accusatur
977 1721 1011 1775 de
1024 1721 1151 1791 pluribus
1163 1720 1273 1776 delictis
1285 1720 1361 1776 vide·

177 1829 245 1885 lieet
265 1828 291 1883 l.
310 1829 419 1911 quod...
437 1831 462 1882 2.
482 1827 595 1899 quod...
613 1832 666 1884 ete.
686 1844 804 1898 cumque
823 1830 966 1898 praelatus
985 1828 1119 1883 Dominus
1135 1828 1252 1882 loannes
1263 1828 1361 1883 Zelate

176 1951 240 1991 sese
266 1936 403 1991 obtulerit
426 1936 460 1989 ad
486 1934 629 2004 prebende
656 1934 827 1989 iudicialiter
854 1940 1020 1989 enumerata
1046 1934 1164 2000 delicte,
1188 1937 1239 1990 sub
1264 1936 1361 2005 poenis

177 2047 276 2096 eontra
294 2041 511 2098 calumniatores
531 2060 548 2097 e
565 2043 627 2097 iure
646 2042 776 2107 statutis3
790 2048 822 2097 ut
834 2042 930 2096 debito
948 2047 1045 2097 nostro
1062 2040 1217 2097 reddendae
1235 2042 1360 2098 institiae

177 2148 396 2215 satisfaciemus,
419 2149 591 2205 decrevimus
616 2150 713 2213 citare,
738 2154 822 2220 prout
846 2148 945 2203 herum
972 2151 1044 2204 serie
1068 2150 1188 2203 citemus
1213 2148 1360 2204 Dominum

178 2252 318 2307 Andreem
337 2254 371 2308 N.
1399 2235 1402 2241 ¹

369 2472 485 2520 FORMA
508 2471 650 2519 CITANDI
673 2472 769 2520 REUM
793 2471 929 2526 Qunnno
951 2470 1167 2519 Pnounnl'run

177 2596 223 2642 EX
237 2597 331 2646 Meno
346 2598 487 2653 ornem,
509 2598 570 2644 SEU
595 2596 835 2652 INQUlSlTIONlS
852 2597 1023 2644 eracleus
1039 2597 1109 2652 vla,
1125 2597 1166 2645 OB
1186 2596 1358 2644 PUBLIOAM

578 2719 623 2767 DE
646 2718 801 2768 Demens
824 2720 955 2768 ramam.

185 2857 189 2868 ⁵
265 2875 323 2928 Noe
341 2875 374 2930 N.
394 2863 617 2930 reverendissimi
631 2875 760 2946 Episcopi
774 2875 807 2930 N.
822 2875 951 2930 Vicerius
963 2875 1117 2943 Generalis,
1130 2892 1192 2929 curn
1206 2874 1311 2945 pluries
1323 2877 1358 2930 ad

177 2995 259 3036 aures
277 2985 388 3034 nostras
401 2996 494 3033 rumor
507 2982 667 3050 pervenerit
680 2982 713 3037 de
727 2983 846 3052 patratis
861 3000 879 3035 a
892 2982 1009 3035 Domino
1024 2981 1135 3037 Andree
1147 2980 1180 3034 N.
1194 2983 1358 3053 presbytero

177 3058 319 3140 nonnullis
336 3087 454 3154 delictis,
472 3089 604 3143 videlicet
625 3090 648 3142 l.
668 3089 781 3160 quod...
803 3091 827 3142 2.
848 3089 960 3161 quod...
985 3093 1039 3143 etc.
1058 3104 1176 3160 cumque
1193 3088 1227 3143 de
1246 3089 1359 3158 praevie

176 3192 271 3246 euriae
289 3193 486 3249 informatione
505 3211 522 3247 a
540 3193 627 3248 Nobis
653 3199 727 3262 ecta,
746 3199 829 3264 prout
848 3195 876 3248 in
895 3195 975 3262 actis,
994 3193 1162 3248 sufficientia
1185 3195 1360 3262 emerserint,

176 3303 209 3351 nt
233 3300 414 3368 pronuntiare
436 3300 609 3366 deberemus,
636 3308 718 3370 prout
742 3305 770 3355 et
796 3300 1046 3371 pronuntiavimus,
1071 3305 1200 3356 constare
1226 3301 1261 3356 de
1283 3303 1359 3356 fama

176 3379 288 3474 publice
312 3411 411 3460 contre
434 3408 589 3476 praefatum
618 3408 757 3462 Andream
776 3408 820 3474 N.,
839 3424 956 3479 eamque
981 3409 1084 3462 lamam
1109 3424 1165 3461 non
1183 3409 1219 3463 ab
1237 3409 1359 3463 inimicis

176 3518 206 3566 et
224 3512 377 3579 malevolis,
395 3513 442 3568 sed
462 3531 479 3567 e
497 3516 630 3585 gravibus
649 3516 774 3584 personis
786 3519 893 3570 ortam:
909 3515 1022 3580 ideirco,
1035 3519 1067 3570 ut
1079 3518 1149 3570 satis
1160 3521 1256 3571 nostro
1267 3517 1358 3571 officio

175 3619 321 3686 iaciemus,
340 3619 513 3675 decrevimus
531 3623 658 3676 eumdem
678 3623 825 3676 Dominum
845 3622 984 3677 Andream
1004 3622 1037 3676 N.
1052 3623 1149 3691 citare,
1162 3628 1246 3693 prout
1257 3622 1357 3678 herum

176 3715 248 3783 serie
267 3727 394 3782 citamus.

184 3955 190 3970 .
245 3923 361 3972 FORNA
383 3926 521 3976 GITANDl
546 3928 643 3975 REUM
666 3929 703 3976 IN
726 3928 853 3976 ALIENA
876 3927 1029 3980 olenensi
1054 3928 1281 3985 Eximendum,

276 4045 344 4094 PER
366 4048 629 4097 Ralssssonlanns
654 4049 818 4098 LITTERAS
841 4051 899 4097 l'l'A
921 4051 966 4097 el>
989 4049 1075 4098 ACTA
1098 4051 1259 4100 maeres.

265 4197 333 4251 cum
347 4197 505 4254 rescivisset
518 4202 684 4255 reverendus
696 4199 728 4254 N.
742 4177 873 4254 ¹Vicerius
886 4179 1040 4268 Generalis,
1052 4204 1207 4271 praefatum
1217 4204 1357 4259 Andreem

176 4304 210 4360 N.
228 4304 258 4360 in
276 4304 395 4360 dioecesi
414 4305 507 4360 vicina
526 4305 559 4362 N.
578 4310 694 4376 versari,
713 4313 745 4364 ut
763 4307 853 4363 tutius
870 4307 971 4362 citatio
989 4308 1024 4362 ed
1042 4326 1107 4365 eum
1125 4310 1293 4380 perveniret,
1311 4311 1359 4367 de·

175 4411 265 4468 crevit
282 4412 392 4466 litteras
410 4412 612 4470 remissorieles
631 4415 696 4472 dere
715 4415 749 4470 ad
769 4413 951 4471 reverendum
969 4414 1003 4469 N.
1023 4415 1165 4470 Vicariurn
1177 4417 1357 4480 ‚Generalem
