3350 5100
316 259 384 329 628
769 280 976 330 annnuanun
997 282 1048 331 vr.

370 620 375 625 ι
403 546 521 595 Fortun
544 546 799 595 commelnlome
822 548 1065 597 Poerunaunan
1084 548 1128 596 ET
1152 548 1407 597 centonomium.

330 712 334 719 ’
403 722 465 792 Ego
483 721 525 787 N.,
544 722 686 793 reperiens
703 738 749 777 me
767 726 958 793 prooeaaainm
977 724 1007 778 in
1025 724 1105 777 euna
1125 723 1281 794 episcopali
1299 723 1343 790 N.‚
1362 739 1412 794 pro
1429 740 1501 795 quo·

312 828 375 883 dam
395 833 542 898 praetenso
560 828 679 884 erimine
697 828 755 899 (rel
773 828 986 901 quibusdam...)
1004 846 1107 899 nempe
1122 828 1163 899 (et
1175 830 1213 884 ibi
1227 831 1335 885 crimen
1345 830 1497 901 indicetur)

311 935 379 990 lites
391 952 454 989 oum
467 936 534 989 fiseo
546 934 651 990 habere
670 935 821 1006 refugiens,
840 935 1003 992 nullatenus
1028 940 1123 991 tamen
1148 936 1289 1006 praetensi
1307 935 1434 989 oriminis
1451 952 1497 991 me

312 1039 482 1110 culpabilem
501 1037 586 1111 (quod
608 1038 694 1111 absit)
718 1036 863 1111 profitens,
880 1055 931 1095 oro
947 1040 1168 1095 illustrissimum
1187 1044 1218 1095 et
1235 1039 1496 1095 reverendissimum

313 1148 488 1219 Episcopum,
507 1152 539 1202 ut
556 1146 630 1202 velit
652 1146 814 1216 supradicto
838 1148 982 1216 processui
1001 1149 1086 1201 finem
1105 1152 1135 1202 et
1152 1148 1222 1201 fiseo
1240 1144 1384 1202 silentium
1408 1147 1499 1218 impo-

311 1268 393 1318 nere;
412 1268 456 1307 me
474 1252 643 1306 submittens
661 1250 696 1304 ad
714 1266 834 1321 poenam
861 1251 1100 1320 poenitentiamra
1118 1250 1173 1305 sibi
1191 1252 1361 1318 bouarium,
1379 1252 1404 1306 ai
1422 1254 1499 1307 torte

311 1374 395 1430 quem
413 1357 482 1412 mihi
501 1356 701 1427 iniungendam
719 1356 906 1412 existimaret.
925 1356 970 1411 lta
988 1357 1116 1427 supplico
1135 1363 1166 1413 et
1183 1358 1265 1411 iusto.
1285 1358 1346 1428 Ego
1363 1358 1400 1417 N.

591 1608 751 1657 NORMULA
775 1606 922 1657 nncnnrl
945 1608 1215 1657 ooneosrrloms.

401 1784 528 1839 Attentis
546 1784 708 1841 remissione
728 1784 952 1857 partialneonon
971 1784 1110 1855 qualitate
1134 1784 1231 1839 delicti
1248 1788 1279 1839 at
1296 1783 1496 1858 delinquentia,

312 1890 427 1948 aeoliis
450 1892 531 1947 iustis
555 1892 647 1946 causis
671 1891 796 1945 animum
821 1896 949 1945 nostrum
971 1892 1056 1962 digne
1078 1893 1265 1958 moventibus,
1282 1907 1369 1961 aupra
1387 1891 1496 1947 dietum

312 1994 344 2051 N.
364 1996 528 2067 inquisitum
554 2011 639 2066 pro...
658 1998 689 2049 et
712 2011 805 2061 eausa,
823 1994 859 2049 de
883 1996 985 2065 quibus
1002 1999 1032 2049 iu
1050 2012 1191 2066 prooeaen,
1209 2001 1240 2051 at
1262 1996 1496 2067 oompoaitionem

311 2116 395 2174 quam
412 2101 508 2157 euriae
526 2104 555 2155 et
573 2100 641 2153 fiseo
659 2098 772 2166 obtulit,
789 2103 820 2155 et
837 2100 873 2153 ad
890 2116 975 2171 quam
993 2100 1105 2155 admitti
1123 2100 1287 2171 postulavit,
1303 2100 1498 2167 admittimna;

310 2216 340 2267 et
357 2210 458 2265 tulistis
476 2225 525 2279 per
543 2224 606 2263 eum
625 2208 654 2261 in
673 2224 757 2263 manu
781 2206 945 2279 depositarii
970 2224 1125 2277 poenarum
1142 2212 1256 2261 nostrae
1275 2209 1354 2262 ouria
1370 2209 1496 2263 acutia...

308 2317 401 2387 ipsum
424 2314 594 2369 absolvimus
618 2320 647 2368 et
672 2312 800 2369 totaliter
823 2311 991 2379 liberamus;
1016 2315 1084 2367 fiseo
1108 2313 1252 2368 silentium
1277 2313 1446 2383 imponimus
1464 2321 1498 2369 et

311 2422 483 2487 mandamus,
503 2421 580 2475 omni
598 2424 651 2475 oto.

1240 2527 1276 2582 N.
1298 2526 1459 2601 Episcopus.

1239 2635 1273 2688 N.
1293 2634 1495 2691 Cancellariua

641 2868 757 2917 FORNA
780 2867 1031 2918 consumentem
1053 2871 1160 2918 BEUN.

396 3064 467 3118 Cum
491 3080 525 3118 ex
551 3061 677 3116 actitatis
701 3060 847 3127 haetenus,
864 3062 900 3115 ad
919 3062 1065 3116 minimum
1089 3061 1244 3131 semiplena
1265 3061 1405 3118 habeatur
1425 3079 1494 3134 pro·

308 3171 385 3226 batio
403 3171 437 3227 de
454 3169 559 3226 delicto
577 3169 634 3241 (vel
659 3168 781 3240 delictis)
801 3169 921 3223 Domino
945 3169 1075 3232 Andreae
1097 3171 1217 3238 obiecto,
1233 3187 1334 3242 nempe
1357 3170 1432 3244 quod
1450 3170 1496 3240 (et

308 3278 347 3333 ibi
366 3276 498 3332 delictum
523 3275 569 3332 vel
594 3274 698 3330 delicta
721 3275 927 3348 exprimantur)
946 3292 1065 3348 eumque
1083 3276 1124 3330 sio
1141 3294 1178 3334 ex
1195 3277 1395 3332 informatione
1416 3295 1494 3331 eum·

308 3383 398 3439 maria
414 3383 579 3437 emerserint
597 3399 615 3436 a
631 3381 694 3437 iure
718 3382 854 3453 requisita
877 3386 910 3436 ut
931 3381 1023 3436 dietus
1040 3384 1166 3438 Andreas
1184 3383 1218 3439 N.
1237 3384 1326 3455 possit
1343 3400 1408 3438 reus
1425 3400 1496 3438 eon·

306 3489 396 3558 stitni,
415 3493 444 3544 et
462 3489 632 3543 constitutus
656 3489 745 3558 possit
769 3487 897 3558 legitime
923 3489 1092 3555 examinari3
1117 3489 1242 3546 decrevit
1266 3489 1435 3545 reverendus
1455 3490 1491 3545 N.

307 3597 390 3653 iudex
408 3597 564 3667 praefatum
582 3596 722 3650 Andream
735 3595 768 3648 N.
782 3612 860 3650 reum
874 3596 1045 3652 constituere
1057 3601 1087 3652 et
1098 3597 1270 3663 examinare,
1282 3595 1395 3670 aliaque
1407 3603 1494 3667 prout

307 3706 342 3761 de
358 3705 420 3761 iure
438 3705 576 3776 prosequi.
597 3707 670 3759 Aeta
688 3709 754 3760 aunt
772 3703 842 3760 haee
860 3705 942 3760 dia...
962 3707 1102 3761 mensis...
1121 3723 1231 3763 anno...

1271 3831 1310 3888 N.
1328 3831 1421 3890 lodex.

1276 3939 1311 3994 N.
1329 3941 1492 3999 Asturius.

310 4139 322 4146 ··
389 4119 424 4184 Ϊδῖ
445 4147 480 4186 ex
499 4143 628 4200 processu
647 4128 896 4186 informationiNa
914 4147 970 4186 nou
989 4133 1136 4188 emerserit
1146 4132 1249 4194 saltem
1260 4133 1415 4203 semiplena
1426 4149 1492 4203 pro·

307 4235 393 4302 butio,
412 4234 571 4291 declaratur
588 4250 644 4289 non
662 4251 723 4290 esse
741 4235 833 4289 locum
853 4236 994 4305 processui
1013 4236 1041 4290 in
1060 4242 1222 4309 aequantem
1238 4239 1376 4295 formam:

312 4349 330 4379 ··
393 4337 464 4394 Cani
483 4337 524 4395 οἱ
537 4339 729 4394 informatorio
754 4355 886 4410 processu
910 4341 966 4395 iam
990 4341 1119 4397 absoluto
1143 4359 1179 4398 ne
1203 4343 1359 4413 semiplena
1376 4343 1488 4414 quidem
