3350 5100
356 317 425 385 630
807 337 1016 386 sannosruu
1038 337 1089 384 vr.

352 466 382 517 et
400 460 571 516 ordinarium
591 461 619 515 in
638 461 714 516 dicta
732 460 852 518 dioecesi
871 460 1000 516 indicem
1020 461 1096 522 Quae
1115 460 1230 514 litterae
1253 459 1403 530 expeditae
1425 461 1537 514 fuerunt

353 571 382 622 et
400 561 466 621 s'unt
484 568 591 622 tenoris
616 567 767 638 sequentis,
786 565 932 622 videlicet:
958 565 1122 621 &verende
1146 570 1177 622 et
1200 564 1396 620 colendissimo
1414 565 1535 619 Douma.

352 670 421 732 Cum
441 677 469 728 te
488 672 660 728 ordinarium
679 675 708 728 in
727 673 849 730 dioecesi
868 673 902 727 N.
915 672 1036 728 iudicem
1054 674 1177 728 existere
1194 672 1386 741 dignoscatur,
1400 675 1430 726 et
1440 673 1470 726 in
1483 671 1537 726 bsc

351 779 473 834 dioecesi
498 780 604 834 versari
630 780 825 836 resciverimus
851 780 999 834 Dominum
1017 779 1160 833 Andream
1184 778 1217 832 N.
1237 779 1435 850 presbyterum
1459 778 1539 832 iuris-

351 883 467 940 dictioni
492 885 715 941 reverendissimi
735 885 866 958 Episcopi
889 885 981 940 nostri
1005 885 1179 954 subiectum,
1197 901 1281 956 quem
1305 886 1361 940 mei
1385 883 1472 938 officii
1494 889 1538 938 est

351 994 495 1063 tamquam
520 1008 597 1046 reum
622 991 720 1060 citare,
738 1007 789 1062 pro
813 1007 899 1046 causa
923 991 1063 1046 criminali
1089 996 1188 1045 contra
1212 1008 1276 1047 eum
1300 995 1386 1056 mota,
1413 995 1444 1045 et
1466 991 1537 1061 apud

351 1099 458 1153 curiam
482 1104 606 1154 nostram
631 1100 784 1170 pendente;
812 1099 916 1154 idcirco
939 1101 1029 1154 visum
1055 1104 1099 1155 est
1122 1099 1259 1158 auxilium
1284 1104 1365 1153 tuum
1384 1099 1536 1170 requirere,

351 1209 489 1276 quatenus
506 1205 580 1259 infra
598 1205 771 1260 scribendam
790 1206 955 1260 citationem
975 1222 1107 1276 procures
1122 1205 1197 1260 dicto
1211 1205 1374 1260 DominoN.
1388 1222 1538 1275 perunum

349 1311 444 1366 curiae
467 1315 578 1368 vestrae
603 1311 771 1382 episcopalis
795 1312 939 1382 publicum
963 1314 1104 1380 nuntium,
1122 1311 1308 1382 personaliter
1331 1311 1378 1368 vel
1404 1313 1434 1368 in
1456 1311 1538 1366 domo

349 1416 449 1473 solitae
475 1417 562 1488 ipsius
587 1417 772 1474 habitationis
797 1419 934 1486 intimari,
953 1425 982 1475 et
1000 1419 1034 1474 de
1052 1420 1176 1476 eiusdem
1201 1419 1346 1474 citationis
1370 1419 1538 1474 executione

349 1523 495 1578 iuridicam
515 1523 681 1580 relationem
697 1525 733 1579 ad
753 1543 797 1580 me
816 1526 980 1582 transmitti.
994 1526 1045 1582 Est
1057 1532 1152 1582 autem
1171 1525 1328 1580 intimanda
1342 1526 1454 1592 citatio,
1465 1543 1538 1598 quac

349 1629 488 1702 sequitur:
507 1629 621 1702 (ethic,
640 1635 724 1702 prout
735 1631 896 1702 proceditur
915 1631 960 1686 via
979 1632 1165 1687 accusationis
1182 1630 1229 1688 rel
1247 1632 1480 1698 denuntiationis,
1492 1631 1537 1686 vel

349 1751 384 1790 ex
403 1752 480 1790 mero
498 1735 598 1804 officio,
612 1741 732 1808 ponatur
752 1755 806 1792 una
825 1754 860 1794 ex
878 1737 1009 1793 formulis
1021 1755 1106 1809 supra
1118 1737 1285 1808 descriptis).
1298 1737 1416 1792 lntarim
1430 1743 1482 1792 tuo
1492 1754 1537 1792 me

348 1841 496 1898 famulatui
516 1843 643 1912 offerens,
662 1861 731 1914 rogo
749 1849 781 1900 ut
800 1831 828 1902 te
848 1844 922 1900 Deus
940 1848 1034 1900 servet
1052 1844 1229 1900 incolumem.
1250 1843 1391 1898 Datum...

1172 1967 1205 2022 N.
1224 1967 1358 2022 Vicarius
1379 1967 1535 2023 Generalis.

1174 2075 1208 2129 N.
1227 2075 1390 2129 Actuariua

348 2305 463 2355 rosus
486 2307 646 2356 causans
667 2310 689 2355 s
712 2307 828 2356 1un1os
851 2307 1001 2356 aurnuns
1029 2308 1213 2366 nroscssrs,
1237 2308 1276 2356 nr
1302 2307 1530 2372 assensuum,

642 2427 726 2484 ouis
748 2428 903 2494 accurre,
926 2429 1242 2480 asurssonrssreua.
1292 2401 1296 2408 ’

436 2587 480 2639 Ab
499 2586 626 2641 actuario
645 2584 727 2641 huius
744 2586 880 2642 dioecesis
898 2588 1038 2641 scribatur
1056 2587 1085 2641 in
1104 2586 1179 2641 hunc
1196 2585 1316 2642 modum.

436 2692 466 2747 ln
491 2694 603 2750 nomine
628 2694 738 2771 Domini
763 2696 863 2750 Amen.
881 2695 951 2750 Cum
970 2695 1140 2751 reverendus
1158 2694 1193 2751 N.
1213 2694 1439 2751 reverendissimi
1465 2694 1531 2765 Epi-

346 2802 422 2873 scopi
436 2804 523 2857 nostri
536 2802 570 2856 N.
584 2803 713 2857 vicarius
726 2804 873 2860 Generalis
892 2806 1043 2875 recepisset
1060 2822 1078 2859 a
1096 2804 1248 2860 reverendo
1262 2802 1295 2859 N.
1315 2805 1344 2857 in
1363 2804 1483 2860 dioecesi
1496 2803 1530 2858 N.

346 2908 459 2963 Vicario
477 2908 607 2963 Generali
626 2914 656 2965 et
674 2910 815 2965 ordinario
833 2909 926 2967 iudice
945 2910 1077 2982 quasdam
1099 2908 1211 2965 litteras
1229 2909 1439 2977 remissoriales,
1458 2926 1530 2981 quae

345 3014 509 3086 incipiunt...
528 3020 557 3071 at
575 3016 739 3072 definiunt...
759 3020 787 3072 et
805 3022 872 3072 sunt
891 3017 997 3072 tenoris
1015 3017 1168 3088 sequentis,
1186 3016 1320 3073 videlicet
1338 3019 1380 3085 (et
1397 3018 1437 3071 ibi
1457 3016 1531 3071 inse·

344 3126 444 3178 rantur
461 3122 529 3177 illae
547 3121 672 3195 litterae)
691 3123 809 3195 ideoque
829 3124 972 3193 praefatus
991 3124 1160 3179 reverendus
1177 3124 1211 3178 N.
1231 3122 1360 3179 Vicarius
1384 3123 1530 3180 Generalis
1634 3175 1635 3192 p

344 3227 479 3296 decrevit,
503 3235 586 3300 prout
609 3230 642 3286 de
668 3230 744 3297 iure',
768 3248 815 3286 eas
839 3230 1000 3285 executioni
1027 3230 1203 3286 demandare.
1228 3230 1403 3301 Quapropter
1429 3236 1528 3287 vocato

344 3336 447 3393 Ioanne
465 3337 499 3391 N.
519 3339 613 3393 curiae
632 3343 745 3394 nostrae
764 3336 939 3411 Episcopalis
961 3337 1073 3408 publico
1091 3339 1200 3405 nuntio¹
1219 3338 1400 3410 praemissam
1418 3339 1529 3393 citatio-

344 3460 409 3501 nem
426 3445 610 3515 consignavit,
629 3451 659 3502 et
676 3446 758 3501 iussit
776 3451 809 3500 ut
826 3446 954 3501 eamdem
969 3446 1085 3501 Domino
1098 3446 1226 3502 Andreae
1239 3446 1273 3501 N.
1286 3446 1471 3518 personaliter
1482 3448 1526 3501 vel
1633 3485 1634 3492 .

344 3548 426 3605 domo
443 3549 544 3605 solitae
563 3550 747 3605 habitationis
766 3552 921 3606 intimaret.
941 3551 992 3613 Qui
1013 3551 1104 3606 dictus
1122 3550 1290 3607 nuntiusad
1307 3568 1352 3606 mc
1371 3552 1527 3607 actuarium

343 3672 480 3725 reversus,
499 3654 598 3712 retulit
616 3674 646 3713 se
666 3659 792 3729 praefato
812 3659 941 3713 Andreas
963 3656 996 3711 N.
1016 3656 1212 3729 personaliter,
1231 3662 1314 3727 prout
1338 3658 1367 3711 in
1388 3658 1527 3726 mandato,

344 3763 508 3819 citationem
526 3764 679 3829 intimasse,
699 3763 779 3832 copia
798 3762 908 3818 relicta.
928 3765 1001 3817 Acta
1018 3767 1085 3817 sunt
1102 3762 1173 3818 haec
1191 3763 1262 3819 dis...
1282 3764 1415 3819 mensis..
1426 3782 1526 3821 anno...

674 3904 735 3975 Ego
753 3904 789 3959 N.
809 3904 983 3975 Episcopslis
1001 3906 1096 3960 curiae
1114 3904 1241 3972 nuntius,
1257 3906 1366 3961 affirmo
1384 3910 1417 3961 ut
1433 3924 1526 3977 supra.

672 4009 733 4077 Ego
752 4008 786 4063 N.
807 4008 939 4063 Vicarius
957 4006 1113 4065 Generalis.

674 4115 735 4184 Ego
754 4113 788 4169 N.
808 4114 968 4169 Actuariua.

432 4290 483 4346 llle
501 4296 596 4349 autem
615 4310 760 4365 processus
777 4290 920 4364 sigillatur
938 4296 969 4347 et
986 4292 1113 4346 mittitur
1129 4288 1165 4347 ed
1183 4292 1313 4362 indicam,
1330 4294 1380 4366 qui
1399 4294 1524 4349 remimu-

342 4396 428 4454 riales
446 4398 529 4454 dedit.
