3350 5100
637 308 844 371 nausearum
868 322 919 369 111.
1300 302 1368 368 589

191 448 378 517 tabit;·atque
396 446 515 511 curabit,
534 450 565 499 ut
583 444 727 515 deputatio
745 445 827 499 cadat
846 458 929 513 super
947 440 1149 496 celebrioribus
1166 441 1290 495 civitatis
1310 447 1369 495 tum

189 553 279 623 quoad
297 552 453 618 scientiam,
472 555 531 605 turn
551 550 640 621 quoad
661 550 826 620 religionem
844 552 875 602 et
893 549 1079 612 honestatem,
1097 550 1183 615 atque
1202 545 1245 599 his
1271 547 1370 616 peritis

188 659 352 714 facultatem
371 658 449 713 dabit
468 657 683 729 recognoscendi
703 673 804 727 corpus
823 656 886 722 viri,
904 653 1039 708 adhibitis
1066 653 1191 707 honestis
1218 654 1316 708 mediis
1334 654 1369 707 ad

188 766 359 836 exploranda
376 764 463 836 ipsius
477 765 640 833 potentiam,
654 780 705 819 nec
718 780 773 819 non
786 762 962 827 facultatem,
974 765 1113 831 quatenus
1125 774 1181 813 non
1200 761 1369 814 convenient

189 874 218 927 in
246 874 336 943 prima
362 874 549 943 inspectione,
567 874 669 929 iterum
695 871 874 927 accendendi.
891 872 986 940 Atque
1004 870 1032 922 in
1047 868 1142 923 eodem
1155 868 1268 923 decreto
1280 868 1367 932 diem,

190 978 286 1034 horam
311 979 449 1034 stlocum
473 978 639 1044 destinabit,
660 978 808 1049 inquibus
833 976 916 1046 periti
942 976 1089 1041 accedent,
1108 980 1138 1029 ut
1164 974 1368 1044 inspectionem

190 1090 343 1158 perficiant.

261 1198 412 1267 Designate
430 1196 473 1251 die
492 1202 522 1251 et
541 1195 619 1259 hora,
629 1196 663 1249 ad
676 1188 767 1250 locum
781 1195 916 1249 accedent
929 1194 1022 1259 ludex,
1037 1193 1170 1247 Defensor
1184 1194 1367 1261 Matrimonii,

189 1303 386 1371 Cancellarius,
406 1320 439 1357 ac
460 1304 553 1357 Periti.
568 1303 677 1372 Singuli
691 1320 726 1357 ex
739 1302 845 1371 peritia,
858 1319 892 1355 ac
904 1301 1021 1355 seorsim
1033 1316 1133 1369 corpus
1146 1301 1199 1354 viri
1217 1301 1368 1370 inspicient

188 1426 221 1465 ea
239 1426 294 1481 qua
313 1410 373 1465 fieri
394 1410 498 1479 poterit
515 1410 653 1474 decentia,
672 1414 701 1463 et
723 1409 806 1462 factis
831 1407 1047 1477 experimentis,
1065 1424 1137 1477 quae
1163 1407 1242 1461 iuxta
1267 1413 1365 1471 artem,

189 1534 243 1571 non
263 1523 358 1573 tamen
377 1516 494 1583 illicitis,
513 1520 672 1585 opportuna
690 1516 863 1581 indicabunt,
875 1514 980 1584 singuli
999 1515 1133 1583 scriptam
1146 1514 1278 1569 emittent
1297 1515 1368 1568 rela-

191 1626 301 1681 tionem.

260 1730 290 1783 ln
309 1729 491 1800 inspectione,
509 1734 538 1785 et
557 1728 695 1783 relatione
715 1726 784 1782 haec
803 1728 952 1797 praecipue
964 1727 1168 1796 investiganda,
1182 1732 1212 1781 et
1223 1728 1368 1782 referenda

190 1841 280 1891 erunt.

261 1944 304 1997 An
323 1944 414 1997 adsint
432 1943 513 2011 signe
531 1942 647 2013 physice
667 1946 745 1997 certa
764 1942 947 2011 impotentiae
966 1942 1085 1995 deducta
1097 1958 1132 1997 ex
1144 1942 1366 1997 conformatione

190 2050 319 2118 partium,
338 2054 387 2103 aut
406 2066 440 2105 ex
459 2049 554 2121 aliqua
574 2050 642 2103 vitio
661 2050 734 2119 qnod
754 2065 889 2119 apparere
905 2049 1016 2117 poterit.
1032 2051 1075 2102 hn
1088 2049 1282 2117 adsintsigna‚
1295 2065 1367 2119 quae
1401 2079 1404 2085 ·

190 2156 324 2211 moralem
343 2156 539 2211 certitudinem
559 2157 693 2211 inducant
712 2158 904 2227 impotentiae,
923 2161 952 2211 et
977 2161 1115 2227 quatenus
1139 2157 1277 2221 existant,
1296 2174 1367 2227 quae

189 2262 226 2315 sit
239 2261 321 2316 huius
340 2263 522 2331 impotentiae
541 2280 633 2328 causa,
649 2267 742 2317 utrum
755 2265 792 2317 sit
808 2262 975 2331 impotentia
992 2269 1133 2332 perpetua,
1147 2264 1322 2329 insanabilis,
1335 2279 1368 2317 ac

190 2364 357 2433 praecedens
375 2366 591 2431 matrimonium,
610 2382 646 2431 an
666 2364 745 2435 signa
764 2366 947 2433 impotentiae
966 2365 1023 2419 sint
1041 2365 1127 2419 dubia
1142 2364 1187 2419 vel
1206 2366 1366 2435 aequivoca

261 2470 377 2523 Peracta
396 2469 533 2525 relatione
552 2486 568 2523 e
586 2468 705 2539 singulis
724 2469 848 2535 seorsim,
870 2467 1002 2522 Defensor
1027 2469 1200 2522 Matrimonii
1219 2467 1365 2524 exhibebit

187 2580 404 2649 interrogatoria
423 2580 527 2638 clausa,
546 2578 681 2648 sigillata,
701 2594 783 2647 super
801 2578 904 2648 quibus
922 2578 984 2632 lieri
1003 2577 1087 2632 debet
1111 2592 1228 2631 examen
1254 2578 1364 2632 Perito-

189 2704 257 2751 rurn,
275 2687 383 2757 sibique
404 2687 558 2742 reservabit
576 2687 619 2738 ius
637 2684 754 2740 addendi
773 2685 829 2737 alia
848 2685 1076 2752 interrogatoria,
1093 2701 1127 2738 ac
1145 2685 1247 2739 iterum
1272 2701 1306 2740 ea
1332 2685 1366 2739 ad

187 2809 303 2849 examen
323 2793 479 2848 revocandi.
499 2792 526 2845 Si
546 2809 663 2846 examen
688 2791 864 2860 singulorum
889 2792 1046 2845 Peritorum
1071 2791 1168 2846 eadem
1195 2792 1240 2845 die
1264 2794 1360 2862 perfici

189 2897 354 2967 nequiverit,
373 2897 454 2950 index
473 2896 556 2950 aliam
575 2895 648 2949 diem
667 2895 835 2965 designabit,
855 2901 887 2948 ut
904 2895 974 2949 illud
988 2900 1180 2965 prosequatur.
1193 2895 1318 2966 Uterque
1331 2913 1367 2950 ex

188 3003 290 3058 Peritis
310 3008 368 3056 tum
387 3008 452 3056 ante
472 3018 588 3057 examen
607 3003 794 3057 iuramentum
814 3003 970 3072 praestabit
982 3002 1016 3056 de
1034 3004 1155 3057 veritate
1167 3003 1293 3070 dicenda,
1307 3009 1365 3058 tum

189 3114 250 3180 post
268 3127 385 3164 examen
404 3111 561 3164 iuramento
579 3109 654 3164 dicta
672 3111 858 3177 confirmabit,
877 3126 938 3164 sese
958 3111 1071 3179 propria
1082 3127 1167 3164 manu
1180 3112 1364 3176 subscribens,

188 3216 279 3281 ludex,
301 3215 439 3272 Defensor.
452 3216 605 3270 validitatis
625 3215 808 3281 Matrimonii,
820 3221 851 3270 et
864 3215 1057 3270 Cancellarins
1069 3232 1100 3270 se
1118 3217 1306 3283 subscribent,
1317 3219 1366 3287 qui

188 3329 281 3380 actum
301 3325 421 3394 rogabit.

260 3432 465 3487 Procedendum
483 3433 569 3486 etiam
588 3433 642 3485 erit
660 3431 694 3485 ad
713 3431 915 3500 inspectionem
934 3431 1057 3500 corporis
1081 3431 1216 3486 mulieris.
1230 3431 1322 3497 ludex,
1334 3437 1366 3485 ut

186 3539 375 3606 supradictum
393 3543 436 3592 est
454 3538 488 3592 de
508 3539 615 3608 peritis,
636 3542 691 3591 tres
710 3538 810 3592 saltem
824 3538 995 3592 Obstetrices
1008 3537 1163 3607 deputabit,
1177 3553 1247 3608 qnae
1266 3555 1284 3591 a
1295 3537 1365 3590 duo·

187 3645 238 3699 bus
257 3645 356 3700 saltem
377 3645 473 3714 peritis
493 3661 547 3698 uno
566 3645 682 3711 medico,
701 3651 730 3698 et
752 3645 845 3700 altero
870 3643 1019 3714 chirurgo,
1040 3651 1071 3699 ut
1096 3662 1180 3715 supra
1206 3644 1367 3713 seligendis,

187 3749 281 3804 sedulo
300 3755 383 3805 erunt
400 3751 578 3806 instruendae
597 3751 630 3806 de
653 3750 876 3820 recognoscendo
900 3751 961 3804 visu
987 3755 1112 3804 attactu
1138 3751 1166 3803 in
1186 3749 1365 3803 muliebrium

186 3857 365 3924 inspectione.
385 3857 497 3912 Statuta
515 3863 608 3913 antem
628 3858 710 3913 huius
728 3859 909 3928 inspectionis
928 3859 973 3913 die
991 3858 1094 3912 mulier
1113 3857 1167 3912 erit
1193 3857 1363 3911 traducenda

186 3959 221 4014 ad
239 3960 349 4014 domum
368 3962 501 4016 honestae
521 3963 668 4016 Matronae
681 3963 786 4031 pariter
799 3979 815 4015 a
828 3962 920 4016 Iudice
933 3962 1109 4032 deputandae
1123 3978 1172 4031 pro
1185 3962 1366 4032 infrascripta

186 4067 352 4136 praestanda
370 4068 509 4137 personali
528 4069 702 4134 adsistentis,
722 4073 805 4138 atque
825 4069 1001 4124 adstantibus
1020 4085 1130 4137 semper
1159 4069 1248 4122 tribus
1267 4067 1365 4124 Obste-

187 4172 302 4226 tricibns
320 4177 349 4227 et
368 4173 507 4238 Matrona,
527 4173 718 4241 immergenda
737 4174 792 4228 erit
811 4175 839 4227 in
859 4175 960 4229 balneo
979 4191 1070 4246 aquae
1091 4175 1211 4244 tepentis
1231 4192 1248 4227 a
1263 4175 1365 4228 Peritis

186 4279 261 4348 prius
279 4279 511 4347 recognoscendo,
530 4279 602 4350 quod
621 4280 658 4332 sit
677 4296 765 4350 aquae
785 4297 880 4350 purae,
899 4297 954 4351 quo
980 4283 1008 4334 in
1038 4282 1139 4336 balneo
1168 4299 1217 4350 per
1243 4283 1363 4350 spatium

185 4387 285 4441 saltem
305 4387 388 4440 trium
408 4387 602 4457 quadrantium
622 4387 708 4441 horae
728 4388 809 4441 nnius
830 4405 992 4456 permanere
1012 4389 1139 4444 debebit:
1157 4406 1213 4459 qno
1239 4395 1364 4458 tempore
