<?xml version="1.0" encoding="UTF-8"?>
<!DOCTYPE html PUBLIC "-//W3C//DTD XHTML 1.0 Transitional//EN"
    "http://www.w3.org/TR/xhtml1/DTD/xhtml1-transitional.dtd">
<html xmlns="http://www.w3.org/1999/xhtml" xml:lang="en" lang="en">
 <head>
  <title>
</title>
<meta http-equiv="Content-Type" content="text/html;charset=utf-8" />
  <meta name='ocr-system' content='tesseract 3.04.00' />
  <meta name='ocr-capabilities' content='ocr_page ocr_carea ocr_par ocr_line ocrx_word'/>
</head>
<body>
  <div class='ocr_page' id='page_1' title='image "./praelectionesin00legagoog_0071.png"; bbox 0 0 3350 5100; ppageno 0'>
   <div class='ocr_carea' id='block_1_1' title="bbox 525 318 1334 386">
    <p class='ocr_par' dir='ltr' id='par_1_1' title="bbox 525 318 1334 386">
     <span class='ocr_line' id='line_1_1' title="bbox 525 318 1334 386; baseline -0.004 -2"><span class='ocrx_word' id='word_1_1' title='bbox 525 338 567 384; x_wconf 83' lang='lat' dir='ltr'><strong>os</strong></span> <span class='ocrx_word' id='word_1_2' title='bbox 592 337 745 386; x_wconf 78' lang='lat' dir='ltr'><strong>numeris</strong></span> <span class='ocrx_word' id='word_1_3' title='bbox 769 337 812 384; x_wconf 83' lang='lat' dir='ltr'><strong>nr</strong></span> <span class='ocrx_word' id='word_1_4' title='bbox 835 337 956 386; x_wconf 75' lang='lat' dir='ltr'><strong>rosum</strong></span> <span class='ocrx_word' id='word_1_5' title='bbox 1287 318 1334 383; x_wconf 85' lang='grc'><strong>67</strong></span> 
     </span>
    </p>
   </div>
   <div class='ocr_carea' id='block_1_2' title="bbox 143 457 1336 666">
    <p class='ocr_par' dir='ltr' id='par_1_2' title="bbox 143 457 1336 666">
     <span class='ocr_line' id='line_1_2' title="bbox 143 457 1336 546; baseline 0.004 -25"><span class='ocrx_word' id='word_1_6' title='bbox 143 474 256 522; x_wconf 86' lang='lat' dir='ltr'><strong>remus</strong></span> <span class='ocrx_word' id='word_1_7' title='bbox 267 457 490 526; x_wconf 81' lang='lat' dir='ltr'><strong>damnationes</strong></span> <span class='ocrx_word' id='word_1_8' title='bbox 502 459 604 526; x_wconf 91' lang='lat' dir='ltr'><strong>editas</strong></span> <span class='ocrx_word' id='word_1_9' title='bbox 616 481 675 546; x_wconf 92' lang='lat' dir='ltr'><strong>per</strong></span> <span class='ocrx_word' id='word_1_10' title='bbox 685 461 823 526; x_wconf 82' lang='lat' dir='ltr'>Decreta</span> <span class='ocrx_word' id='word_1_11' title='bbox 832 461 864 526; x_wconf 89' lang='lat' dir='ltr'><strong>S.</strong></span> <span class='ocrx_word' id='word_1_12' title='bbox 875 461 956 544; x_wconf 88' lang='lat' dir='ltr'><strong>Inq..</strong></span> <span class='ocrx_word' id='word_1_13' title='bbox 970 461 1023 544; x_wconf 91' lang='lat' dir='ltr'><strong>qui</strong></span> <span class='ocrx_word' id='word_1_14' title='bbox 1029 480 1089 546; x_wconf 91' lang='lat' dir='ltr'><strong>ppe</strong></span> <span class='ocrx_word' id='word_1_15' title='bbox 1101 461 1186 526; x_wconf 88' lang='lat' dir='ltr'><strong>haec</strong></span> <span class='ocrx_word' id='word_1_16' title='bbox 1197 459 1336 526; x_wconf 86' lang='lat' dir='ltr'><strong>decreta</strong></span> 
     </span>
     <span class='ocr_line' id='line_1_3' title="bbox 147 581 1333 666; baseline 0.003 -21"><span class='ocrx_word' id='word_1_17' title='bbox 147 581 304 648; x_wconf 80' lang='lat' dir='ltr'><strong>Pontifex</strong></span> <span class='ocrx_word' id='word_1_18' title='bbox 316 585 449 648; x_wconf 78' lang='lat' dir='ltr'><strong>assumit</strong></span> <span class='ocrx_word' id='word_1_19' title='bbox 465 586 497 649; x_wconf 95' lang='lat' dir='ltr'><strong>in</strong></span> <span class='ocrx_word' id='word_1_20' title='bbox 515 605 604 649; x_wconf 88' lang='lat' dir='ltr'><strong>suam</strong></span> <span class='ocrx_word' id='word_1_21' title='bbox 620 587 854 655; x_wconf 81' lang='lat' dir='ltr'><strong>auctoritatem,</strong></span> <span class='ocrx_word' id='word_1_22' title='bbox 869 585 981 649; x_wconf 88' lang='lat' dir='ltr'><strong>eadem</strong></span> <span class='ocrx_word' id='word_1_23' title='bbox 997 582 1196 650; x_wconf 84' lang='lat' dir='ltr'><strong>confirmans</strong></span> <span class='ocrx_word' id='word_1_24' title='bbox 1213 583 1333 666; x_wconf 85' lang='lat' dir='ltr'><strong>forma</strong></span> 
     </span>
    </p>
   </div>
   <div class='ocr_carea' id='block_1_3' title="bbox 143 707 1333 794">
    <p class='ocr_par' dir='ltr' id='par_1_3' title="bbox 143 707 1333 794">
     <span class='ocr_line' id='line_1_4' title="bbox 143 707 1333 794; baseline 0 -23"><span class='ocrx_word' id='word_1_25' title='bbox 143 707 316 791; x_wconf 79' lang='lat' dir='ltr'><strong>specifica.</strong></span> <span class='ocrx_word' id='word_1_26' title='bbox 333 707 415 772; x_wconf 92' lang='lat' dir='ltr'><strong>-Ad</strong></span> <span class='ocrx_word' id='word_1_27' title='bbox 432 708 523 777; x_wconf 79' lang='lat' dir='ltr'><strong>haec,</strong></span> <span class='ocrx_word' id='word_1_28' title='bbox 540 727 645 792; x_wconf 91' lang='lat' dir='ltr'><strong>neque</strong></span> <span class='ocrx_word' id='word_1_29' title='bbox 657 708 719 773; x_wconf 92' lang='lat' dir='ltr'><strong>hoc</strong></span> <span class='ocrx_word' id='word_1_30' title='bbox 736 727 835 773; x_wconf 89' lang='lat' dir='ltr'><strong>censu</strong></span> <span class='ocrx_word' id='word_1_31' title='bbox 851 707 1173 792; x_wconf 88' lang='lat' dir='ltr'><strong>comprehenduntur</strong></span> <span class='ocrx_word' id='word_1_32' title='bbox 1187 709 1333 794; x_wconf 89' lang='lat' dir='ltr'><strong>proposi·</strong></span> 
     </span>
    </p>
   </div>
   <div class='ocr_carea' id='block_1_4' title="bbox 144 832 1336 2038">
    <p class='ocr_par' dir='ltr' id='par_1_4' title="bbox 144 832 1335 1277">
     <span class='ocr_line' id='line_1_5' title="bbox 144 832 1331 919; baseline 0.001 -24"><span class='ocrx_word' id='word_1_33' title='bbox 144 833 253 896; x_wconf 85' lang='lat' dir='ltr'><strong>tiones</strong></span> <span class='ocrx_word' id='word_1_34' title='bbox 280 832 451 898; x_wconf 85' lang='lat' dir='ltr'><strong>damnatae</strong></span> <span class='ocrx_word' id='word_1_35' title='bbox 473 833 528 898; x_wconf 88' lang='lat' dir='ltr'><strong>sed</strong></span> <span class='ocrx_word' id='word_1_36' title='bbox 555 836 623 899; x_wconf 90' lang='lat' dir='ltr'><strong>sine</strong></span> <span class='ocrx_word' id='word_1_37' title='bbox 639 836 800 901; x_wconf 86' lang='lat' dir='ltr'><strong>sententia</strong></span> <span class='ocrx_word' id='word_1_38' title='bbox 823 835 1168 900; x_wconf 70' lang='lat' dir='ltr'><strong>excommunicationis</strong></span> <span class='ocrx_word' id='word_1_39' title='bbox 1183 832 1243 919; x_wconf 85' lang='lat' dir='ltr'><strong>(l).</strong></span> <span class='ocrx_word' id='word_1_40' title='bbox 1261 833 1331 898; x_wconf 93' lang='lat' dir='ltr'><strong>Nou</strong></span> 
     </span>
     <span class='ocr_line' id='line_1_6' title="bbox 148 957 1332 1044; baseline 0.001 -25"><span class='ocrx_word' id='word_1_41' title='bbox 148 958 288 1022; x_wconf 88' lang='lat' dir='ltr'><strong>interest</strong></span> <span class='ocrx_word' id='word_1_42' title='bbox 310 977 353 1021; x_wconf 89' lang='lat' dir='ltr'><strong>an</strong></span> <span class='ocrx_word' id='word_1_43' title='bbox 376 957 545 1023; x_wconf 85' lang='lat' dir='ltr'><strong>damnatae</strong></span> <span class='ocrx_word' id='word_1_44' title='bbox 569 960 632 1024; x_wconf 87' lang='lat' dir='ltr'><strong>sint</strong></span> <span class='ocrx_word' id='word_1_45' title='bbox 655 959 755 1044; x_wconf 81' lang='lat' dir='ltr'><strong>quusi</strong></span> <span class='ocrx_word' id='word_1_46' title='bbox 778 959 977 1039; x_wconf 65' lang='lat' dir='ltr'><strong>demetiens,</strong></span> <span class='ocrx_word' id='word_1_47' title='bbox 1000 958 1053 1022; x_wconf 88' lang='lat' dir='ltr'><strong>rel</strong></span> <span class='ocrx_word' id='word_1_48' title='bbox 1077 976 1255 1032; x_wconf 78' lang='lat' dir='ltr'><strong>erroneae,</strong></span> <span class='ocrx_word' id='word_1_49' title='bbox 1278 959 1332 1021; x_wconf 82' lang='lat' dir='ltr'><strong>vel</strong></span> 
     </span>
     <span class='ocr_line' id='line_1_7' title="bbox 151 1050 1335 1167; baseline -0.002 -19"><span class='ocrx_word' id='word_1_50' title='bbox 151 1079 286 1148; x_wconf 64' lang='lat' dir='ltr'><strong>haeret</strong></span> <span class='ocrx_word' id='word_1_51' title='bbox 297 1050 491 1164; x_wconf 62' lang='lat' dir='ltr'><strong>monimus.</strong></span> <span class='ocrx_word' id='word_1_52' title='bbox 506 1117 524 1130; x_wconf 90' lang='lat'>-</span> <span class='ocrx_word' id='word_1_53' title='bbox 540 1083 722 1167; x_wconf 90' lang='lat' dir='ltr'><strong>Propositio</strong></span> <span class='ocrx_word' id='word_1_54' title='bbox 737 1084 763 1148; x_wconf 91' lang='lat' dir='ltr'><strong>si</strong></span> <span class='ocrx_word' id='word_1_55' title='bbox 777 1083 818 1148; x_wconf 89' lang='lat' dir='ltr'><strong>sit</strong></span> <span class='ocrx_word' id='word_1_56' title='bbox 834 1081 1015 1161; x_wconf 60' lang='lat' dir='ltr'><strong>tranatico,</strong></span> <span class='ocrx_word' id='word_1_57' title='bbox 1027 1081 1082 1165; x_wconf 92' lang='lat' dir='ltr'><strong>qui</strong></span> <span class='ocrx_word' id='word_1_58' title='bbox 1093 1100 1166 1146; x_wconf 88' lang='lat' dir='ltr'><strong>eam</strong></span> <span class='ocrx_word' id='word_1_59' title='bbox 1181 1086 1284 1153; x_wconf 87' lang='lat' dir='ltr'><strong>tenet,</strong></span> <span class='ocrx_word' id='word_1_60' title='bbox 1297 1078 1335 1146; x_wconf 83' lang='lat' dir='ltr'><strong>tu</strong></span> 
     </span>
     <span class='ocr_line' id='line_1_8' title="bbox 148 1205 1153 1277; baseline 0.001 -7"><span class='ocrx_word' id='word_1_61' title='bbox 148 1205 347 1277; x_wconf 82' lang='lat' dir='ltr'><strong>haereticus.</strong></span> <span class='ocrx_word' id='word_1_62' title='bbox 372 1213 404 1274; x_wconf 88' lang='lat' dir='ltr'><strong>et</strong></span> <span class='ocrx_word' id='word_1_63' title='bbox 427 1227 582 1274; x_wconf 85' lang='lat' dir='ltr'><strong>censuras</strong></span> <span class='ocrx_word' id='word_1_64' title='bbox 605 1209 775 1273; x_wconf 85' lang='lat' dir='ltr'><strong>committit</strong></span> <span class='ocrx_word' id='word_1_65' title='bbox 796 1211 829 1272; x_wconf 92' lang='lat' dir='ltr'><strong>in</strong></span> <span class='ocrx_word' id='word_1_66' title='bbox 853 1208 1037 1274; x_wconf 90' lang='lat' dir='ltr'><strong>haereticos</strong></span> <span class='ocrx_word' id='word_1_67' title='bbox 1060 1207 1153 1272; x_wconf 84' lang='lat' dir='ltr'><strong>latas.</strong></span> 
     </span>
    </p>

    <p class='ocr_par' dir='ltr' id='par_1_5' title="bbox 148 1331 1336 1912">
     <span class='ocr_line' id='line_1_9' title="bbox 243 1331 1332 1416; baseline -0.002 -18"><span class='ocrx_word' id='word_1_68' title='bbox 243 1331 405 1398; x_wconf 88' lang='lat' dir='ltr'><strong>Docentes</strong></span> <span class='ocrx_word' id='word_1_69' title='bbox 430 1339 461 1398; x_wconf 93' lang='lat' dir='ltr'><strong>et</strong></span> <span class='ocrx_word' id='word_1_70' title='bbox 484 1333 702 1416; x_wconf 74' lang='lat' dir='ltr'><strong>defendentes</strong></span> <span class='ocrx_word' id='word_1_71' title='bbox 724 1335 770 1397; x_wconf 85' lang='lat' dir='ltr'><strong>illi</strong></span> <span class='ocrx_word' id='word_1_72' title='bbox 799 1333 951 1398; x_wconf 90' lang='lat' dir='ltr'><strong>dicuntur</strong></span> <span class='ocrx_word' id='word_1_73' title='bbox 974 1334 1028 1416; x_wconf 87' lang='lat' dir='ltr'><strong>qui</strong></span> <span class='ocrx_word' id='word_1_74' title='bbox 1051 1333 1104 1397; x_wconf 88' lang='lat' dir='ltr'><strong>vel</strong></span> <span class='ocrx_word' id='word_1_75' title='bbox 1128 1333 1258 1416; x_wconf 89' lang='lat' dir='ltr'><strong>scriptis</strong></span> <span class='ocrx_word' id='word_1_76' title='bbox 1279 1332 1332 1396; x_wconf 80' lang='lat' dir='ltr'><strong>vel</strong></span> 
     </span>
     <span class='ocr_line' id='line_1_10' title="bbox 154 1457 1336 1542; baseline 0.007 -28"><span class='ocrx_word' id='word_1_77' title='bbox 154 1475 211 1520; x_wconf 81' lang='lat' dir='ltr'><strong>ore</strong></span> <span class='ocrx_word' id='word_1_78' title='bbox 235 1460 339 1528; x_wconf 90' lang='lat' dir='ltr'><strong>tenus,</strong></span> <span class='ocrx_word' id='word_1_79' title='bbox 372 1457 512 1522; x_wconf 84' lang='lat' dir='ltr'><strong>trudunt</strong></span> <span class='ocrx_word' id='word_1_80' title='bbox 535 1458 718 1522; x_wconf 85' lang='lat' dir='ltr'><strong>damnatus</strong></span> <span class='ocrx_word' id='word_1_81' title='bbox 745 1457 1007 1541; x_wconf 82' lang='lat' dir='ltr'><strong>propositiones,</strong></span> <span class='ocrx_word' id='word_1_82' title='bbox 1032 1464 1150 1540; x_wconf 85' lang='lat' dir='ltr'><strong>easque</strong></span> <span class='ocrx_word' id='word_1_83' title='bbox 1176 1475 1336 1542; x_wconf 77' lang='lat' dir='ltr'><strong>purpure</strong></span> 
     </span>
     <span class='ocr_line' id='line_1_11' title="bbox 153 1580 1335 1666; baseline -0.001 -22"><span class='ocrx_word' id='word_1_84' title='bbox 153 1580 311 1645; x_wconf 84' lang='lat' dir='ltr'><strong>nituntur</strong></span> <span class='ocrx_word' id='word_1_85' title='bbox 329 1599 351 1644; x_wconf 86' lang='lat' dir='ltr'><strong>a</strong></span> <span class='ocrx_word' id='word_1_86' title='bbox 366 1587 446 1647; x_wconf 89' lang='lat' dir='ltr'><strong>noto</strong></span> <span class='ocrx_word' id='word_1_87' title='bbox 470 1581 710 1648; x_wconf 85' lang='lat' dir='ltr'><strong>damnationis.</strong></span> <span class='ocrx_word' id='word_1_88' title='bbox 728 1581 837 1656; x_wconf 83' lang='lat' dir='ltr'><strong>Quare</strong></span> <span class='ocrx_word' id='word_1_89' title='bbox 861 1582 920 1645; x_wconf 88' lang='lat' dir='ltr'><strong>has</strong></span> <span class='ocrx_word' id='word_1_90' title='bbox 944 1581 1048 1666; x_wconf 80' lang='lat' dir='ltr'><strong>loqui,</strong></span> <span class='ocrx_word' id='word_1_91' title='bbox 1065 1599 1228 1652; x_wconf 83' lang='lat' dir='ltr'><strong>asserere.</strong></span> <span class='ocrx_word' id='word_1_92' title='bbox 1244 1580 1335 1664; x_wconf 77' lang='lat' dir='ltr'><strong>offir-</strong></span> 
     </span>
     <span class='ocr_line' id='line_1_12' title="bbox 152 1703 1334 1788; baseline 0.005 -20"><span class='ocrx_word' id='word_1_93' title='bbox 152 1723 260 1778; x_wconf 83' lang='lat' dir='ltr'><strong>mare,</strong></span> <span class='ocrx_word' id='word_1_94' title='bbox 286 1703 325 1769; x_wconf 90' lang='lat' dir='ltr'><strong>de</strong></span> <span class='ocrx_word' id='word_1_95' title='bbox 348 1705 399 1769; x_wconf 87' lang='lat' dir='ltr'><strong>his</strong></span> <span class='ocrx_word' id='word_1_96' title='bbox 423 1705 598 1788; x_wconf 85' lang='lat' dir='ltr'><strong>disputare</strong></span> <span class='ocrx_word' id='word_1_97' title='bbox 617 1705 713 1770; x_wconf 88' lang='lat' dir='ltr'><strong>hodie</strong></span> <span class='ocrx_word' id='word_1_98' title='bbox 729 1725 793 1770; x_wconf 93' lang='lat' dir='ltr'><strong>non</strong></span> <span class='ocrx_word' id='word_1_99' title='bbox 811 1709 860 1771; x_wconf 91' lang='lat' dir='ltr'><strong>est</strong></span> <span class='ocrx_word' id='word_1_100' title='bbox 875 1704 1035 1770; x_wconf 90' lang='lat' dir='ltr'><strong>obiectum</strong></span> <span class='ocrx_word' id='word_1_101' title='bbox 1052 1704 1147 1771; x_wconf 90' lang='lat' dir='ltr'><strong>huius</strong></span> <span class='ocrx_word' id='word_1_102' title='bbox 1163 1724 1334 1774; x_wconf 83' lang='lat' dir='ltr'><strong>censurae.</strong></span> 
     </span>
     <span class='ocr_line' id='line_1_13' title="bbox 148 1827 1041 1912; baseline 0.001 -21"><span class='ocrx_word' id='word_1_103' title='bbox 148 1847 235 1911; x_wconf 82' lang='lat' dir='ltr'><strong>quae</strong></span> <span class='ocrx_word' id='word_1_104' title='bbox 257 1828 408 1912; x_wconf 82' lang='lat' dir='ltr'><strong>percellit</strong></span> <span class='ocrx_word' id='word_1_105' title='bbox 430 1834 553 1893; x_wconf 88' lang='lat' dir='ltr'><strong>tautum</strong></span> <span class='ocrx_word' id='word_1_106' title='bbox 578 1829 733 1894; x_wconf 86' lang='lat' dir='ltr'><strong>docentes</strong></span> <span class='ocrx_word' id='word_1_107' title='bbox 756 1832 788 1892; x_wconf 94' lang='lat' dir='ltr'><strong>et</strong></span> <span class='ocrx_word' id='word_1_108' title='bbox 811 1827 1041 1908; x_wconf 77' lang='lat' dir='ltr'><strong>defendentes.</strong></span> 
     </span>
    </p>

    <p class='ocr_par' dir='ltr' id='par_1_6' title="bbox 241 1951 1332 2038">
     <span class='ocr_line' id='line_1_14' title="bbox 241 1951 1332 2038; baseline 0.001 -22"><span class='ocrx_word' id='word_1_109' title='bbox 241 1954 296 2017; x_wconf 85' lang='lat'><strong>49.</strong></span> <span class='ocrx_word' id='word_1_110' title='bbox 322 1953 370 2017; x_wconf 85' lang='lat' dir='ltr'><strong>Eo</strong></span> <span class='ocrx_word' id='word_1_111' title='bbox 393 1953 495 2038; x_wconf 85' lang='lat' dir='ltr'><strong>magis</strong></span> <span class='ocrx_word' id='word_1_112' title='bbox 519 1952 649 2017; x_wconf 90' lang='lat' dir='ltr'><strong>timendi</strong></span> <span class='ocrx_word' id='word_1_113' title='bbox 674 1959 706 2020; x_wconf 90' lang='lat' dir='ltr'><strong>et</strong></span> <span class='ocrx_word' id='word_1_114' title='bbox 729 1951 892 2018; x_wconf 88' lang='lat' dir='ltr'><strong>devitandi</strong></span> <span class='ocrx_word' id='word_1_115' title='bbox 916 1959 990 2017; x_wconf 87' lang='lat' dir='ltr'><strong>sunt</strong></span> <span class='ocrx_word' id='word_1_116' title='bbox 1014 1953 1160 2038; x_wconf 79' lang='lat' dir='ltr'><strong>magistri</strong></span> <span class='ocrx_word' id='word_1_117' title='bbox 1180 1971 1332 2016; x_wconf 91' lang='lat' dir='ltr'><strong>errorum</strong></span> 
     </span>
    </p>
   </div>
   <div class='ocr_carea' id='block_1_5' title="bbox 149 2215 1355 4518">
    <p class='ocr_par' dir='ltr' id='par_1_7' title="bbox 149 2215 1355 4518">
     <span class='ocr_line' id='line_1_15' title="bbox 242 2215 1336 2288; baseline 0.003 -19"><span class='ocrx_word' id='word_1_118' title='bbox 242 2217 282 2287; x_wconf 85' lang='lat' dir='ltr'><strong>(l)</strong></span> <span class='ocrx_word' id='word_1_119' title='bbox 293 2217 385 2279; x_wconf 84' lang='lat' dir='ltr'><strong>Quare</strong></span> <span class='ocrx_word' id='word_1_120' title='bbox 395 2217 536 2272; x_wconf 78' lang='lat' dir='ltr'><strong>cardinali</strong></span> <span class='ocrx_word' id='word_1_121' title='bbox 547 2217 718 2273; x_wconf 81' lang='lat' dir='ltr'><strong>D’tlunibale</strong></span> <span class='ocrx_word' id='word_1_122' title='bbox 728 2217 848 2281; x_wconf 81' lang='lat' dir='ltr'><strong>videtur,</strong></span> <span class='ocrx_word' id='word_1_123' title='bbox 858 2233 912 2271; x_wconf 88' lang='lat' dir='ltr'><strong>uon</strong></span> <span class='ocrx_word' id='word_1_124' title='bbox 923 2215 1119 2287; x_wconf 77' lang='lat' dir='ltr'><strong>comprehendi</strong></span> <span class='ocrx_word' id='word_1_125' title='bbox 1129 2218 1336 2288; x_wconf 80' lang='lat' dir='ltr'><strong>propositiones</strong></span> 
     </span>
     <span class='ocr_line' id='line_1_16' title="bbox 149 2322 1337 2396; baseline -0.002 -18"><span class='ocrx_word' id='word_1_126' title='bbox 149 2327 310 2392; x_wconf 64' lang='lat' dir='ltr'><strong>cannatina</strong></span> <span class='ocrx_word' id='word_1_127' title='bbox 328 2325 485 2390; x_wconf 86' lang='lat' dir='ltr'><strong>damnatae,</strong></span> <span class='ocrx_word' id='word_1_128' title='bbox 504 2329 536 2378; x_wconf 89' lang='lat' dir='ltr'><strong>ut</strong></span> <span class='ocrx_word' id='word_1_129' title='bbox 554 2341 619 2380; x_wconf 91' lang='lat' dir='ltr'><strong>eccs</strong></span> <span class='ocrx_word' id='word_1_130' title='bbox 637 2341 709 2394; x_wconf 85' lang='lat' dir='ltr'><strong>quae</strong></span> <span class='ocrx_word' id='word_1_131' title='bbox 728 2325 757 2380; x_wconf 91' lang='lat' dir='ltr'><strong>in</strong></span> <span class='ocrx_word' id='word_1_132' title='bbox 776 2322 893 2396; x_wconf 84' lang='lat' dir='ltr'><strong>Syllabo</strong></span> <span class='ocrx_word' id='word_1_133' title='bbox 911 2324 1106 2387; x_wconf 88' lang='lat' dir='ltr'><strong>continentur;</strong></span> <span class='ocrx_word' id='word_1_134' title='bbox 1125 2322 1170 2378; x_wconf 83' lang='lat' dir='ltr'><strong>vel</strong></span> <span class='ocrx_word' id='word_1_135' title='bbox 1189 2323 1337 2378; x_wconf 86' lang='lat' dir='ltr'><strong>damnatae</strong></span> 
     </span>
     <span class='ocr_line' id='line_1_17' title="bbox 151 2427 1337 2502; baseline -0.002 -18"><span class='ocrx_word' id='word_1_136' title='bbox 151 2434 203 2486; x_wconf 84' lang='lat' dir='ltr'><strong>sub</strong></span> <span class='ocrx_word' id='word_1_137' title='bbox 218 2434 345 2486; x_wconf 67' lang='lat' dir='ltr'><strong>mnus-is</strong></span> <span class='ocrx_word' id='word_1_138' title='bbox 357 2436 387 2485; x_wconf 90' lang='lat' dir='ltr'><strong>et</strong></span> <span class='ocrx_word' id='word_1_139' title='bbox 398 2435 494 2502; x_wconf 83' lang='lat' dir='ltr'><strong>poenis</strong></span> <span class='ocrx_word' id='word_1_140' title='bbox 506 2433 535 2486; x_wconf 92' lang='lat' dir='ltr'><strong>in</strong></span> <span class='ocrx_word' id='word_1_141' title='bbox 548 2433 609 2486; x_wconf 89' lang='lat' dir='ltr'><strong>iure</strong></span> <span class='ocrx_word' id='word_1_142' title='bbox 622 2431 743 2496; x_wconf 87' lang='lat' dir='ltr'><strong>statutis,</strong></span> <span class='ocrx_word' id='word_1_143' title='bbox 753 2431 842 2487; x_wconf 89' lang='lat' dir='ltr'><strong>veluti</strong></span> <span class='ocrx_word' id='word_1_144' title='bbox 856 2431 901 2484; x_wconf 88' lang='lat'><strong>101</strong></span> <span class='ocrx_word' id='word_1_145' title='bbox 920 2447 999 2500; x_wconf 85' lang='lat' dir='ltr'><strong>prop.</strong></span> <span class='ocrx_word' id='word_1_146' title='bbox 1010 2430 1158 2485; x_wconf 83' lang='lat' dir='ltr'><strong>damnatae</strong></span> <span class='ocrx_word' id='word_1_147' title='bbox 1170 2447 1189 2482; x_wconf 86' lang='lat' dir='ltr'><strong>s</strong></span> <span class='ocrx_word' id='word_1_148' title='bbox 1199 2427 1286 2484; x_wconf 85' lang='lat' dir='ltr'><strong>Clam.</strong></span> <span class='ocrx_word' id='word_1_149' title='bbox 1297 2430 1337 2483; x_wconf 82' lang='lat' dir='ltr'><strong>Xl</strong></span> 
     </span>
     <span class='ocr_line' id='line_1_18' title="bbox 150 2536 1336 2609; baseline 0 -18"><span class='ocrx_word' id='word_1_150' title='bbox 150 2538 246 2593; x_wconf 81' lang='lat' dir='ltr'><strong>Cenat.</strong></span> <span class='ocrx_word' id='word_1_151' title='bbox 273 2541 444 2609; x_wconf 74' lang='lat' dir='ltr'><strong>Unipenitus.</strong></span> <span class='ocrx_word' id='word_1_152' title='bbox 463 2538 567 2595; x_wconf 81' lang='lat' dir='ltr'><strong>Contra</strong></span> <span class='ocrx_word' id='word_1_153' title='bbox 586 2537 752 2603; x_wconf 76' lang='lat' dir='ltr'><strong>Lehmkuht</strong></span> <span class='ocrx_word' id='word_1_154' title='bbox 772 2539 804 2603; x_wconf 85' lang='lat' dir='ltr'><strong>ll,</strong></span> <span class='ocrx_word' id='word_1_155' title='bbox 825 2537 887 2592; x_wconf 72' lang='lat'><strong>942.</strong></span> <span class='ocrx_word' id='word_1_156' title='bbox 908 2537 995 2593; x_wconf 89' lang='lat' dir='ltr'><strong>Plane</strong></span> <span class='ocrx_word' id='word_1_157' title='bbox 1018 2537 1188 2592; x_wconf 76' lang='lat' dir='ltr'><strong>assentimur</strong></span> <span class='ocrx_word' id='word_1_158' title='bbox 1210 2536 1336 2605; x_wconf 88' lang='lat' dir='ltr'><strong>opinioni</strong></span> 
     </span>
     <span class='ocr_line' id='line_1_19' title="bbox 151 2634 1355 2714; baseline -0.002 -17"><span class='ocrx_word' id='word_1_159' title='bbox 151 2634 231 2699; x_wconf 78' lang='lat' dir='ltr'><strong>Card.</strong></span> <span class='ocrx_word' id='word_1_160' title='bbox 253 2644 436 2699; x_wconf 83' lang='lat' dir='ltr'><strong>D&#39;Annibale.</strong></span> <span class='ocrx_word' id='word_1_161' title='bbox 456 2674 467 2685; x_wconf 94' lang='lat'>-</span> <span class='ocrx_word' id='word_1_162' title='bbox 488 2645 574 2699; x_wconf 89' lang='lat' dir='ltr'><strong>Porro</strong></span> <span class='ocrx_word' id='word_1_163' title='bbox 593 2646 796 2714; x_wconf 88' lang='lat' dir='ltr'><strong>propositiones</strong></span> <span class='ocrx_word' id='word_1_164' title='bbox 815 2642 953 2698; x_wconf 86' lang='lat' dir='ltr'><strong>hacteuus</strong></span> <span class='ocrx_word' id='word_1_165' title='bbox 971 2643 1120 2696; x_wconf 86' lang='lat' dir='ltr'><strong>damnatae</strong></span> <span class='ocrx_word' id='word_1_166' title='bbox 1139 2659 1156 2695; x_wconf 87' lang='lat' dir='ltr'><strong>a</strong></span> <span class='ocrx_word' id='word_1_167' title='bbox 1176 2642 1240 2696; x_wconf 81' lang='lat' dir='ltr'><strong>Sed.</strong></span> <span class='ocrx_word' id='word_1_168' title='bbox 1259 2644 1355 2711; x_wconf 83' lang='lat' dir='ltr'><strong>Apo·&#39;</strong></span> 
     </span>
     <span class='ocr_line' id='line_1_20' title="bbox 152 2745 1338 2820; baseline -0.004 -18"><span class='ocrx_word' id='word_1_169' title='bbox 152 2750 251 2803; x_wconf 78' lang='lat' dir='ltr'><strong>ctetica</strong></span> <span class='ocrx_word' id='word_1_170' title='bbox 269 2752 321 2803; x_wconf 85' lang='lat' dir='ltr'><strong>sub</strong></span> <span class='ocrx_word' id='word_1_171' title='bbox 340 2766 473 2803; x_wconf 71' lang='lat' dir='ltr'><strong>excomm.</strong></span> <span class='ocrx_word' id='word_1_172' title='bbox 492 2766 585 2820; x_wconf 85' lang='lat' dir='ltr'><strong>poena</strong></span> <span class='ocrx_word' id='word_1_173' title='bbox 604 2750 622 2801; x_wconf 86' lang='lat' dir='ltr'><strong>l.</strong></span> <span class='ocrx_word' id='word_1_174' title='bbox 641 2766 663 2801; x_wconf 90' lang='lat' dir='ltr'><strong>s.</strong></span> <span class='ocrx_word' id='word_1_175' title='bbox 683 2765 752 2820; x_wconf 82' lang='lat' dir='ltr'><strong>quas</strong></span> <span class='ocrx_word' id='word_1_176' title='bbox 775 2750 943 2819; x_wconf 76' lang='lat' dir='ltr'><strong>defendere,</strong></span> <span class='ocrx_word' id='word_1_177' title='bbox 962 2749 1065 2801; x_wconf 84' lang='lat' dir='ltr'><strong>docere</strong></span> <span class='ocrx_word' id='word_1_178' title='bbox 1090 2762 1147 2799; x_wconf 91' lang='lat' dir='ltr'><strong>nou</strong></span> <span class='ocrx_word' id='word_1_179' title='bbox 1170 2745 1254 2811; x_wconf 88' lang='lat' dir='ltr'><strong>licet,</strong></span> <span class='ocrx_word' id='word_1_180' title='bbox 1272 2750 1338 2798; x_wconf 91' lang='lat' dir='ltr'><strong>suut</strong></span> 
     </span>
     <span class='ocr_line' id='line_1_21' title="bbox 151 2852 1338 2927; baseline -0.003 -16"><span class='ocrx_word' id='word_1_181' title='bbox 151 2862 316 2927; x_wconf 79' lang='lat' dir='ltr'><strong>sequentes:</strong></span> <span class='ocrx_word' id='word_1_182' title='bbox 343 2858 366 2911; x_wconf 88' lang='lat' dir='ltr'><strong>l.</strong></span> <span class='ocrx_word' id='word_1_183' title='bbox 389 2856 503 2911; x_wconf 84' lang='lat' dir='ltr'><strong>Errores</strong></span> <span class='ocrx_word' id='word_1_184' title='bbox 524 2858 555 2909; x_wconf 81' lang='grc'><strong>41</strong></span> <span class='ocrx_word' id='word_1_185' title='bbox 579 2857 694 2911; x_wconf 89' lang='lat' dir='ltr'><strong>Martini</strong></span> <span class='ocrx_word' id='word_1_186' title='bbox 721 2855 837 2910; x_wconf 88' lang='lat' dir='ltr'><strong>Lutheri</strong></span> <span class='ocrx_word' id='word_1_187' title='bbox 857 2872 892 2909; x_wconf 83' lang='lat' dir='ltr'><strong>ex</strong></span> <span class='ocrx_word' id='word_1_188' title='bbox 911 2854 1005 2908; x_wconf 88' lang='lat' dir='ltr'><strong>Coust.</strong></span> <span class='ocrx_word' id='word_1_189' title='bbox 1026 2854 1127 2907; x_wconf 88' lang='lat' dir='ltr'><strong>Leonis</strong></span> <span class='ocrx_word' id='word_1_190' title='bbox 1152 2854 1179 2906; x_wconf 79' lang='grc' dir='ltr'>Χ</span> <span class='ocrx_word' id='word_1_191' title='bbox 1206 2852 1338 2923; x_wconf 78' lang='lat' dir='ltr'><strong>Eccsurpe</strong></span> 
     </span>
     <span class='ocr_line' id='line_1_22' title="bbox 154 2957 1337 3029; baseline -0.003 -16"><span class='ocrx_word' id='word_1_192' title='bbox 154 2962 281 3027; x_wconf 86' lang='lat' dir='ltr'><strong>Domine,</strong></span> <span class='ocrx_word' id='word_1_193' title='bbox 302 2961 340 3015; x_wconf 96' lang='grc'><strong>16</strong></span> <span class='ocrx_word' id='word_1_194' title='bbox 364 2962 434 3015; x_wconf 83' lang='lat' dir='ltr'><strong>Moti</strong></span> <span class='ocrx_word' id='word_1_195' title='bbox 457 2963 551 3019; x_wconf 75' lang='lat'><em>1520:</em></span> <span class='ocrx_word' id='word_1_196' title='bbox 576 2964 601 3015; x_wconf 82' lang='lat'><strong>2.</strong></span> <span class='ocrx_word' id='word_1_197' title='bbox 627 2961 835 3029; x_wconf 74' lang='lat' dir='ltr'><strong>propositiones</strong></span> <span class='ocrx_word' id='word_1_198' title='bbox 859 2960 896 3012; x_wconf 79' lang='lat'><strong>79</strong></span> <span class='ocrx_word' id='word_1_199' title='bbox 921 2957 1070 3012; x_wconf 82' lang='lat' dir='ltr'><strong>Michaelis</strong></span> <span class='ocrx_word' id='word_1_200' title='bbox 1094 2958 1155 3011; x_wconf 83' lang='lat' dir='ltr'><strong>Baii</strong></span> <span class='ocrx_word' id='word_1_201' title='bbox 1182 2974 1216 3011; x_wconf 82' lang='lat' dir='ltr'><strong>ex</strong></span> <span class='ocrx_word' id='word_1_202' title='bbox 1242 2957 1337 3013; x_wconf 84' lang='lat' dir='ltr'><strong>Coust.</strong></span> 
     </span>
     <span class='ocr_line' id='line_1_23' title="bbox 150 3065 1337 3135; baseline -0.002 -16"><span class='ocrx_word' id='word_1_203' title='bbox 150 3066 179 3119; x_wconf 78' lang='lat' dir='ltr'><strong>S.</strong></span> <span class='ocrx_word' id='word_1_204' title='bbox 195 3067 237 3120; x_wconf 87' lang='lat' dir='ltr'><strong>Pii</strong></span> <span class='ocrx_word' id='word_1_205' title='bbox 253 3066 277 3117; x_wconf 88' lang='lat' dir='ltr'>V</span> <span class='ocrx_word' id='word_1_206' title='bbox 297 3068 344 3121; x_wconf 79' lang='lat' dir='ltr'><strong>Es</strong></span> <span class='ocrx_word' id='word_1_207' title='bbox 355 3070 490 3132; x_wconf 84' lang='lat' dir='ltr'><strong>omnibus,</strong></span> <span class='ocrx_word' id='word_1_208' title='bbox 504 3070 518 3122; x_wconf 84' lang='lat'><strong><em>1</em></strong></span> <span class='ocrx_word' id='word_1_209' title='bbox 535 3068 701 3133; x_wconf 79' lang='lat' dir='ltr'><strong>Oer.1567‚·</strong></span> <span class='ocrx_word' id='word_1_210' title='bbox 719 3068 744 3121; x_wconf 88' lang='grc'><strong>3.</strong></span> <span class='ocrx_word' id='word_1_211' title='bbox 760 3067 917 3135; x_wconf 88' lang='lat' dir='ltr'><strong>Propositio</strong></span> <span class='ocrx_word' id='word_1_212' title='bbox 937 3066 971 3120; x_wconf 88' lang='lat' dir='ltr'><strong>de</strong></span> <span class='ocrx_word' id='word_1_213' title='bbox 989 3065 1162 3119; x_wconf 80' lang='lat' dir='ltr'><strong>confessione</strong></span> <span class='ocrx_word' id='word_1_214' title='bbox 1181 3081 1337 3120; x_wconf 82' lang='lat' dir='ltr'><strong>sacramen·</strong></span> 
     </span>
     <span class='ocr_line' id='line_1_24' title="bbox 153 3168 1339 3241; baseline -0.003 -17"><span class='ocrx_word' id='word_1_215' title='bbox 153 3172 203 3225; x_wconf 87' lang='lat' dir='ltr'><strong>tali</strong></span> <span class='ocrx_word' id='word_1_216' title='bbox 222 3178 252 3226; x_wconf 88' lang='lat' dir='ltr'><strong>et</strong></span> <span class='ocrx_word' id='word_1_217' title='bbox 271 3172 448 3227; x_wconf 83' lang='lat' dir='ltr'><strong>absolutione</strong></span> <span class='ocrx_word' id='word_1_218' title='bbox 466 3172 618 3226; x_wconf 86' lang='lat' dir='ltr'><strong>obtinenda</strong></span> <span class='ocrx_word' id='word_1_219' title='bbox 642 3189 691 3241; x_wconf 90' lang='lat' dir='ltr'><strong>per</strong></span> <span class='ocrx_word' id='word_1_220' title='bbox 712 3172 832 3237; x_wconf 88' lang='lat' dir='ltr'><strong>litteras,</strong></span> <span class='ocrx_word' id='word_1_221' title='bbox 854 3168 987 3225; x_wconf 86' lang='lat' dir='ltr'><strong>damnata</strong></span> <span class='ocrx_word' id='word_1_222' title='bbox 1006 3188 1023 3222; x_wconf 89' lang='lat' dir='ltr'><strong>a</strong></span> <span class='ocrx_word' id='word_1_223' title='bbox 1041 3168 1188 3224; x_wconf 80' lang='lat' dir='ltr'><strong>Clemente</strong></span> <span class='ocrx_word' id='word_1_224' title='bbox 1206 3168 1268 3223; x_wconf 91' lang='lat' dir='ltr'><strong>Vlll</strong></span> <span class='ocrx_word' id='word_1_225' title='bbox 1289 3186 1339 3237; x_wconf 87' lang='lat' dir='ltr'><strong>per</strong></span> 
     </span>
     <span class='ocr_line' id='line_1_25' title="bbox 155 3272 1338 3347; baseline -0.005 -15"><span class='ocrx_word' id='word_1_226' title='bbox 155 3278 264 3333; x_wconf 82' lang='lat' dir='ltr'><strong>Deerat.</strong></span> <span class='ocrx_word' id='word_1_227' title='bbox 284 3278 310 3329; x_wconf 90' lang='lat' dir='ltr'><strong>S.</strong></span> <span class='ocrx_word' id='word_1_228' title='bbox 325 3278 384 3347; x_wconf 88' lang='lat' dir='ltr'><strong>lnq.</strong></span> <span class='ocrx_word' id='word_1_229' title='bbox 403 3280 445 3330; x_wconf 83' lang='lat'><strong>20</strong></span> <span class='ocrx_word' id='word_1_230' title='bbox 458 3278 512 3331; x_wconf 82' lang='lat' dir='ltr'><strong>Iul.</strong></span> <span class='ocrx_word' id='word_1_231' title='bbox 528 3280 619 3343; x_wconf 59' lang='lat'><strong>160&amp;</strong></span> <span class='ocrx_word' id='word_1_232' title='bbox 639 3282 664 3331; x_wconf 84' lang='lat'><strong>4.</strong></span> <span class='ocrx_word' id='word_1_233' title='bbox 685 3277 893 3346; x_wconf 87' lang='lat' dir='ltr'><strong>Propositioues</strong></span> <span class='ocrx_word' id='word_1_234' title='bbox 911 3278 946 3330; x_wconf 79' lang='lat'><strong>45</strong></span> <span class='ocrx_word' id='word_1_235' title='bbox 959 3277 1051 3329; x_wconf 89' lang='lat' dir='ltr'><strong>damu.</strong></span> <span class='ocrx_word' id='word_1_236' title='bbox 1066 3277 1101 3329; x_wconf 86' lang='lat' dir='ltr'><strong>ab</strong></span> <span class='ocrx_word' id='word_1_237' title='bbox 1115 3273 1275 3328; x_wconf 79' lang='lat' dir='ltr'><strong>Alexandro</strong></span> <span class='ocrx_word' id='word_1_238' title='bbox 1290 3272 1338 3327; x_wconf 90' lang='lat' dir='ltr'><strong>v11</strong></span> 
     </span>
     <span class='ocr_line' id='line_1_26' title="bbox 154 3379 1340 3455; baseline -0.004 -19"><span class='ocrx_word' id='word_1_239' title='bbox 154 3400 202 3453; x_wconf 91' lang='lat' dir='ltr'><strong>per</strong></span> <span class='ocrx_word' id='word_1_240' title='bbox 213 3385 362 3438; x_wconf 86' lang='lat' dir='ltr'><strong>Decretum</strong></span> <span class='ocrx_word' id='word_1_241' title='bbox 376 3384 402 3436; x_wconf 90' lang='lat' dir='ltr'><strong>S.</strong></span> <span class='ocrx_word' id='word_1_242' title='bbox 414 3383 479 3455; x_wconf 65' lang='lat' dir='ltr'><strong>loq„</strong></span> <span class='ocrx_word' id='word_1_243' title='bbox 492 3386 533 3437; x_wconf 71' lang='lat'><strong>24</strong></span> <span class='ocrx_word' id='word_1_244' title='bbox 549 3386 621 3454; x_wconf 84' lang='lat' dir='ltr'><strong>Sept.</strong></span> <span class='ocrx_word' id='word_1_245' title='bbox 632 3384 724 3450; x_wconf 86' lang='grc'><strong><em>1665,</em></strong></span> <span class='ocrx_word' id='word_1_246' title='bbox 738 3389 767 3437; x_wconf 85' lang='lat' dir='ltr'><strong>et</strong></span> <span class='ocrx_word' id='word_1_247' title='bbox 777 3384 814 3437; x_wconf 88' lang='lat'><strong>18</strong></span> <span class='ocrx_word' id='word_1_248' title='bbox 825 3386 925 3437; x_wconf 83' lang='lat' dir='ltr'><strong>Martii</strong></span> <span class='ocrx_word' id='word_1_249' title='bbox 935 3384 1028 3449; x_wconf 85' lang='grc'><strong><em>1666,·</em></strong></span> <span class='ocrx_word' id='word_1_250' title='bbox 1046 3382 1071 3435; x_wconf 87' lang='grc'><strong>5.</strong></span> <span class='ocrx_word' id='word_1_251' title='bbox 1083 3381 1293 3450; x_wconf 87' lang='lat' dir='ltr'><strong>Propositiones</strong></span> <span class='ocrx_word' id='word_1_252' title='bbox 1303 3379 1340 3432; x_wconf 88' lang='lat'><strong>65</strong></span> 
     </span>
     <span class='ocr_line' id='line_1_27' title="bbox 153 3487 1338 3561; baseline -0.003 -18"><span class='ocrx_word' id='word_1_253' title='bbox 153 3490 244 3543; x_wconf 81' lang='lat' dir='ltr'><strong>damn.</strong></span> <span class='ocrx_word' id='word_1_254' title='bbox 265 3493 301 3544; x_wconf 85' lang='lat' dir='ltr'><strong>ab</strong></span> <span class='ocrx_word' id='word_1_255' title='bbox 319 3491 482 3545; x_wconf 91' lang='lat' dir='ltr'><strong>Innocentio</strong></span> <span class='ocrx_word' id='word_1_256' title='bbox 501 3490 540 3545; x_wconf 84' lang='lat' dir='ltr'><strong>xt</strong></span> <span class='ocrx_word' id='word_1_257' title='bbox 561 3490 776 3561; x_wconf 70' lang='lat' dir='ltr'><strong>per-Decretum</strong></span> <span class='ocrx_word' id='word_1_258' title='bbox 796 3490 822 3543; x_wconf 89' lang='lat' dir='ltr'><strong>S.</strong></span> <span class='ocrx_word' id='word_1_259' title='bbox 837 3491 903 3561; x_wconf 68' lang='lat' dir='ltr'><strong>loq,</strong></span> <span class='ocrx_word' id='word_1_260' title='bbox 923 3490 1055 3543; x_wconf 76' lang='lat' dir='ltr'><strong>‹lMortii</strong></span> <span class='ocrx_word' id='word_1_261' title='bbox 1074 3488 1170 3553; x_wconf 83' lang='lat'><strong><em>1679;</em></strong></span> <span class='ocrx_word' id='word_1_262' title='bbox 1189 3488 1214 3538; x_wconf 87' lang='grc'><strong>6.</strong></span> <span class='ocrx_word' id='word_1_263' title='bbox 1236 3487 1338 3555; x_wconf 85' lang='lat' dir='ltr'><strong>Propo·</strong></span> 
     </span>
     <span class='ocr_line' id='line_1_28' title="bbox 153 3594 1341 3651; baseline -0.004 -2"><span class='ocrx_word' id='word_1_264' title='bbox 153 3598 271 3651; x_wconf 86' lang='lat' dir='ltr'><strong>sitiones</strong></span> <span class='ocrx_word' id='word_1_265' title='bbox 289 3596 325 3651; x_wconf 90' lang='lat'><strong>68</strong></span> <span class='ocrx_word' id='word_1_266' title='bbox 344 3596 492 3651; x_wconf 82' lang='lat' dir='ltr'><strong>Michaelis</strong></span> <span class='ocrx_word' id='word_1_267' title='bbox 511 3598 632 3651; x_wconf 88' lang='lat' dir='ltr'><strong>Melinos</strong></span> <span class='ocrx_word' id='word_1_268' title='bbox 653 3598 743 3650; x_wconf 89' lang='lat' dir='ltr'><strong>damn.</strong></span> <span class='ocrx_word' id='word_1_269' title='bbox 764 3613 798 3650; x_wconf 79' lang='lat' dir='ltr'><strong>ex</strong></span> <span class='ocrx_word' id='word_1_270' title='bbox 817 3596 910 3650; x_wconf 88' lang='lat' dir='ltr'><strong>Const.</strong></span> <span class='ocrx_word' id='word_1_271' title='bbox 934 3596 1069 3650; x_wconf 82' lang='lat' dir='ltr'><strong>Coelestr&#39;s</strong></span> <span class='ocrx_word' id='word_1_272' title='bbox 1088 3596 1189 3649; x_wconf 81' lang='lat' dir='ltr'><strong>Pastor</strong></span> <span class='ocrx_word' id='word_1_273' title='bbox 1207 3594 1341 3645; x_wconf 87' lang='lat' dir='ltr'><strong>Innocen-</strong></span> 
     </span>
     <span class='ocr_line' id='line_1_29' title="bbox 155 3699 1340 3773; baseline -0.007 -16"><span class='ocrx_word' id='word_1_274' title='bbox 155 3706 187 3757; x_wconf 84' lang='lat' dir='ltr'><strong>tii</strong></span> <span class='ocrx_word' id='word_1_275' title='bbox 201 3706 250 3769; x_wconf 80' lang='lat' dir='ltr'><strong>xl,</strong></span> <span class='ocrx_word' id='word_1_276' title='bbox 268 3706 311 3756; x_wconf 79' lang='lat'><strong>20</strong></span> <span class='ocrx_word' id='word_1_277' title='bbox 323 3702 394 3758; x_wconf 87' lang='lat' dir='ltr'><strong>Nou.</strong></span> <span class='ocrx_word' id='word_1_278' title='bbox 409 3704 500 3771; x_wconf 83' lang='lat'><em>1687;</em></span> <span class='ocrx_word' id='word_1_279' title='bbox 518 3706 545 3758; x_wconf 89' lang='lat'><strong>7.</strong></span> <span class='ocrx_word' id='word_1_280' title='bbox 559 3704 716 3773; x_wconf 65' lang='lat' dir='ltr'><strong>Protmsitio</strong></span> <span class='ocrx_word' id='word_1_281' title='bbox 729 3705 761 3757; x_wconf 73' lang='lat'><strong>22</strong></span> <span class='ocrx_word' id='word_1_282' title='bbox 775 3702 850 3773; x_wconf 89' lang='lat' dir='ltr'><strong>(nam</strong></span> <span class='ocrx_word' id='word_1_283' title='bbox 865 3703 955 3772; x_wconf 86' lang='lat' dir='ltr'><strong>prima</strong></span> <span class='ocrx_word' id='word_1_284' title='bbox 967 3701 1102 3755; x_wconf 88' lang='lat' dir='ltr'><strong>damnata</strong></span> <span class='ocrx_word' id='word_1_285' title='bbox 1120 3704 1164 3753; x_wconf 83' lang='lat' dir='ltr'><strong>est</strong></span> <span class='ocrx_word' id='word_1_286' title='bbox 1183 3699 1224 3752; x_wconf 88' lang='lat' dir='ltr'><strong>uti</strong></span> <span class='ocrx_word' id='word_1_287' title='bbox 1241 3700 1340 3750; x_wconf 83' lang='lat' dir='ltr'><strong>haere·</strong></span> 
     </span>
     <span class='ocr_line' id='line_1_30' title="bbox 155 3802 1335 3879; baseline -0.007 -16"><span class='ocrx_word' id='word_1_288' title='bbox 155 3812 220 3877; x_wconf 83' lang='lat' dir='ltr'><strong>tica)</strong></span> <span class='ocrx_word' id='word_1_289' title='bbox 238 3812 371 3865; x_wconf 83' lang='lat' dir='ltr'><strong>damnata</strong></span> <span class='ocrx_word' id='word_1_290' title='bbox 389 3813 424 3865; x_wconf 86' lang='lat' dir='ltr'><strong>ab</strong></span> <span class='ocrx_word' id='word_1_291' title='bbox 444 3810 603 3866; x_wconf 75' lang='lat' dir='ltr'><strong>Alexandro</strong></span> <span class='ocrx_word' id='word_1_292' title='bbox 616 3810 688 3875; x_wconf 87' lang='lat' dir='ltr'><strong>vtlt,</strong></span> <span class='ocrx_word' id='word_1_293' title='bbox 706 3811 750 3864; x_wconf 90' lang='lat' dir='ltr'><strong>die</strong></span> <span class='ocrx_word' id='word_1_294' title='bbox 769 3811 810 3862; x_wconf 79' lang='lat'><strong>24</strong></span> <span class='ocrx_word' id='word_1_295' title='bbox 829 3814 902 3879; x_wconf 68' lang='lat' dir='ltr'><strong>Any.</strong></span> <span class='ocrx_word' id='word_1_296' title='bbox 916 3809 1013 3873; x_wconf 81' lang='grc' dir='ltr'><strong><em>169ος</em></strong></span> <span class='ocrx_word' id='word_1_297' title='bbox 1035 3808 1060 3861; x_wconf 86' lang='grc'><strong>8.</strong></span> <span class='ocrx_word' id='word_1_298' title='bbox 1078 3806 1286 3875; x_wconf 74' lang='lat' dir='ltr'><strong>propositiones</strong></span> <span class='ocrx_word' id='word_1_299' title='bbox 1304 3802 1335 3856; x_wconf 91' lang='lat' dir='ltr'><strong>3l</strong></span> 
     </span>
     <span class='ocr_line' id='line_1_31' title="bbox 153 3912 1341 3986; baseline -0.007 -16"><span class='ocrx_word' id='word_1_300' title='bbox 153 3918 246 3972; x_wconf 85' lang='lat' dir='ltr'><strong>damn.</strong></span> <span class='ocrx_word' id='word_1_301' title='bbox 265 3920 301 3973; x_wconf 89' lang='lat' dir='ltr'><strong>ab</strong></span> <span class='ocrx_word' id='word_1_302' title='bbox 321 3918 481 3973; x_wconf 80' lang='lat' dir='ltr'><strong>Alexandro</strong></span> <span class='ocrx_word' id='word_1_303' title='bbox 494 3916 555 3972; x_wconf 91' lang='lat' dir='ltr'><strong>Vlll</strong></span> <span class='ocrx_word' id='word_1_304' title='bbox 575 3935 624 3985; x_wconf 90' lang='lat' dir='ltr'><strong>per</strong></span> <span class='ocrx_word' id='word_1_305' title='bbox 643 3918 747 3971; x_wconf 90' lang='lat' dir='ltr'><strong>decret.</strong></span> <span class='ocrx_word' id='word_1_306' title='bbox 764 3917 790 3969; x_wconf 90' lang='lat' dir='ltr'><strong>S.</strong></span> <span class='ocrx_word' id='word_1_307' title='bbox 805 3916 875 3986; x_wconf 71' lang='lat' dir='ltr'><strong>lnq2.</strong></span> <span class='ocrx_word' id='word_1_308' title='bbox 898 3913 1171 3979; x_wconf 82' lang='lat' dir='ltr'><strong>7Decemb.1690,·</strong></span> <span class='ocrx_word' id='word_1_309' title='bbox 1191 3912 1216 3965; x_wconf 89' lang='lat'><strong>9.</strong></span> <span class='ocrx_word' id='word_1_310' title='bbox 1237 3912 1341 3979; x_wconf 88' lang='lat' dir='ltr'><strong>Propo·</strong></span> 
     </span>
     <span class='ocr_line' id='line_1_32' title="bbox 155 4018 1341 4085; baseline -0.007 -7"><span class='ocrx_word' id='word_1_311' title='bbox 155 4026 270 4080; x_wconf 81' lang='lat' dir='ltr'><strong>sitiones</strong></span> <span class='ocrx_word' id='word_1_312' title='bbox 288 4026 307 4080; x_wconf 90' lang='lat'>5</span> <span class='ocrx_word' id='word_1_313' title='bbox 323 4026 358 4079; x_wconf 90' lang='lat' dir='ltr'><strong>de</strong></span> <span class='ocrx_word' id='word_1_314' title='bbox 377 4024 471 4079; x_wconf 91' lang='lat' dir='ltr'><strong>duello</strong></span> <span class='ocrx_word' id='word_1_315' title='bbox 489 4025 637 4079; x_wconf 82' lang='lat' dir='ltr'><strong>damnatae</strong></span> <span class='ocrx_word' id='word_1_316' title='bbox 656 4042 672 4077; x_wconf 85' lang='lat' dir='ltr'><strong>a</strong></span> <span class='ocrx_word' id='word_1_317' title='bbox 692 4024 792 4079; x_wconf 87' lang='lat' dir='ltr'><strong>Bened.</strong></span> <span class='ocrx_word' id='word_1_318' title='bbox 807 4022 873 4076; x_wconf 83' lang='lat' dir='ltr'><strong>XIV</strong></span> <span class='ocrx_word' id='word_1_319' title='bbox 894 4021 1212 4085; x_wconf 62' lang='lat' dir='ltr'><strong>commendabilem,</strong></span> <span class='ocrx_word' id='word_1_320' title='bbox 1232 4019 1268 4071; x_wconf 83' lang='lat'><strong>10</strong></span> <span class='ocrx_word' id='word_1_321' title='bbox 1281 4018 1341 4070; x_wconf 90' lang='lat' dir='ltr'><strong>No-</strong></span> 
     </span>
     <span class='ocr_line' id='line_1_33' title="bbox 155 4125 1340 4202; baseline -0.004 -19"><span class='ocrx_word' id='word_1_322' title='bbox 155 4136 276 4186; x_wconf 77' lang='lat' dir='ltr'><strong>vembris</strong></span> <span class='ocrx_word' id='word_1_323' title='bbox 296 4133 388 4185; x_wconf 78' lang='lat'><em>1752.</em></span> <span class='ocrx_word' id='word_1_324' title='bbox 408 4132 481 4186; x_wconf 86' lang='lat' dir='ltr'><strong>Istae</strong></span> <span class='ocrx_word' id='word_1_325' title='bbox 499 4132 703 4202; x_wconf 87' lang='lat' dir='ltr'><strong>propositiones</strong></span> <span class='ocrx_word' id='word_1_326' title='bbox 724 4148 771 4199; x_wconf 93' lang='lat' dir='ltr'><strong>per</strong></span> <span class='ocrx_word' id='word_1_327' title='bbox 791 4134 937 4184; x_wconf 82' lang='lat' dir='ltr'><strong>extensum</strong></span> <span class='ocrx_word' id='word_1_328' title='bbox 964 4128 1021 4197; x_wconf 77' lang='lat' dir='ltr'><strong>legi</strong></span> <span class='ocrx_word' id='word_1_329' title='bbox 1047 4132 1163 4197; x_wconf 88' lang='lat' dir='ltr'><strong>possunt</strong></span> <span class='ocrx_word' id='word_1_330' title='bbox 1186 4127 1215 4179; x_wconf 91' lang='lat' dir='ltr'><strong>in</strong></span> <span class='ocrx_word' id='word_1_331' title='bbox 1235 4125 1340 4179; x_wconf 89' lang='lat' dir='ltr'><strong>Comm.</strong></span> 
     </span>
     <span class='ocr_line' id='line_1_34' title="bbox 157 4231 1341 4307; baseline -0.003 -18"><span class='ocrx_word' id='word_1_332' title='bbox 157 4236 312 4292; x_wconf 86' lang='lat' dir='ltr'><strong>Peuuacchi</strong></span> <span class='ocrx_word' id='word_1_333' title='bbox 333 4239 353 4291; x_wconf 86' lang='lat' dir='ltr'><strong>l.</strong></span> <span class='ocrx_word' id='word_1_334' title='bbox 374 4258 406 4303; x_wconf 84' lang='lat' dir='ltr'><strong>e,</strong></span> <span class='ocrx_word' id='word_1_335' title='bbox 425 4243 454 4292; x_wconf 89' lang='lat' dir='ltr'><strong>et</strong></span> <span class='ocrx_word' id='word_1_336' title='bbox 473 4238 606 4291; x_wconf 81' lang='lat' dir='ltr'><strong>Auanzini</strong></span> <span class='ocrx_word' id='word_1_337' title='bbox 626 4241 655 4291; x_wconf 85' lang='lat' dir='ltr'><strong>in</strong></span> <span class='ocrx_word' id='word_1_338' title='bbox 672 4238 739 4307; x_wconf 80' lang='lat' dir='ltr'><strong>fine.</strong></span> <span class='ocrx_word' id='word_1_339' title='bbox 759 4266 772 4277; x_wconf 94' lang='lat'><strong>·</strong></span> <span class='ocrx_word' id='word_1_340' title='bbox 794 4234 918 4304; x_wconf 90' lang='lat' dir='ltr'><strong>Denique</strong></span> <span class='ocrx_word' id='word_1_341' title='bbox 944 4231 1098 4288; x_wconf 88' lang='lat' dir='ltr'><strong>nonnullae</strong></span> <span class='ocrx_word' id='word_1_342' title='bbox 1118 4249 1152 4286; x_wconf 83' lang='lat' dir='ltr'><strong>ex</strong></span> <span class='ocrx_word' id='word_1_343' title='bbox 1171 4231 1216 4285; x_wconf 91' lang='lat' dir='ltr'><strong>his</strong></span> <span class='ocrx_word' id='word_1_344' title='bbox 1236 4246 1341 4301; x_wconf 90' lang='lat' dir='ltr'><strong>propo·</strong></span> 
     </span>
     <span class='ocr_line' id='line_1_35' title="bbox 154 4335 1342 4415; baseline -0.006 -19"><span class='ocrx_word' id='word_1_345' title='bbox 154 4344 302 4398; x_wconf 86' lang='lat' dir='ltr'><strong>sitiouibus</strong></span> <span class='ocrx_word' id='word_1_346' title='bbox 320 4362 355 4399; x_wconf 87' lang='lat' dir='ltr'><strong>ex</strong></span> <span class='ocrx_word' id='word_1_347' title='bbox 374 4344 469 4399; x_wconf 86' lang='lat' dir='ltr'><strong>citatis</strong></span> <span class='ocrx_word' id='word_1_348' title='bbox 487 4344 581 4398; x_wconf 77' lang='lat' dir='ltr'><strong>coust.</strong></span> <span class='ocrx_word' id='word_1_349' title='bbox 603 4360 692 4415; x_wconf 89' lang='lat' dir='ltr'><strong>neque</strong></span> <span class='ocrx_word' id='word_1_350' title='bbox 719 4344 805 4397; x_wconf 87' lang='lat' dir='ltr'><strong>asseri</strong></span> <span class='ocrx_word' id='word_1_351' title='bbox 832 4356 923 4411; x_wconf 87' lang='lat' dir='ltr'><strong>neque</strong></span> <span class='ocrx_word' id='word_1_352' title='bbox 948 4342 977 4394; x_wconf 90' lang='lat' dir='ltr'><strong>in</strong></span> <span class='ocrx_word' id='word_1_353' title='bbox 999 4340 1216 4409; x_wconf 86' lang='lat' dir='ltr'><strong>disputationem</strong></span> <span class='ocrx_word' id='word_1_354' title='bbox 1242 4335 1342 4390; x_wconf 87' lang='lat' dir='ltr'><strong>adduci</strong></span> 
     </span>
     <span class='ocr_line' id='line_1_36' title="bbox 156 4449 1343 4518; baseline -0.008 -12"><span class='ocrx_word' id='word_1_355' title='bbox 156 4456 284 4518; x_wconf 76' lang='lat' dir='ltr'><strong>pessuut3</strong></span> <span class='ocrx_word' id='word_1_356' title='bbox 302 4452 349 4506; x_wconf 88' lang='lat' dir='ltr'><strong>sed</strong></span> <span class='ocrx_word' id='word_1_357' title='bbox 369 4452 451 4506; x_wconf 86' lang='lat' dir='ltr'><strong>hodie</strong></span> <span class='ocrx_word' id='word_1_358' title='bbox 465 4452 717 4507; x_wconf 80' lang='lat' dir='ltr'><strong>excommunicatio</strong></span> <span class='ocrx_word' id='word_1_359' title='bbox 729 4455 807 4505; x_wconf 87' lang='lat' dir='ltr'><strong>tenet</strong></span> <span class='ocrx_word' id='word_1_360' title='bbox 821 4454 931 4503; x_wconf 82' lang='lat' dir='ltr'><strong>tautum</strong></span> <span class='ocrx_word' id='word_1_361' title='bbox 944 4452 1079 4503; x_wconf 85' lang='lat' dir='ltr'><strong>docentes</strong></span> <span class='ocrx_word' id='word_1_362' title='bbox 1096 4452 1127 4503; x_wconf 92' lang='lat' dir='ltr'><strong>et</strong></span> <span class='ocrx_word' id='word_1_363' title='bbox 1145 4449 1343 4517; x_wconf 82' lang='lat' dir='ltr'><strong>defendentes.</strong></span> 
     </span>
    </p>
   </div>
   <div class='ocr_carea' id='block_1_6' title="bbox 0 0 1693 5100">
    <p class='ocr_par' dir='ltr' id='par_1_8' title="bbox 0 0 1693 5100">
     <span class='ocr_line' id='line_1_37' title="bbox 0 0 1693 5100; baseline 0 0"><span class='ocrx_word' id='word_1_364' title='bbox 0 0 1693 5100; x_wconf 95' lang='lat' dir='ltr'><strong> </strong></span> 
     </span>
    </p>
   </div>
  </div>
 </body>
</html>
