3350 5100
553 296 595 342 us
620 295 775 342 uanrcrrs
798 297 841 343 nr
868 293 988 344 roaurs
1319 281 1361 346 15

171 417 382 482 cumulantes
405 419 569 502 ingentem
585 419 649 484 vim
670 419 843 483 Missarum
863 418 1060 485 manualium
1075 438 1196 505 easque
1212 422 1264 486 vel
1287 423 1358 507 ipsi,

173 561 237 625 pro
261 543 442 625 quantitate
470 541 635 627 stipendii,
660 547 899 609 commutarent
924 561 996 607 cum
1023 544 1186 609 mercibus
1208 563 1229 610 a
1251 565 1358 611 sacer-

172 667 251 732 dote
267 669 434 753 coemptis,
451 668 503 732 vel
519 667 779 733 transmitterent
793 667 834 732 ed
850 671 1079 753 negotiatores,
1093 671 1146 755 qui
1164 669 1276 735 iisdem
1293 677 1360 737 ute

174 799 304 874 rentur,
317 793 489 859 vendendo
505 813 633 860 merces
648 795 849 881 presbyteris
864 795 1112 880 suscipientibus
1128 797 1357 883 obligationem

173 916 364 982 celebrandi
387 917 519 984 totidem
546 920 677 990 missas,
709 937 845 1002 quarum
876 918 1036 1002 stipendia
1063 920 1359 1005 corresponderent

171 1044 296 1107 mercis
319 1044 433 1127 pretio.
460 1043 665 1107 Inhaerendo
689 1045 801 1112 textui.
823 1042 907 1108 haec
929 1043 1046 1126 agendi
1072 1045 1154 1110 ratio
1178 1045 1358 1131 improbata

171 1163 283 1228 adbuc
306 1171 339 1228 et
361 1167 544 1252 proscripta
567 1187 632 1230 non
655 1165 948 1233 videbatu1·:unde
972 1167 1004 1233 S.
1025 1168 1059 1232 G.
1077 1168 1111 1232 G.
1135 1167 1357 1234 adtollendus

173 1293 365 1356 innumeros
391 1292 509 1357 abusus
532 1313 575 1357 ex
598 1294 767 1358 missarum
791 1293 984 1358 collectione
1006 1291 1153 1367 fluentes,
1182 1314 1357 1379 earumque

172 1422 372 1488 mercatura,
389 1417 658 1490 subann01874,
676 1419 762 1484 hano
778 1421 906 1504 praxim
922 1421 1052 1485 omuino
1069 1419 1276 1505 reprobarit(
1299 1419 1321 1505 l.

265 1645 307 1714 (1)
327 1645 418 1698 Dubia
442 1644 566 1698 resoluta
590 1644 659 1698 haec
684 1645 896 1700 eunt:‹1.An
920 1649 1001 1714 turpe
1026 1645 1237 1700 mercimonium
1257 1647 1357 1715 sapiet,
1391 1642 1395 1648 ’

173 1753 294 1823 ideoque
313 1752 495 1821 improbanda
512 1757 542 1806 et
560 1753 657 1822 poenis
675 1753 760 1807 etiam
779 1751 888 1818 eccles,
907 1754 929 1806 si
949 1769 1019 1821 opus
1037 1753 1131 1818 fuerit,
1149 1752 1303 1807 coercenda
1321 1752 1358 1806 sit

174 1860 211 1912 ab
225 1857 380 1926 Episcopis,
393 1873 487 1911 eorum
506 1857 722 1927 bibliopolarum
736 1857 780 1911 rel
794 1864 983 1912 mercatorum
1002 1859 1103 1927 agendi
1116 1858 1198 1924 ratio,
1211 1857 1258 1928 qui
1277 1855 1356 1912 adhi-

173 1965 244 2018 bitis
259 1963 380 2033 publicis
392 1963 582 2018 invitamentis
593 1969 624 2018 et
636 1965 776 2033 praemiis,
788 1963 834 2019 rel
848 1963 905 2017 alio
920 1980 1094 2035 quocumque
1107 1965 1197 2030 modo,
1209 1965 1356 2018 missarum

171 2069 371 2139 eleemosynas
382 2069 527 2139 colligunt,
540 2075 569 2125 st
582 2071 774 2125 sacerdotibus
792 2069 893 2141 quibus
911 2087 960 2125 eas
975 2069 1157 2125 celebrandas
1168 2071 1356 2136 committunt,

175 2191 234 2230 non
255 2177 406 2244 pecuniam,
424 2176 472 2231 sed
495 2177 583 2232 libros
608 2177 712 2230 aliasve
732 2193 839 2230 merces
864 2176 1084 2246 rependunt311.
1104 2180 1147 2231 An
1167 2175 1237 2232 haec
1255 2175 1355 2245 agendi

174 2285 252 2338 ratio
264 2284 325 2338 ideo
342 2282 517 2338 cohonestari
532 2285 632 2350 valeat,
647 2285 691 2338 rel
711 2285 778 2355 quia
797 2283 876 2338 nulls
887 2285 963 2338 lecta
975 2283 1179 2348 imminutione,
1192 2288 1235 2337 tot
1253 2283 1356 2339 missae

173 2409 191 2444 a
210 2391 373 2444 memoratis
391 2391 588 2445 collectoribus
606 2391 790 2446 celebrandae
809 2391 1032 2453 committuntur,
1047 2396 1116 2462 quot
1133 2390 1261 2445 collectis
1279 2390 1355 2445 elee-

174 2497 300 2567 mosynis
318 2498 464 2551 missarum
484 2497 677 2567 respondeant,
690 2497 734 2551 vel
753 2497 819 2569 quia
839 2513 888 2567 per
903 2513 965 2551 eam
982 2498 1149 2567 pauperibus
1165 2496 1355 2552 sacerdotibus

175 2603 362 2674 eleemosynis
375 2604 521 2657 missarum
534 2606 694 2658 carentibus
712 2605 890 2669 subvenirem
910 2605 954 2658 111.
968 2607 1011 2657 An
1026 2602 1184 2661 huiusmodi
1201 2605 1356 2675 eleemosy-

178 2728 272 2764 narum
285 2710 468 2765 collectiones
477 2715 506 2765 st
518 2712 696 2780 erogationes
709 2715 775 2764 tunc
788 2711 874 2764 etiam
884 2708 1083 2779 improbandae
1096 2714 1125 2763 et
1136 2709 1314 2774 coercendas,
1324 2714 1356 2762 ut

181 2835 271 2886 supra,
290 2820 348 2871 siut
367 2819 402 2871 ab
422 2818 573 2887 Episcopis,
591 2818 701 2889 quando
721 2818 837 2883 lucrum,
857 2819 930 2888 quod
950 2835 984 2871 ex
1003 2818 1137 2872 mercium
1153 2834 1216 2871 cum
1235 2818 1355 2873 eleemo-

178 2926 250 2995 synts
264 2926 471 2995 permutatione
483 2923 621 2990 hauritur,
635 2941 689 2980 non
704 2926 731 2977 in
745 2926 888 2994 proprium
903 2924 1096 2992 colligentium
1110 2923 1354 2989 commodumst

173 3032 201 3085 iu
218 3034 326 3101 piarum
340 3033 557 3099 institutionum,
568 3037 597 3085 et
609 3034 745 3087 bonorum
758 3049 871 3103 operum
886 3050 964 3085 usum
974 3033 1018 3086 vel
1032 3033 1235 3088 incrementum
1248 3032 1355 3101 impen-

175 3137 266 3201 ditur;
287 3138 332 3190 lV.
356 3140 400 3190 An
427 3137 499 3207 turpi
526 3138 706 3192 mercimonio
731 3142 909 3203 concurrant,
927 3138 1045 3209 ideoque
1069 3138 1244 3207 improbandi
1268 3142 1354 3207 atque

176 3243 262 3296 etiem
280 3243 433 3308 coercendi,
452 3248 600 3313 utsupra,
620 3244 677 3297 sint
699 3244 717 3296 ii
740 3244 797 3314 qui,
816 3251 946 3313 acceptas
965 3260 982 3297 a
1000 3244 1129 3299 fidelibus
1148 3244 1192 3298 rel
1213 3244 1283 3298 locis
1301 3245 1353 3314 piis

174 3349 368 3420 eleemosynas
386 3352 533 3404 missarum
558 3350 673 3404 tradunt
694 3350 871 3419 bibliopolis,
891 3352 1093 3406 mercatoribus
1117 3351 1236 3422 aliisque
1257 3368 1353 3405 earnm

172 3452 379 3519 collectoribus,
392 3455 450 3507 sire
464 3455 602 3523 recipiant
620 3454 679 3507 sive
696 3469 750 3507 non
764 3456 902 3523 recipiant
914 3454 1064 3525 quidquam
1077 3456 1112 3507 ab
1124 3454 1222 3508 iisdem
1237 3455 1352 3523 praemii

172 3560 300 3622 nomine;
315 3560 347 3612 V.
363 3565 405 3613 An
426 3562 499 3630 turpi
519 3562 699 3615 mercimonio
718 3567 887 3614 concurrant
906 3561 1023 3631 ideoque
1042 3560 1216 3629 improbandi
1235 3566 1264 3614 et
1276 3574 1352 3613 coer-

171 3666 264 3731 cendi,
283 3671 314 3720 ut
332 3684 425 3736 supra,
442 3668 499 3721 sint
517 3668 538 3721 ii
556 3669 605 3737 qni
622 3685 640 3721 a
659 3668 741 3721 dictis
762 3667 925 3737 bibliopolis
945 3675 975 3722 st
993 3668 1196 3722 mercatoribus
1214 3666 1356 3735 recipiunt

172 3790 224 3844 pro
242 3774 334 3828 missis
352 3775 526 3829 celebrandis
544 3775 631 3829 libros
649 3775 754 3829 aliasve
771 3792 887 3841 merces,
900 3775 1000 3829 horum
1019 3775 1109 3843 pretio
1127 3775 1186 3828 sive
1204 3774 1353 3827 imminuto

169 3882 232 3935 sive
251 3880 378 3951 integr03
393 3880 439 3936 Vl.
453 3886 498 3937 An
516 3881 602 3936 liceat
621 3882 773 3952 Episcopis,
785 3884 845 3936 sine
863 3882 979 3951 speciali
995 3881 1021 3933 S.
1036 3881 1114 3935 Sedis
1126 3880 1218 3946 venia,
1231 3897 1267 3934 ex
1279 3880 1353 3934 elee-

170 3988 298 4059 mosynis
316 3988 471 4053 missarum,
490 4005 559 4060 ques
583 3988 680 4043 fideles
703 3988 904 4043 celebrioribus
922 3988 1095 4042 Sanctuariis
1118 3987 1229 4041 tradere
1250 3986 1351 4052 solent,

171 4090 278 4162 aliquid
297 4090 452 4155 detrahere,
467 4098 606 4147 uteorum
626 4092 719 4147 decori
735 4096 764 4147 et
777 4097 943 4147 ornamento
961 4090 1131 4155 consulatur,
1144 4090 1254 4161 quando
1272 4106 1351 4159 prae·

170 4200 269 4254 sertim
287 4216 321 4252 ea
341 4200 459 4269 propriis
478 4200 613 4255 reditibus
632 4208 785 4256 careant».
806 4199 979 4269 Responsum
1001 4199 1118 4269 prodiit:
1137 4199 1209 4253 «nd
1227 4200 1247 4253 l.
1266 4199 1349 4270 Affir-

169 4303 289 4371 mao'uc3
306 4303 340 4358 ad
363 4304 395 4358 ll.
415 4304 567 4375 Nanassos,
585 4306 619 4358 ad
642 4306 685 4359 lll.
706 4304 752 4359 lV.
772 4310 803 4359 et
826 4304 858 4358 V.
877 4304 1065 4375 Affirmatioe,·
1083 4304 1118 4358 ad
1138 4304 1182 4358 Vl.
1202 4303 1349 4374 Napaeae,

169 4412 229 4463 nisi
246 4411 281 4464 de
299 4428 435 4467 consensu
453 4414 610 4469 oblatorum
624 4430 649 4469 a.
