3350 5100
486 314 530 360 ou
554 314 694 361 runicus
718 314 960 362 communiens
1243 294 1309 359 339

136 434 307 508 iudiciales,
325 456 409 521 quae
424 438 495 502 iure
511 440 673 502 communi
695 443 770 502 sunt
788 456 922 520 poenae
946 442 1069 504 iuuere
1093 438 1307 524 titipaatium.

41 541 42 546 ἵ
135 561 233 625 multo
255 564 361 647 magis
382 568 458 627 sunt
480 582 603 646 poenae
626 562 712 628 illius
734 564 787 645 qui
810 562 982 629 criminali
1007 562 1134 629 iudicio
1158 562 1310 627 condem-

135 688 239 748 natur.
257 683 308 750 Cf.
326 684 400 749 Vol.
417 684 443 765 1,
461 704 492 748 n.
507 683 573 749 669
589 704 636 767 sq.
653 684 745 750 Unde
761 686 794 748 in
809 704 931 770 genere
951 704 1114 770 expensae
1137 685 1311 749 solvendae

136 814 207 871 sunt
229 826 250 872 a
273 809 361 875 victo
385 828 441 874 seu
460 807 556 874 abeo
573 810 625 892 qui
641 808 799 874 abarana
822 809 930 873 iudicii
952 810 1058 876 victua
1081 808 1224 881 discedit,
1241 812 1311 873 sive

135 938 305 998 accusatus
335 936 404 1000 sive
433 939 614 999 accusator.
640 970 657 983 ·
683 936 873 1007 Accusator,
899 936 953 1019 qui
976 935 1214 1001 accusationem
1245 952 1310 998 non

136 1059 263 1133 evincit,
281 1064 414 1125 tenetur
435 1080 539 1146 poena
562 1060 697 1127 tationis
719 1079 776 1124 seu
799 1059 977 1143 reciproci.
1002 1065 1034 1125 at
1058 1058 1193 1145 proinde
1215 1061 1310 1125 etiam

138 1206 297 1269 expensas
320 1186 450 1251 solvere
472 1192 603 1253 tenetur
617 1206 681 1251 non
705 1206 799 1252 secus
821 1206 861 1251 ac
883 1192 1062 1251 accusatus.
1082 1223 1098 1234 -
1118 1186 1222 1251 Hodie
1238 1206 1310 1251 cum

135 1316 264 1376 accuset
290 1318 456 1397 promotor
478 1309 616 1385 fiscalis·
638 1331 798 1396 expensas
821 1312 925 1377 solvet
951 1312 1019 1395 ipse
1043 1312 1154 1376 Fiscus
1178 1312 1311 1396 Episco-

136 1435 223 1519 palis,
240 1438 268 1500 si
287 1442 457 1501 accusatus
479 1435 668 1500 absolvitur.
685 1435 745 1509 Qui
763 1456 843 1500 vero
859 1441 967 1501 movet
989 1436 1165 1521 querelam
1188 1440 1244 1501 aut
1263 1440 1313 1501 est

137 1562 373 1634 denunciatur,
391 1564 462 1649 cogi
482 1568 588 1647 potest
605 1561 647 1626 ad
668 1561 895 1647 praestandam
920 1562 1111 1629 cautionem
1132 1568 1210 1628 aute
1232 1561 1311 1627 iudi-

137 1687 231 1768 cium,
245 1687 304 1750 vel
319 1686 360 1751 ad
382 1706 543 1771 expensas
562 1687 788 1752 restituendus
803 1692 883 1769 post
905 1688 1096 1752 sententiam
1120 1688 1189 1751 aius
1212 1688 1314 1751 inten-

136 1814 211 1877 tioni
228 1812 411 1893 adversam,
427 1812 624 1897 potissimum
645 1813 672 1877 si
694 1811 911 1879 denunciatio
928 1813 979 1877 vel
999 1812 1138 1897 querela
1158 1816 1314 1897 appareat

137 1941 222 2004 omni
251 1937 464 2004 fundamento
490 1937 651 2004 destituta.
684 1939 733 2002 lta
763 1938 856 2003 iussit
881 1934 915 2001 S.
940 1936 974 2004 G.
1001 1938 1067 2001 EE.
1100 1942 1133 2003 et
1165 1936 1234 2001 RR.
1259 1937 1314 2002 die

137 2062 179 2127 13
202 2065 297 2147 Sept.
315 2064 400 2130 1817
422 2067 453 2129 et
475 2082 590 2129 mensa
612 2063 740 2129 Martio
764 2062 859 2128 1821.
886 2098 903 2111 -
929 2063 1021 2146 Apud
1047 2062 1101 2127 SS.
1128 2062 1226 2146 Gorg.
1252 2062 1313 2127 uo-

136 2208 257 2257 manas,
277 2188 322 2252 uti
341 2187 508 2251 docuimus
523 2186 605 2252 ‘vot
624 2188 665 2259 ΙΙ,
691 2207 721 2250 n.
741 2186 814 2256 lll,
839 2205 904 2250 non
928 2183 963 2250 fit
985 2185 1134 2271 repetitio
1158 2203 1312 2270 expensa·

138 2333 207 2377 rum
231 2331 317 2395 quae
340 2312 502 2377 habentur
525 2316 750 2397 compensatae
773 2313 859 2375 inter
882 2316 1002 2395 partes.
1021 2346 1039 2358 -
1057 2309 1119 2375 Sed
1142 2308 1313 2393 aliquando

137 2439 282 2522 exigitur
303 2436 416 2504 cautio
433 2456 490 2501 seu
509 2436 699 2519 depositum
723 2455 765 2499 ex
790 2442 881 2519 parte
904 2435 989 2499 illius
1013 2436 1066 2519 qui
1091 2453 1220 2499 oausam
1244 2434 1315 2499 vult

138 2567 338 2629 instaurare:
366 2565 411 2627 ita
442 2561 530 2628 iubet
559 2581 664 2648 nuper
693 2562 860 2628 decretum
889 2561 919 2627 S.
950 2562 1048 2646 Gong.
1077 2562 1146 2626 EE.
1179 2567 1211 2626 at
1242 2563 1312 2627 RR.

138 2709 165 2752 a.
192 2689 281 2754 1900
309 2693 370 2752 art.
398 2689 437 2768 8,
460 2693 494 2753 et
515 2690 561 2753 ita
582 2687 665 2755 solet
686 2687 854 2751 observari
877 2686 959 2770 apud
985 2685 1016 2750 S.
1042 2684 1141 2770 uong.
1168 2685 1313 2767 Concilii,

138 2815 262 2896 quoties
292 2833 423 2879 causam
451 2816 637 2879 instaurans
667 2812 795 2878 videtur
825 2818 951 2877 temere
981 2811 1121 2896 litigans.
1150 2811 1241 2876 Tunc
1272 2830 1313 2876 ex

138 2939 295 3005 cautione
317 2959 373 3004 seu
397 2937 540 3023 deposito
563 2937 774 3003 desumuntur
796 2955 970 3021 expensae.
