3350 5100
542 327 586 373 nn
609 328 764 376 oratoris
786 329 829 376 ar
854 327 973 374 nonnis
1301 307 1346 372 75
1473 363 1475 370 .

256 451 406 516 Duellum
415 452 593 535 praeatum
604 460 771 537 postquam
784 455 876 518 exuit
888 451 1026 517 indolem
1039 449 1220 516 iudicialem
1231 468 1347 532 super-

166 576 344 657 stitiosam,
360 575 435 642 inde
458 577 654 662 appellatum
677 578 844 644 iudicium
860 577 932 648 Dei,
949 574 1096 641 adhiberi
1121 575 1227 661 coepit
1248 575 1346 660 potis·

164 701 280 766 simum
310 721 333 765 a
355 703 434 766 viris
456 701 666 782 militaribus,
693 722 753 787 pro
783 701 1002 766 resarciendis
1032 696 1260 764 offensionibus
1286 697 1346 764 sibi

165 825 278 896 factis,
303 845 343 890 eo
365 843 482 911 nempe
505 832 693 911 praetextu,
717 827 781 892 hac
802 832 928 892 tantum
953 824 1283 890 rationecousultum
1306 825 1346 888 iri

164 951 308 1035 ipsorum
320 951 448 1024 honori,
461 957 495 1018 et
505 971 739 1037 quamcumque
752 950 868 1037 repelli
884 950 1052 1016 socordiae
1066 949 1344 1014 insimulationem.

165 1074 269 1151 Quam
291 1077 473 1161 opinionem
489 1077 575 1142 malo
595 1077 662 1142 fato
677 1077 784 1143 adhuc
807 1078 873 1142 lata
890 1078 1062 1162 vigentem,
1080 1076 1242 1160 inprimis
1262 1074 1345 1161 apud

165 1202 254 1265 viros
268 1201 436 1274 militares,
454 1203 517 1266 iam
537 1201 702 1267 damnarit
718 1202 868 1268 formiter
884 1200 1004 1267 Bened.
1021 1201 1104 1266 XIV
1121 1201 1228 1268 Const.
1247 1199 1344 1264 ‹De-

167 1321 353 1390 testabilem
367 1343 400 1386 a.

253 1447 350 1512 Modo
372 1447 413 1513 de
435 1451 556 1534 poeuis.
574 1483 595 1525 e
612 1450 651 1514 In
676 1449 797 1515 Concil.
821 1449 910 1514 Trid.
934 1467 1013 1515 sess.
1033 1447 1083 1514 25
1106 1448 1144 1512 in
1167 1447 1344 1532 eapite15,

165 1569 217 1635 De
230 1569 309 1652 res,
325 1572 481 1657 inscripto
500 1591 519 1635 e
535 1572 779 1639 Mormmachio
790 1575 912 1656 poetis
930 1571 1142 1658 pravissimis
1162 1572 1342 1654 punitur»

163 1695 387 1762 decernuntur
401 1696 464 1762 hae
479 1717 615 1781 poenae.
634 1697 730 1772 <Qui
744 1717 825 1762 raro
840 1715 981 1784 pugnam
998 1699 1227 1778 commiserint,
1244 1705 1277 1762 et
1291 1697 1344 1780 qui

164 1841 277 1886 eorum
292 1822 415 1908 patrini
430 1829 600 1895 vocantur,
617 1823 959 1889 excommunicationis
974 1842 1013 1887 ac
1029 1824 1170 1887 omnium
1187 1821 1345 1887 bonorum

163 1967 296 2012 suorum
311 1949 569 2033 proscriptionis,
586 1968 626 2013 ac
648 1955 824 2034 perpetuae
840 1949 993 2014 infamiae
1008 1967 1145 2034 poenam
1161 1950 1344 2028 incurrant,

164 2078 198 2136 et
220 2078 255 2137 ut
277 2071 460 2138 homicidae
481 2074 574 2137 iuxta
595 2092 706 2138 sacros
729 2091 871 2138 mannes
894 2074 1002 2158 puniri
1025 2071 1173 2144 debeant,
1194 2078 1237 2153 at,
1261 2074 1287 2138 si
1312 2074 1345 2136 in

164 2199 234 2282 ipso
258 2194 411 2263 conflictu
433 2196 643 2278 decesserint,
667 2203 824 2282 perpetuo
847 2203 982 2263 careant
1005 2196 1174 2282 sepultura
1197 2196 1345 2262 ecclesia·

164 2323 257 2387 stica
273 2321 327 2386 IIIi
341 2323 439 2386 etiam
455 2322 509 2405 qui
524 2321 694 2387 consilium
717 2323 750 2387 in
774 2341 872 2386 causa
887 2320 986 2386 duelli
1007 2328 1072 2386 tam
1096 2323 1129 2384 iu
1153 2323 1224 2385 iure
1248 2340 1345 2405 quam

164 2448 200 2510 in
220 2447 310 2511 iacto
332 2445 492 2519 dederint
508 2451 565 2513 aut
583 2447 649 2511 nlia
664 2464 865 2530 quacumque
885 2446 1012 2512 ratione
1035 2444 1075 2510 ad
1100 2444 1130 2509 id
1154 2463 1344 2528 quemquam

164 2572 337 2652 suaserint,
353 2590 416 2637 nac
435 2590 499 2637 non
514 2576 726 2657 spectatores,
742 2572 1085 2637 excommunicationis
1107 2590 1146 2635 ac
1169 2574 1345 2654 perpetuae

165 2695 399 2762 maledictionis
430 2696 560 2762 vinculo
583 2694 631 2780 (1)
658 2702 842 2769 teneantur,
872 2716 938 2761 non
969 2695 1116 2761 obstante
1144 2713 1345 2778 quocumque

165 2819 347 2906 privilegio,
364 2838 420 2885 seu
436 2838 539 2904 prava
554 2805 786 2885 consuetudine
802 2820 898 2884 etiam
914 2816 1203 2883 immemorabili».
1220 2816 1344 2883 Verum

168 2946 244 3027 quia
259 2944 484 3010 Tridentinnm
501 2944 534 3010 (l.
551 2944 662 3030 plures
684 2949 836 3010 recenset
859 2942 969 3017 duelli,
992 2944 1053 3009 etsi
1070 2943 1213 3027 privati,
1230 2944 1342 3007 solem·

165 3069 300 3142 nitatcs;
322 3065 580 3151 quandoquidem
601 3071 733 3132 coercet
754 3068 866 3152 poenis
889 3072 957 3131 tum
981 3067 1209 3151 Imperatores,
1227 3064 1343 3152 Reges,

166 3192 337 3277 Principes
359 3191 414 3275 qui
433 3189 649 3258 duellantibus
664 3191 848 3257 concedunt
861 3190 1076 3259 securitatem
1092 3192 1165 3273 loci,
1183 3210 1241 3257 seu
1256 3210 1344 3257 cam·

161 3336 251 3399 pum
264 3316 429 3399 francum
437 3338 450 3398 ,·
470 3322 538 3381 tum
551 3318 710 3399 pomam
726 3319 779 3401 qui
795 3316 937 3383 duellum
953 3316 1182 3384 moderantur:
1206 3314 1343 3383 dubitari

165 3442 282 3526 coepit,
298 3460 341 3505 an
363 3440 507 3506 duellum
529 3441 620 3507 hisce
642 3440 896 3507 solemnitatibus
913 3440 1109 3522 destitutum,
1125 3443 1238 3526 poenIs
1259 3446 1345 3507 asset

164 3565 350 3631 obnoxium.
372 3566 484 3649 Neque
514 3567 599 3632 ratio
629 3564 792 3631 dubitandi
822 3572 915 3631 caret
944 3566 1163 3646 fundamento,
1188 3565 1343 3649 siquidem

164 3710 338 3756 versamur
358 3692 393 3754 in
416 3709 455 3755 re
476 3690 617 3776 poenali,
640 3708 754 3775 nempe
777 3692 811 3754 in
834 3690 962 3755 odiosis.

227 3890 234 3897 ¹
254 3815 376 3891 Quare,
389 3814 429 3879 ad
442 3834 537 3880 omna
550 3815 678 3881 dubium
691 3815 934 3889 removendum,
947 3816 1126 3901 Gregorius
1137 3813 1222 3880 XIII
1236 3814 1344 3879 (lonst.

167 3941 259 4006 <Ad
282 3940 502 4007 tollendam»
525 3941 550 4007 5
572 3940 727 4007 Decemd.
751 3960 783 4005 a.
799 3940 902 4014 1582,
927 3940 1028 4006 edixit
1051 3943 1128 4005 istas
1151 3957 1271 4025 poenas
1295 3941 1343 4003 in-

166 4068 254 4131 curri
271 4066 311 4131 ob
327 4065 469 4132 duellum
487 4067 700 4150 quamtumvis
711 4068 885 4151 privatum,
901 4068 986 4130 omni
1000 4086 1116 4131 carens
1132 4066 1341 4132 solemnitate.

167 4190 288 4257 Deinde
302 4190 454 4258 Clemens
466 4192 551 4256 VIII
568 4191 674 4257 Const.
692 4190 820 4257 «Illius
835 4191 922 4256 cicer
936 4213 954 4251 »
971 4191 993 4255 7
1005 4192 1094 4275 Aup.
1112 4192 1200 4258 1592
1215 4191 1343 4257 easdem

272 4367 313 4437 (l)
333 4366 372 4422 Da
390 4383 480 4437 poena
497 4369 702 4423 maledictionis
721 4368 755 4422 cf.
775 4384 847 4437 quae
867 4365 1076 4437 explicavimus,
1094 4365 1154 4421 Vol.
1175 4366 1219 4433 III,
1239 4385 1264 4421 n.
1286 4368 1344 4434 181,

168 4458 225 4510 not
248 4454 270 4509 l.
