3350 5100
554 320 596 365 on
621 320 760 367 memus
785 320 1026 369 curumanreos
1310 306 1371 371 281

199 443 283 506 sunt,
301 437 330 523 1)
345 438 546 518 documenta,
560 438 594 523 2)
606 439 725 505 indicia
737 446 793 505 aut
804 444 1089 526 praesumptiones,
1104 442 1136 523 3)
1147 444 1305 510 confessio
1319 448 1376 527 rei,

200 560 234 643 4)
245 564 466 627 attestationes
476 564 617 629 testium.
631 600 642 611 ·
658 564 704 629 De
716 564 851 651 singulis
863 564 1017 631 breviter.
1032 601 1045 613 -
1060 566 1281 643 probationes,
1295 588 1377 653 quae

198 685 273 751 inde
289 686 490 756 derivantur,
502 688 711 754 manifestant
726 692 758 753 in
775 691 894 756 iudicio
911 710 1021 755 rerum
1040 698 1071 756 et
1087 692 1246 759 factorum
1264 714 1377 761 causas

199 815 296 892 atque
307 811 459 877 adiuncta
471 812 562 877 iuxta
573 813 788 879 versiculum:
804 814 893 889 Quis,
907 815 1000 899 quid,
1009 814 1077 897 ubi,
1091 817 1212 901 quibus
1224 820 1375 887 ammittis.

198 955 271 1010 cur,
284 936 464 1019 quomode,
477 939 628 1021 quando.
643 974 660 987 ·
676 938 786 1013 Quare
797 940 852 1003 hic
864 942 972 1024 agitur
984 941 1025 1004 de
1038 942 1150 1007 mediis
1166 942 1205 1009 ad
1219 944 1377 1010 instruen-

199 1059 257 1123 das
280 1078 395 1125 causas
417 1060 584 1126 ordinatis.

588 1294 611 1376 ἓ
637 1295 668 1358 l.
690 1294 741 1360 De
764 1294 984 1361 documentis.

201 1464 417 1523 summarium·
428 1496 466 1509 -
483 1468 545 1524 212.
556 1470 587 1522 ln
606 1469 736 1523 civilibus
749 1470 845 1538 agitur
863 1470 896 1525 ds
915 1474 1115 1535 instrumentis,
1135 1473 1163 1525 in
1182 1474 1375 1551 criminalibus

271 1574 305 1630 ds
323 1578 500 1631 documentis
517 1593 589 1647 quae
608 1577 698 1646 magis
717 1563 776 1631 late
795 1581 900 1646 patent.
919 1606 955 1619 -
978 1578 1039 1631 213.
1060 1579 1202 1641 Quomodo
1225 1554 1376 1637 relationes

272 1687 321 1735 aut
340 1684 493 1750 peritorum
511 1687 562 1737 aut
579 1683 679 1738 iudicis
697 1684 883 1749 instructoris,
896 1686 943 1756 qui
962 1687 1031 1739 tecit
1050 1703 1192 1741 occeanum
1205 1688 1379 1761 iudicialem,

271 1790 428 1844 referantur
453 1789 527 1844 inter
552 1790 726 1845 documenta
746 1818 780 1833 -
805 1790 867 1845 214.
890 1791 1016 1853 Quanam
1041 1793 1069 1846 in
1097 1791 1210 1861 periodo
1236 1810 1380 1863 processus

271 1898 439 1950 documenta
456 1900 486 1949 et
504 1900 615 1950 ceterae
633 1898 811 1965 probationes
831 1898 924 1952 afferri
943 1896 1071 1953 debeant.
1086 1928 1119 1941 -
1140 1900 1200 1952 215.
1220 1900 1380 1971 Quotuplici

272 2004 323 2056 sub
342 2008 457 2072 aspectu
476 2004 618 2072 pensanda
637 2004 702 2057 siut.

293 2180 369 2247 212.
394 2182 441 2245 De
464 2181 697 2248 instrumentis
720 2183 786 2247 late
809 2185 933 2269 egimus
950 2184 1146 2249 disserentes
1161 2186 1201 2251 de
1217 2186 1379 2271 probatio·

201 2305 295 2371 nibus
312 2306 385 2370 Vol.
404 2308 428 2379 l,
446 2325 478 2370 n.
496 2308 577 2381 507;
594 2314 627 2373 et
642 2310 866 2389 instrumenta,
892 2312 924 2373 in
949 2309 1106 2391 civilibus,
1123 2318 1236 2395 suapte
1252 2319 1378 2380 natura.

201 2429 394 2496 ordinantur
406 2431 446 2495 ad
463 2428 557 2497 fidem
573 2431 753 2503 taciendam
771 2431 811 2497 de
827 2432 1057 2515 contuentibus,
1071 2433 1111 2499 de
1126 2436 1237 2520 pactis,
1255 2434 1294 2500 de
1310 2437 1381 2503 aliis

201 2556 334 2624 actibus.
348 2577 485 2640 quorum
501 2560 656 2623 memoria
672 2565 814 2644 praestat
830 2579 872 2624 ue
888 2565 1010 2652 pereat.
1025 2597 1037 2607 ·
1051 2561 1104 2625 Ex
1119 2561 1259 2627 adverso
1277 2561 1378 2627 delin-

202 2699 304 2763 quens
325 2681 359 2744 iu
382 2680 495 2765 primis
517 2669 655 2746 meatur
677 2683 865 2746 memoriam
882 2681 992 2746 delere
1016 2684 1065 2746 sui
1088 2681 1259 2758 facinoris;
1284 2691 1326 2756 at,
1343 2705 1380 2750 eo
1484 2737 1486 2742 ,

202 2806 312 2885 inrito,
336 2811 510 2890 supersunt
537 2825 602 2870 nou
634 2805 732 2869 semel
757 2806 889 2889 scripta,
914 2807 1215 2890 quaettmemtum
1246 2809 1381 2873 crimini

203 2910 456 3012 comprobando
479 2931 618 3014 eiusque
638 2929 770 2996 auctori
786 2930 971 3016 detenentia
996 2939 1028 2995 et
1051 2931 1257 3016 appellantur
1277 2933 1381 2998 docu-

203 3059 326 3118 mento.
342 3087 358 3102 ·
375 3054 501 3118 Verum
525 3054 680 3119 latissime
703 3057 792 3137 patet
807 3054 1059 3135 documentum,
1076 3055 1150 3138 quia
1170 3055 1244 3119 dum
1260 3057 1382 3122 instru-

202 3181 354 3241 mentum
372 3182 422 3243 cst
436 3179 600 3261 scriptura
615 3176 765 3240 ordinata
788 3196 830 3240 ex
855 3178 923 3261 ipsa
938 3177 1116 3242 intentione
1132 3180 1281 3263 partium,
1304 3197 1381 3262 qua-

204 3321 275 3365 rum
290 3305 435 3375 interest,
459 3302 500 3367 ad
524 3305 574 3367 rei
597 3302 830 3387 probationem,
848 3303 1089 3368 documentum
1104 3303 1252 3379 habetur,
1270 3305 1382 3388 quavis

204 3429 330 3492 ratione
353 3427 546 3499 conlectum,
570 3429 598 3492 si
621 3429 759 3511 aliquam
783 3429 948 3493 contiueat
970 3427 1047 3493 iacti
1072 3431 1322 3494 attestationem.

291 3551 367 3618 213.
393 3551 485 3617 Haec
500 3552 703 3618 documenta
719 3558 794 3618 sunt
809 3557 865 3616 aut
877 3551 1017 3635 publicu
1034 3559 1089 3618 aut
1101 3554 1249 3636 priuata.
1267 3587 1283 3600 -
1302 3551 1381 3617 Pri·

203 3680 281 3740 natu
305 3680 380 3741 sunt
402 3677 542 3756 litterae,
566 3675 677 3756 libelli,
700 3678 822 3761 scripta
849 3695 1070 3760 quaecumque
1101 3695 1120 3740 a
1152 3678 1279 3762 privato
1310 3677 1382 3740 cire

203 3801 257 3864 vel
279 3800 393 3865 saltem
417 3802 545 3885 privata
567 3803 761 3867 auctoritate
777 3800 863 3866 edita
878 3802 930 3866 vel
953 3806 1039 3873 ante,
1057 3801 1109 3866 vel
1132 3806 1202 3885 post
1220 3799 1382 3880 delictum,

204 3922 267 3990 hoc
289 3923 413 3990 directe
436 3926 489 3991 vel
512 3924 671 3991 indirecte
700 3912 772 4010 plus
804 3926 952 3990 minusve
984 3924 1237 4010 comprobantia.
1255 3957 1269 3970 -
1295 3924 1384 3988 Inter

200 4048 340 4130 publicu
355 4050 568 4121 documenta,
585 4052 617 4114 in
639 4051 760 4134 primis,
777 4067 985 4114 recensemus
1001 4047 1178 4112 relationes
1199 4047 1289 4112 circe
1307 4065 1385 4129 per·

206 4173 401 4256 quintinum
412 4173 523 4254 factae
534 4176 568 4238 in
581 4174 815 4259 corpnsdelicti
827 4179 885 4238 aut
896 4175 928 4236 in
941 4174 1011 4238 eius
1023 4177 1201 4251 auctorem,
1210 4170 1385 4236 relationes

205 4298 246 4362 de
257 4317 394 4365 accessu
406 4299 506 4366 loculi
518 4300 683 4370 iudiciali,
697 4299 785 4384 (Vol.
798 4301 822 4363 l.
837 4319 870 4363 n.
883 4298 962 4384 502)
975 4302 1051 4362 vota
1063 4299 1241 4382 peritorum
1254 4295 1343 4380 (Vol.
1359 4297 1383 4368 l,

205 4440 238 4482 n.
255 4421 336 4501 let)
357 4428 400 4491 et,
425 4423 613 4507 ingerere.
632 4424 740 4487 omnia
762 4422 893 4506 scripta,
911 4439 993 4504 quae
1010 4422 1176 4486 continent
1192 4420 1384 4486 relationem
