3350 5100
628 342 734 389 ruoux
757 340 961 389 srnrorrrcos
1322 320 1388 385 709

203 467 264 521 370.
284 467 314 521 ln
334 465 489 520 huiusmodi
509 482 573 519 casu
594 466 711 519 inservit
731 479 874 534 processus
890 478 964 532 pure
983 462 1159 532 inquisitione
1205 499 1211 512 .
1246 478 1312 530 paq.
1334 459 1387 513 433

203 574 267 628 377.
287 574 318 627 ln
337 572 541 644 quocousistit
560 573 619 625 sius
638 572 767 641 specifica
786 578 905 624 nature.
944 595 958 621 .=
989 606 1267 621 .......
1304 582 1321 623 s
1351 568 1389 621 ib.

201 679 263 734 378.
283 678 498 734 commendatur
519 678 611 747 praxis
630 676 778 732 adhibendi
798 676 974 730 consultores
990 691 1041 728 seu
1061 690 1222 728 assessores.
1255 713 1262 725 .
1299 673 1389 731 »434

201 784 263 839 379.
283 784 425 845 Quomodo
443 784 605 837 consulatur
624 784 678 837 iuri
697 782 819 837 netur-ali
839 779 1009 836 defensionis
1031 820 1262 834 ......
1299 794 1318 836 s
1351 782 1387 834 ib.

200 891 262 947 380.
283 892 384 947 Utrum
405 891 544 962 processui
564 891 744 945 instaurando
764 890 992 959 praeloquimur
1011 888 1172 941 infamiam
1211 926 1218 939 .
1254 926 1260 939 .
1297 887 1389 942 »435

201 999 262 1053 381.
282 998 444 1069 Appellatio
468 998 630 1067 deneganda
654 1014 709 1051 uon
733 1002 775 1052 est
800 996 853 1049 nisi
880 1012 1014 1066 expresse
1041 994 1223 1064 prohibeatur
1242 1012 1259 1047 a

311 1106 372 1160 iurs
400 1141 1262 1160 ....................
1299 1116 1317 1158 »
1350 1102 1386 1155 ib.

200 1214 262 1267 382
282 1214 359 1267 Tunc
379 1212 462 1267 iudici
473 1214 512 1266 ad
524 1228 615 1283 queas,
628 1228 676 1265 seu
689 1210 896 1280 appellationis,
911 1210 1070 1279 pandendae
1083 1215 1149 1262 sunt
1163 1224 1261 1263 omues

309 1320 488 1389 probationes
506 1319 535 1372 in
555 1319 644 1387 prima
663 1317 797 1371 instantis
815 1317 953 1371 collectae
982 1352 1262 1369 .......
1298 1329 1316 1371 »
1348 1315 1386 1369 ib.

678 1514 837 1569 TITULUS
861 1514 907 1568 Vl.

447 1693 482 1729 DE
501 1690 672 1729 ΒΕΝΤΙΝΤΙΙΒ
691 1690 728 1728 EX
749 1690 913 1731 lNFORHA'l'A
939 1690 1136 1729 consciamne.

197 1852 259 1907 383.
279 1854 443 1909 Remedium
457 1854 588 1909 inducere
601 1856 748 1923 oportebat
760 1870 794 1907 ex
807 1869 863 1923 quo
875 1854 993 1907 crimina
1005 1857 1255 1921 compescerentur,

306 1964 416 2015 attenta
440 1976 533 2015 rerum
553 1961 687 2023 veritate,
705 1960 833 2030 quamvis
851 1959 906 2012 ista
931 1960 1042 2026 probari
1061 1975 1116 2013 uon
1141 1966 1253 2029 possent

305 2068 482 2122 iudicialiter
491 2105 1211 2121 .................
1241 2084 1309 2137 pop.
1329 2064 1381 2119 436

197 2172 258 2226 384.
278 2174 344 2227 Inde
362 2179 405 2229 eet
423 2174 864 2237 remedium-emraordinursum
883 2174 1118 2228 extreiudicicle.
1158 2214 1165 2226 .
1203 2212 1210 2225 .
1247 2211 1255 2225 .
1292 2172 1380 2225 »438

197 2275 259 2330 385.
278 2278 423 2331 lnductum
448 2284 491 2332 est
516 2296 564 2347 per
582 2279 773 2333 extensionem
799 2280 826 2332 iu
852 2279 972 2333 clericos
989 2280 1154 2334 saeculares
1171 2278 1251 2331 disci·

305 2384 399 2453 plinus
418 2389 485 2437 tunc
505 2384 626 2453 rigentis
647 2389 757 2437 tautum
776 2386 804 2438 iu
823 2363 941 2438 clericos
959 2386 1119 2453 repuleras.
1156 2424 1164 2437 .
1202 2422 1210 2437 .
1248 2423 1255 2437 .
1292 2398 1310 2440 »
1344 2384 1381 2438 ib.

196 2487 258 2543 380.
278 2489 328 2545 Est
346 2490 457 2562 quidam
475 2506 619 2560 regressus
638 2490 666 2543 iu
685 2489 860 2559 disciplinam
879 2490 1075 2561 antiquiorem
1113 2530 1120 2543 .
1158 2529 1165 2542 .
1202 2529 1208 2542 .
1247 2530 1254 2542 .
1292 2490 1382 2544 »439

194 2595 257 2651 387.
277 2597 420 2653 Haeretici
430 2598 715 2663 lansenistae,hacde
729 2615 765 2664 re,
777 2599 923 2651 damnatas
935 2599 1090 2653 sententias
1100 2599 1249 2669 protulere.
1288 2613 1306 2656 »
1325 2601 1378 2652 440

195 2705 258 2758 388.
277 2704 433 2772 Scriptores
448 2704 580 2758 catholici
591 2703 772 2758 diversimode
786 2704 963 2773 interpretati
976 2710 1042 2758 sunt
1052 2710 1158 2760 textum
1168 2706 1251 2760 huius

306 2810 378 2880 legis
396 2849 1253 2867 ....................
1290 2829 1308 2871 »
1341 2815 1378 2868 ib.

194 2915 257 2970 389.
277 2915 386 2971 Decreti
406 2917 486 2971 citati
505 2916 663 2998 explicatur
681 2927 826 2971 contectus
845 2919 874 2971 in
893 2935 974 2972 sensu
995 2918 1122 2973 litterali.
1153 2961 1169 2972 ..
1197 2961 1203 2971 .
1241 2961 1249 2974 .
1286 2922 1370 2977 »441

195 3021 256 3078 390.
276 3022 440 3078 Adhibenda
459 3028 502 3078 est
520 3023 620 3078 stricta
638 3023 843 3092 interpretatio.
887 3063 1252 3080 .........
1288 3041 1307 3082 »
1341 3027 1377 3080 ib.

193 3128 254 3184 391.
275 3130 417 3191 Quomodo
442 3129 590 3184 inoleverit
615 3129 748 3184 hodierna
766 3130 958 3184 denominatio
982 3136 1134 3188 sententiae
1153 3150 1189 3187 es
1207 3137 1250 3188 in·

303 3240 427 3306 formata
449 3237 622 3291 conscientia.
662 3279 668 3291 .
707 3275 714 3290 .
753 3255 758 3266 ·
796 3275 1250 3292 ...........
1288 3241 1378 3295 »442

194 3341 255 3395 392.
275 3342 470 3395 Nihilominus
486 3342 701 3410 expostulentur
727 3343 905 3410 probationes
923 3343 1049 3398 efficaces
1068 3345 1096 3397 in
1116 3350 1179 3415 foro
1198 3363 1248 3400 es·

303 3460 384 3506 ternu
387 3488 1250 3508 ....................
1287 3470 1306 3512 »
1340 3455 1376 3508 ib.

169 3677 212 3743 ‘5
237 3679 260 3733 l.
286 3679 444 3734 Senecam
468 3696 505 3732 nx
529 3695 695 3734 ruroaunrn
720 3683 890 3734 conscientia
912 3691 1019 3734 tantum
1044 3685 1072 3735 in
1099 3684 1218 3737 crimina
1244 3699 1371 3740 occusrn

282 3788 414 3850 eduntur,
432 3789 530 3857 quibus
548 3789 595 3841 vel
613 3788 793 3842 interdicitur
810 3804 942 3842 ascensus
960 3791 997 3842 ad
1015 3806 1037 3842 s.
1061 3791 1190 3856 Ordines,
1207 3795 1256 3848 vel
1274 3797 1372 3863 fertur

281 3895 426 3964 suspensio
444 3896 480 3947 ab
502 3894 607 3948 Ordine
624 3906 673 3948 out
692 3893 790 3965 officio.

190 4085 252 4140 393.
272 4087 331 4142 Hae
349 4089 506 4143 sententiae
525 4090 652 4142 feruntur
671 4096 785 4158 propter
804 4091 920 4154 crimen,
941 4107 994 4144 nou
1015 4097 1129 4161 propter·
1147 4092 1242 4148 clerici

299 4193 510 4260 incapacitatem
528 4208 577 4245 seu
595 4192 802 4246 inidoneitutem
805 4231 1203 4249 ..........
1234 4217 1301 4268 pap.
1320 4202 1373 4252 443

191 4293 253 4347 394.
272 4296 311 4348 At
328 4295 473 4350 dumtaxat
492 4301 604 4367 propter
622 4296 727 4352 crimen
747 4299 888 4352 occultum
891 4339 1248 4358 .........
1285 4323 1301 4357 »
1336 4305 1373 4358 ib.

189 4400 253 4456 395.
270 4401 412 4463 Quodnam
431 4405 536 4458 crimen
555 4405 696 4459 occultum
715 4403 873 4459 habendum
892 4408 929 4460 sit
932 4447 1245 4465 ........
1283 4431 1301 4468 s
1319 4415 1372 4467 445
