3350 5100
435 334 479 379 11
503 333 643 380 1111111
666 333 907 382 1111111111
934 336 968 381 nr
992 336 1108 413 111111
1295 320 1360 385 415

250 456 324 523 352.
350 457 516 523 Naturalis
531 459 610 524 ordo
626 478 796 543 processus
819 460 1002 544 expostulat
1018 466 1053 525 ut
1066 462 1239 547 appellatio
1264 464 1361 527 inter·

182 589 322 669 ponatur
344 585 428 669 apud
451 585 588 651 iudicem
604 606 627 650 a
645 606 723 670 qao,
747 588 839 653 cuius
862 592 910 651 est
933 559 1179 673 appellationem
1205 608 1359 675 respuere

183 710 210 772 si
232 727 331 773 causa
353 709 599 792 appellationem
625 729 688 774 non
712 710 1207 795 11111111111111111111,1111
1228 712 1360 779 redditis

184 833 345 915 apostatis
368 852 425 898 seu
448 834 574 914 litteris,
591 853 672 917 quae
693 834 831 900 iudicem
854 836 901 900 act
924 855 1025 919 quem
1049 836 1088 902 de
1112 838 1159 901 rei
1184 841 1268 902 statu
1292 856 1360 903 oer-
1438 814 1442 819 ¹

184 959 299 1023 tiaram
325 957 469 1021 reddant.
489 958 688 1023 ltecolantur
703 979 785 1042 quae
805 962 1039 1045 explicavimus
1054 962 1129 1025 Vol.
1147 964 1172 1034 1,
1198 982 1229 1026 1.
1247 962 1322 1027 369.
1339 998 1358 1011 -

185 1085 246 1151 Sed
262 1086 435 1172 appellatio
450 1087 640 1171 interposita
654 1086 737 1171 apud
753 1087 900 1153 iadicem
917 1089 963 1153 ad
979 1107 1079 1172 quem
1097 1088 1241 1154 eumdem
1262 1087 1361 1153 habet

185 1205 344 1278 effectum,
369 1212 444 1293 quia
466 1210 521 1275 hic
543 1210 641 1275 index
663 1210 802 1276 alterum
827 1216 936 1277 monet
958 1210 997 1275 de
1022 1212 1200 1276 instaurata
1222 1211 1360 1297 appella-

184 1336 272 1399 tione
303 1355 414 1399 rerum
450 1338 594 1401 notitiam
628 1337 814 1419 exquirens.
846 1336 914 1402 lmo
945 1336 1127 1421 appellandi
1164 1338 1359 1422 propositum

185 1456 307 1521 utiliter
334 1458 558 1523 manifestatur
585 1458 668 1543 apud
691 1463 799 1531 testes,
824 1460 851 1523 si
878 1460 1046 1544 nequead
1071 1479 1167 1525 unum
1191 1479 1296 1543 neque
1321 1458 1359 1523 ad

184 1583 323 1648 alterum
347 1583 483 1649 iudicem
511 1589 619 1669 pateat
641 1584 756 1650 aditus.
782 1586 858 1651 Gan.
885 1586 1044 1658 Biduum,
1070 1607 1096 1652 c.
1121 1586 1157 1668 2,
1183 1606 1215 1670 q.
1239 1585 1271 1650 6.

276 1707 351 1773 353.
376 1706 523 1774 Officium
540 1708 653 1775 iudicis
669 1729 691 1774 a
706 1730 774 1795 quo
791 1712 834 1777 ita
851 1711 992 1795 explicat
1007 1717 1067 1776 art.
1086 1710 1244 1781 XXXIX,
1264 1712 1359 1775 lust:

190 1854 207 1893 a
223 1832 429 1915 Interposita
440 1835 668 1916 appellatione
679 1834 775 1917 infra
791 1836 906 1902 decem
919 1836 999 1909 dies,
1014 1837 1110 1903 curia
1123 1818 1249 1921 absque
1261 1855 1361 1903 mora

186 1960 324 2025 remitto
338 1959 385 2025 act
407 1961 641 2026 auctoritatam
657 1961 870 2042 superiorem
885 1962 997 2027 eccles.
1023 1962 1068 2027 aa
1084 1980 1189 2045 qaam
1212 1961 1361 2042 appelta-

188 2088 258 2147 tum
274 2090 330 2154 est,
344 2084 461 2149 omnia
475 2090 552 2150 acta
568 2104 692 2150 causae
707 2084 901 2171 oripiaatia,
915 2085 1010 2159 idest,
1025 2103 1236 2167 processum,
1248 2084 1362 2149 restri-

187 2215 287 2279 ctum.
311 2210 523 2292 defensiones
546 2216 579 2276 et
599 2211 797 2275 sententiam
814 2232 844 2274 ».
875 2210 962 2275 Idem
988 2212 1154 2297 praecepit
1169 2212 1200 2275 in
1225 2215 1286 2276 art.
1312 2209 1361 2275 IV

189 2335 360 2398 Decretum
386 2335 426 2398 18
450 2334 599 2399 11111111).
619 2334 714 2406 1835,
739 2334 795 2399 sed
818 2334 927 2399 littera
951 2336 1150 2401 circularisl
1174 2337 1256 2419 Aug.
1277 2334 1358 2400 1851

189 2461 286 2538 (Acta
309 2460 340 2525 S.
366 2459 456 2525 Sedis
479 2460 567 2544 XV).
593 2459 685 2525 Haec
709 2467 833 2525 monet:
861 2462 1080 2525 «Meminisse
1109 2462 1197 2526 iuvat
1219 2459 1360 2533 11111111,

186 2589 277 2648 11111
299 2586 507 2650 intimationis
529 2589 707 2652 sententiae
723 2591 756 2651 et
774 2586 1008 2670 appellationis,
1026 2587 1150 2670 pariter
1168 2587 1361 2669 apparitoris

188 2709 345 2774 relatione
369 2711 517 2775 munitos.
534 2709 724 2774 inserendos
743 2709 994 2794 allegandosque
1015 2728 1085 2773 esse
1109 2709 1141 2770 in
1159 2706 1361 2793 processibus

189 2836 385 2919 respectivis,
403 2835 455 2918 qui
480 2835 519 2898 ad
543 2855 688 2899 normam
712 2841 773 2899 art.
801 2835 848 2898 lV
874 2834 995 2898 decreti
1019 2833 1061 2898 18
1085 2833 1237 2899 11111111).
1258 2823 1360 2906 1835,

188 2960 307 3044 absque
319 2981 419 3032 mora,
433 2961 539 3026 addito
552 2960 670 3026 eisdem
688 2960 917 3045 chronologico
931 2959 1043 3028 indice,
1057 2960 1231 3024 transmitti
1247 2959 1364 3026 debent

188 3086 227 3150 ad
252 3087 293 3150 H.
318 3088 348 3151 S.
375 3087 408 3151 0.
431 3106 496 3151 una
522 3107 595 3150 cum
628 3089 777 3151 restricto
808 3092 903 3169 atque
934 3085 1179 3170 allegationibus
1202 3105 1240 3149 ac
1265 3087 1359 3150 etiam

187 3232 260 3277 cum
284 3211 464 3295 exemplari
487 3214 684 3285 sententiae;
708 3231 781 3277 cum
804 3211 1061 3297 authographum
1088 3229 1220 3276 manere
1248 3210 1363 3276 debeat

189 3358 287 3422 penes
310 3340 523 3423 respectivam
547 3340 680 3409 curiam,
698 3357 780 3420 quae
803 3337 980 3423 appositum
1005 3343 1116 3402 servat
1138 3338 1311 3424 registrum
1329 3337 1362 3400 in

188 3463 382 3526 cancellaria
407 3462 566 3526 criminali
584 3484 612 3526 ».
639 3463 769 3527 Revera
791 3464 866 3544 qnia
889 3463 919 3524 in
945 3460 1359 3526 11111111111111111111.

188 3593 323 3652 cavetur
346 3606 476 3650 normas
499 3585 540 3650 ibi
565 3588 753 3652 constitutas
777 3585 1013 3674 componendas
1036 3605 1106 3650 esse
1122 3605 1193 3650 cum
1210 3583 1283 3650 aliis
1301 3585 1362 3650 De-

188 3713 286 3776 cretis
313 3718 346 3776 11
375 3711 653 3777 constitutionibus
685 3709 857 3795 pontiliciis
881 3717 922 3782 et,
947 3711 980 3773 in
1003 3710 1121 3792 specie,
1146 3728 1217 3773 cum
1246 3707 1363 3774 litteris

188 3835 288 3901 ateis
305 3834 502 3920 1111851,
520 3839 617 3918 patet,
635 3836 795 3919 integrum
817 3853 888 3897 esse
905 3831 1089 3899 Ordinariis
1105 3831 1233 3896 mittere
1250 3849 1361 3897 11111-

185 3962 268 4043 piar
293 3961 483 4038 sententiae,
507 3964 637 4024 servato
667 3958 829 4045 oripinati
858 3977 956 4042 penes
985 3955 1215 4024 cancellariam
1240 3955 1361 4020 curiae.

192 4087 339 4150 Praestat
362 4105 441 4150 vero
464 4084 543 4149 dare
566 4092 639 4149 acta
661 4103 832 4168 processus
856 4082 1041 4169 oripicatia
1067 4081 1097 4165 l)
1119 4083 1192 4165 quia
1217 4100 1363 4145 remove-

189 4218 243 4276 tur
266 4211 445 4295 periculum
468 4211 696 4295 cuiuscumque
720 4211 903 4275 mutationis
927 4210 960 4272 in
983 4209 1074 4289 actis,
1099 4213 1131 4274 et
1153 4207 1187 4293 2)
1203 4208 1277 4291 quia
1292 4226 1365 4292 par·

189 4319 275 4402 citur
290 4356 355 4400 non
371 4336 494 4402 levibus
510 4337 669 4420 expensis.
689 4371 706 4384 ·
721 4336 897 4401 Concilium
915 4333 1013 4405 Trio„
1033 4334 1117 4398 Sese.
1135 4332 1194 4406 24,
1212 4351 1285 4414 cap.
1303 4331 1363 4406 20,

190 4461 240 4526 De
261 4460 337 4543 ref„
363 4467 395 4525 et
418 4461 538 4526 clarius
561 4461 709 4526 Clemens
724 4461 808 4525 Vlll
832 4461 866 4522 in
889 4461 1028 4525 Decreta
1054 4495 1070 4507 -
1089 4457 1144 4526 Ad
1168 4457 1331 4528 tollendos
1348 4493 1364 4506 -
