3350 5100
552 826 867 919 Auueenrun
904 827 989 919 VI.

312 1058 486 1119 Formuloo
507 1058 624 1133 quibus
645 1056 772 1132 concipi
793 1062 930 1131 possunt
949 1060 1027 1117 soto
1047 1056 1233 1117 {uindiciis

549 1172 606 1236 vol
626 1174 737 1235 causis
758 1172 993 1233 criminalibus.

706 1366 840 1376 —-·.

286 1594 448 1643 FORMULA
476 1593 690 1641 sunrunrlnn
715 1593 995 1641 bnchRAronlsu
1023 1591 1257 1639 cuneorum.

250 1794 254 1807 ,
314 1750 454 1805 (Mouucslli,
474 1752 585 1795 Fomui.
600 1753 646 1804 iso.
657 1756 737 1806 prout
751 1750 802 1804 sori
817 1752 872 1795 osci-
885 1756 951 1805 port.
968 1752 993 1801 3,
1008 1751 1044 1793 tie.
1059 1750 1080 1801 1,
1094 1748 1166 1801 (orm.
1181 1745 1234 1801 23).

275 1926 350 1981 Visis
373 1928 445 1982 sotis
464 1931 493 1983 ot
510 1925 631 1983 docrstis
654 1932 769 1981 nostroe
793 1926 973 1981 visitationis
993 1942 1048 1980 sec
1068 1926 1174 1981 Montis
1199 1922 1318 1981 Pietatis
1335 1924 1366 1978 iu

185 2032 238 2087 hoc
256 2033 378 2089 Civitste
397 2033 537 2103 legittimo
555 2033 652 2099 erecti,
670 2034 811 2089 sententie
829 2033 995 2089 Revisorum
1019 2034 1228 2103 computorum,
1247 2031 1366 2103 aliisque

184 2138 292 2193 iuribus
316 2139 458 2206 exhibitis,
478 2156 526 2211 per
544 2141 758 2195 Procuratorem
784 2140 910 2195 locorum
936 2141 1059 2206 Piorum,
1077 2157 1111 2195 ox
1131 2139 1232 2210 quibus
1256 2140 1367 2193 constat

185 2243 219 2298 N.
239 2244 443 2316 Depositsrium
461 2250 491 2302 et
508 2246 771 2302 Administrotorem
790 2246 858 2301 dicti
879 2247 986 2303 Montis
1009 2247 1157 2315 pecuniam
1175 2246 1205 2300 in
1223 2262 1365 2299 summo...

185 2356 215 2407 st
233 2350 304 2406 elios
322 2351 427 2407 reditus
445 2352 576 2421 eiusdem,
589 2369 661 2425 quoe
674 2354 703 2407 in
716 2370 870 2423 pauperum
888 2354 1103 2410 necessitutibus
1121 2354 1247 2407 converti
1266 2352 1368 2406 debue-

186 2462 257 2527 rent,
277 2457 343 2525 alio,
361 2460 662 2529 propria-suctoritete
686 2464 786 2514 contro
808 2462 926 2515 formum
951 2460 1051 2515 Builse
1070 2459 1151 2514 Pauli
1171 2459 1195 2511 V
1215 2459 1284 2529 (vno
1301 2474 1368 2515 sre-

186 2583 253 2624 rurr
278 2567 394 2638 nonnis)
419 2568 574 2633 divertisse,
598 2568 655 2622 imo
674 2571 703 2623 et
722 2569 751 2623 in
776 2569 904 2638 proprios
928 2585 995 2623 usus
1019 2568 1115 2623 dolose
1138 2567 1367 2632 convertissem

187 2692 320 2746 usurpsro
339 2675 571 2754 praesumpsiss03
588 2676 656 2730 visis
674 2676 875 2732 monitionibus
888 2679 917 2730 ot
930 2676 1087 2745 praeceptis
1105 2678 1204 2730 conire
1221 2691 1285 2729 sum
1304 2690 1368 2729 exo·

186 2782 259 2838 sutis
284 2798 334 2851 pro
358 2783 579 2851 reintegratione
603 2783 720 2850 Montis,
746 2783 848 2854 quibus
872 2799 970 2852 perere
995 2783 1175 2852 contempsit,
1199 2781 1317 2835 dicimus
1338 2786 1368 2835 ot

187 2886 360 2942 declaramus
381 2886 406 2937 d.
426 2885 460 2938 N.
479 2886 683 2956 Depositsrium
709 2888 907 2943 damnabiliter
929 2888 1081 2942 incurrisse
1104 2885 1369 2942 excommunicatio-

187 3007 252 3046 nem
270 2991 413 3058 maiorem,
432 2992 526 3062 Papss
545 2997 725 3060 reservatam,
741 2997 901 3049 contentum
920 2998 978 3048 tem
996 2995 1026 3048 in
1041 2992 1133 3059 Bulla,
1145 3008 1229 3065 quem
1241 2992 1271 3046 in
1284 2992 1367 3047 (tono.

188 3096 273 3162 Trio„
284 3112 349 3151 sess.
363 3097 407 3160 22,
426 3112 449 3150 o.
466 3096 493 3151 ll
516 3100 546 3151 st
564 3095 626 3152 ideo
645 3114 705 3152 esso
724 3097 835 3168 publice
854 3097 1086 3164 denunciandum,
1104 3102 1188 3167 prout
1205 3097 1367 3153 denunciari

187 3201 315 3258 volumus
327 3207 356 3257 et
369 3202 541 3269 mandemus,
557 3204 602 3257 oui
620 3204 794 3259 anathemati
813 3204 920 3258 temdiu
937 3205 1092 3271 subiaceat,
1108 3204 1240 3276 quamdiu
1253 3203 1277 3256 d.
1291 3220 1369 3257 mon·

188 3314 246 3366 tem
265 3308 347 3378 plene
365 3308 584 3378 reintegraverit
602 3314 632 3364 ot
649 3326 666 3363 s
686 3310 718 3364 R.
738 3310 876 3364 Pontifice
894 3310 1001 3364 absolvi
1019 3311 1163 3366 meruerit.

332 3451 408 3506 Loco
425 3451 461 3522 ᾖ
479 3451 582 3522 sigilii.

1109 3559 1144 3614 N.
1163 3560 1316 3630 Episcopus
1334 3559 1369 3615 N.

238 3808 397 3858 FORMULA
419 3809 631 3857 sunrnnrlnu
655 3809 780 3857 nomn
803 3811 849 3857 EX
873 3811 1068 3859 lnronmnre
1091 3811 1320 3859 consclnnrls.

302 3963 442 4019 (Mouscelli,
457 3967 539 4011 Fbrm.
556 3969 600 4021 lep.
612 3973 692 4023 praet.
706 3966 755 4017 sori
774 3969 828 4012 soci.
841 3975 908 4022 port.
925 3970 951 4020 8,
964 3969 999 4012 to.
1014 3967 1041 4021 2,
1055 3968 1127 4022 soror.
1144 3972 1169 4021 6,
1182 3981 1208 4010 n.
1223 3966 1257 4023 4).

279 4155 407 4212 Constito
426 4155 512 4209 Nobis
531 4156 730 4229 Presbyterum
749 4157 783 4212 N.
801 4175 864 4214 esso
882 4175 960 4213 reum
978 4159 1113 4227 oriminis,
1131 4175 1196 4213 eum
1210 4161 1246 4214 ob
1261 4175 1368 4227 cousus,

191 4277 263 4331 quse
287 4261 411 4314 animum
436 4265 561 4316 nostrum
584 4261 668 4331 digno
691 4268 806 4318 movent
824 4266 855 4319 ot
878 4261 1036 4335 dequibus
1059 4263 1118 4320 Deo
1136 4268 1165 4319 et
1183 4263 1247 4319 Sodi
1271 4266 1368 4334 Apost

190 4383 254 4423 cum
279 4368 458 4424 habuerimus
481 4367 510 4422 in
529 4369 675 4437 mandetis,
700 4369 837 4426 rationem
864 4370 979 4426 reddero
1003 4371 1143 4440 debemus,
1162 4387 1197 4428 ox
1215 4375 1370 4444 informata
