3350 5100
529 330 573 375 os
597 329 736 377 romeus
760 328 1003 379 osrurrsmsus
1289 310 1352 377 321

179 471 237 517 reo
260 458 296 519 ut
317 452 448 517 ultimus
470 454 548 538 ipse,
573 471 652 537 prae
674 472 732 517 suo
755 457 958 533 accusatore,
974 459 1050 519 ante
1065 455 1256 517 sententiam
1280 450 1356 517 deti·

180 579 323 649 nitivam.
339 579 441 643 verba
464 577 562 643 faciat
584 579 618 642 in
640 578 688 643 sui
713 577 943 648 defensionem,
968 584 1000 641 et
1022 578 1085 643 hoc
1108 578 1176 643 sive
1199 579 1231 641 in
1255 596 1353 662 quae-

178 700 334 767 stionibus
355 701 580 768 incidentibus
597 704 667 767 sive
690 702 879 787 definitivis.
898 700 982 767 Heio
1002 721 1120 766 revera
1144 720 1207 766 non
1231 706 1356 766 tantum

178 824 281 907 fauor
308 824 366 891 sed
392 824 614 911 pricitepium
644 827 892 910 recognoscitur
915 796 982 889 reo.
1008 860 1026 873 -
1052 826 1151 890 Docet
1180 826 1284 889 Bouix
1313 824 1355 905 Il,

182 970 211 1032 p.
227 948 293 1013 224
312 948 464 1013 «altimo
488 948 560 1014 toco
574 966 711 1031 semper
732 948 899 1015 audiatur
920 947 1080 1030 defensor
1094 950 1145 1013 rei
1163 948 1279 1012 -etin
1302 947 1355 1013 cit.

183 1074 263 1141 (iod.
287 1073 383 1140 crim
403 1092 552 1156 process.
572 1074 673 1159 Grep.
691 1080 755 1140 art.
772 1073 840 1139 1131
860 1075 1004 1140 iubetur:
1023 1094 1041 1137 ‹
1058 1071 1260 1141 Adhaercns
1275 1076 1355 1159 fisco

181 1205 211 1263 et
233 1198 307 1282 ipse
328 1198 452 1283 fiscalis
466 1199 636 1282 replicare
657 1205 799 1281 possunt
821 1204 852 1265 et
874 1198 1077 1265 annuamus
1099 1200 1136 1264 in
1155 1198 1356 1281 perorando

181 1329 230 1389 est
255 1323 416 1406 deformer
445 1324 604 1395 accusati,
628 1329 729 1409 atque
750 1323 823 1407 ipse
846 1330 1024 1391 accusatus
1054 1324 1260 1391 admonetur
1289 1322 1357 1405 ipsi

180 1448 352 1533 inteyram
374 1467 446 1513 esse
468 1448 617 1515 adiicere
638 1448 731 1533 qaod
745 1448 818 1533 irase
840 1450 970 1513 mauult
992 1449 1029 1513 in
1043 1449 1097 1514 sai
1112 1447 1356 1529 defensionem,

182 1572 370 1657 Postquam
392 1573 618 1638 declaraverit
633 1592 670 1638 se
682 1573 769 1637 nituit
783 1573 880 1639 atiud
895 1572 1018 1638 babere
1033 1572 1232 1639 addendum
1249 1578 1307 1639 ete.
1324 1592 1355 1638 r.

184 1699 320 1763 Notatur
334 1698 543 1792 haeclultima
555 1698 767 1782 praescriptio
779 1716 860 1781 quae
874 1696 981 1778 efficit,
994 1704 1029 1763 nt
1041 1718 1116 1763 reus
1127 1704 1184 1763 aut
1195 1696 1357 1779 defensor,

181 1826 208 1888 si
235 1824 296 1889 isto
323 1824 395 1887 iure
422 1826 466 1887 uti
495 1824 576 1889 nolit
601 1822 740 1887 faciendi
767 1828 943 1904 postrema
965 1822 1082 1893 verba.
1106 1828 1214 1887 tamen
1238 1821 1356 1887 debent

182 1947 360 2013 declarare
391 1966 555 2030 expresse,
576 1920 618 2011 'se
644 1946 707 2011 iuri
738 1950 963 2025 renunciasse,
987 1947 1078 2009 cuius
1104 1946 1359 2010 renunciationis

183 2073 303 2137 mentio
326 2071 476 2136 facienda
497 2078 548 2137 est
569 2073 607 2137 in
629 2072 722 2151 actis,
739 2091 781 2136 ne
797 2076 909 2155 postea
931 2078 1148 2155 conqueratur
1166 2090 1249 2151 reus,
1266 2090 1357 2136 suum

183 2198 232 2261 ius
262 2196 467 2261 observatum
499 2216 564 2261 non
592 2196 701 2261 fuisse.
729 2232 744 2245 ·
776 2196 898 2261 Tamen
929 2198 1004 2280 quia
1033 2196 1114 2261 haec
1146 2197 1358 2280 praescriptio

184 2340 338 2407 expresse
360 2323 395 2386 in
418 2323 490 2387 iure
512 2327 624 2387 nostro
648 2342 712 2386 non
736 2323 930 2393 continetur,
953 2322 1036 2386 haec
1058 2321 1098 2386 ad
1121 2321 1357 2407 inteyritatem,

185 2467 249 2511 non
272 2447 311 2541 ad
337 2446 546 2512 caliditatem
569 2466 740 2530 processus
763 2449 958 2530 exquiritur.

272 2572 348 2638 251.
375 2572 534 2646 Defensio,
551 2575 578 2637 si
599 2572 787 2656 dispiciatur
809 2575 844 2636 in
867 2575 932 2638 suis
956 2573 1096 2637 fontibus
1119 2572 1204 2637 unde
1219 2572 1359 2638 desumi·

183 2701 248 2767 tur,
272 2700 364 2798 recte
386 2694 538 2760 dividitur
568 2697 601 2761 in
626 2696 791 2762 directam
813 2702 848 2762 et
869 2697 1081 2762 indirectam.
1106 2695 1231 2780 Quippe
1260 2714 1357 2760 accu-

184 2822 491 2957 satusycusatoris
512 2822 723 2886 intentionem
747 2820 909 2906 repellere
931 2840 951 2884 a
974 2841 1009 2884 se
1031 2820 1127 2890 valet,
1145 2822 1171 2885 si
1187 2819 1301 2885 doceat
1323 2839 1358 2884 se

185 2964 256 3009 esse
271 2953 493 3011 innocentem:
518 2965 559 3009 en
581 2946 728 3010 defensio
743 2945 882 3010 directa.
900 2945 932 3010 Si
949 2964 1028 3009 vero
1044 2945 1250 3016 demonstret,
1268 2964 1360 3010 accu-

184 3077 325 3136 satorem
341 3071 392 3136 νο]
414 3091 478 3134 non
493 3072 563 3134 iure
579 3091 745 3141 accusare,
762 3070 887 3136 scilicet
902 3076 958 3135 aut
980 3069 1021 3134 ob
1044 3070 1204 3134 defectum
1225 3069 1360 3134 actionis

185 3202 242 3262 aut
261 3195 303 3260 ob
333 3202 478 3279 spretum
507 3195 653 3260 ordinem
686 3195 881 3270 iudicialem;
905 3196 956 3260 vel
980 3195 1094 3260 doceat
1121 3177 1359 3260 accusationem

185 3336 249 3380 non
272 3317 372 3382 fuisse
395 3317 533 3382 evictam
549 3316 658 3381 solidis
682 3315 934 3401 probationibus,
955 3312 990 3381 tit
1012 3316 1157 3382 defensio
1180 3317 1360 3381 indirecta.
1426 3379 1432 3392 ,

275 3443 428 3506 Defensio
457 3443 587 3508 dmecta
619 3441 790 3507 ordinatur
821 3441 863 3506 ad
897 3441 1095 3526 probandam
1130 3441 1362 3508 innocentiam

185 3568 353 3642 accusati;
382 3572 415 3631 et
445 3567 509 3631 boc
539 3566 656 3650 duplici
686 3565 780 3630 modo
810 3565 995 3640 obtinetur3
1025 3565 1180 3650 siqnidem
1211 3567 1263 3630 vet
1295 3585 1359 3630 non

186 3698 286 3776 negat
313 3696 483 3756 accusatus
513 3690 633 3756 factum
665 3691 834 3755 materiale
861 3688 1072 3761 sedassent,
1101 3690 1167 3772 feci
1195 3689 1255 3755 sed
1284 3689 1359 3755 iare

184 3815 273 3898 ἶσοι)
294 3820 331 3882 ut
352 3835 431 3881 eccs
453 3818 479 3880 si
502 3817 573 3899 quis
587 3817 726 3881 alterum
741 3815 902 3900 percussit
915 3813 1005 3880 salvo
1020 3814 1239 3880 moderamine
1255 3815 1359 3880 incul-

185 3947 281 4025 patae
305 3940 442 4020 tntelae;
469 3941 575 4005 celsi
602 3941 674 4024 quis
699 3946 798 4025 negat
819 3961 855 4004 se
881 3939 964 4020 sacti
991 3958 1061 4004 esse
1088 3945 1272 4020 auctorem,
1298 3939 1362 4004 hoc

187 4066 336 4151 probans,
353 4068 398 4132 uti
421 4067 504 4132 solet
526 4065 588 4132 dici
604 4086 663 4148 per
677 4066 873 4152 nepatioam
892 4070 1037 4148 tempore
1061 4071 1093 4129 et
1115 4065 1186 4128 loco
1210 4071 1361 4131 coarcta·

188 4197 268 4273 tam,
284 4193 353 4257 scil.
371 4212 467 4276 quum
483 4197 651 4257 accusatus
669 4228 681 4239 ·
697 4191 779 4257 alibi
793 4227 808 4238 ·
825 4196 906 4257 tanc
920 4210 956 4254 se
972 4195 1130 4254 moratum
1147 4209 1217 4255 esse
1232 4189 1362 4256 demon-

186 4322 269 4382 strat
292 4336 349 4381 seu
372 4315 557 4381 abfuissea
578 4315 651 4380 loco
675 4317 792 4401 patrati
817 4314 983 4380 facinoris.

278 4441 428 4507 Defensio
456 4441 625 4508 indirecta
658 4442 803 4507 consistit
834 4441 1031 4525 potissimum
1063 4441 1096 4505 in
1120 4437 1364 4524 exceptionibus

260 4580 321 4635 Suc.
340 4581 418 4650 Leqa
438 4579 677 4647 Lio.11‚vol.1V.
1261 4579 1291 4632 ut
