3350 5100
540 287 584 334 aa
610 286 762 334 ncnrorrs
786 286 829 334 nr
854 285 972 334 eonius
1300 267 1344 332 79

163 409 310 493 apposita
333 407 448 482 media,
465 409 723 494 resipiscentiam
747 428 859 474 eorum
882 409 938 493 qui
961 428 1083 494 poenas
1105 409 1199 474 luunt
1222 408 1343 474 civiles.

165 535 239 598 Alia
261 536 399 600 crimina
421 537 492 615 etsi,
516 541 629 621 suapte
659 544 785 606 natura,
811 534 929 606 civilia,
955 533 1095 600 obnoxia
1125 539 1200 601 sunt
1232 536 1344 620 poenis

163 660 280 724 eccles.
304 664 464 744 quatenus
486 665 562 726 sunt
586 660 687 725 minti
707 659 788 742 fori,

302 784 332 869 1)
356 783 421 848 Vel
445 786 521 867 quia
542 783 672 849 difficile
695 785 803 870 puniri
826 788 960 870 possunt
983 803 1003 847 a
1027 782 1099 869 lege
1123 783 1220 862 civili,

299 904 333 986 2)
357 904 422 971 Vel
445 906 520 988 quia
542 901 707 970 offendunt
729 903 858 988 aliquod
881 905 930 969 ius
953 904 1129 987 spirituale.

253 1031 307 1094 Ex
317 1030 435 1113 primo
448 1033 554 1115 capite
570 1033 656 1097 inter
668 1031 914 1096 Ecclesiasticus
926 1047 1068 1096 canones
1081 1027 1186 1094 adhuc
1198 1029 1343 1094 refertur

162 1157 378 1240 praescriptio
393 1157 527 1220 canonis
545 1192 563 1204 -
581 1155 786 1222 consuluisti
801 1155 863 1230 20,
881 1173 971 1220 caus.
988 1154 1024 1234 2,
1041 1173 1072 1238 q.
1089 1152 1123 1218 5.
1144 1175 1162 1212 «
1178 1152 1343 1220 Manendi

161 1286 243 1345 sunt
265 1287 296 1346 et
315 1282 528 1364 protestandi
544 1287 716 1364 parentes,
732 1301 777 1348 ne
797 1286 868 1346 tam
885 1282 1021 1346 tenellas
1043 1278 1209 1363 (infantes)
1227 1298 1341 1346 secum

163 1405 199 1468 tn
222 1425 292 1472 una
317 1407 401 1473 tecto
430 1407 601 1481 collocent,
629 1427 682 1487 ne,
713 1408 920 1492 neptiqentia
943 1404 1091 1490 qualibet
1111 1406 1339 1487 proveniente,

163 1529 373 1611 suffocentur
401 1531 454 1596 aet
484 1532 738 1613 opprimantur,
761 1530 854 1594 unde
884 1529 951 1611 ipsi
981 1527 1154 1594 homicidii
1175 1528 1227 1592 rei
1249 1529 1339 1594 ince-

161 1651 350 1717 nioman...
366 1654 449 1738 quia
471 1654 502 1719 si
524 1654 581 1720 itte
604 1655 665 1740 qui
683 1661 882 1736 conceptum
904 1653 941 1718 in
963 1658 1070 1724 utera,
1091 1670 1158 1734 per
1184 1651 1340 1718 abortum

161 1778 332 1860 detenuit,
357 1780 528 1846 homicida
551 1786 607 1853 est,
636 1786 764 1865 quanto
788 1779 900 1865 mapis
922 1779 982 1864 qui
1004 1778 1107 1844 unius
1129 1778 1249 1844 saltem
1273 1777 1340 1844 atet

157 1907 348 1986 pupulum
367 1907 561 1989 peremerit,
578 1906 784 1974 homicidam
807 1925 843 1972 se
867 1923 937 1971 esse
959 1923 1126 1972 eacusare
1141 1903 1293 1990 nequibit
1308 1924 1338 1967 s.

162 2026 284 2092 Contra
310 2029 448 2095 istosin
471 2029 598 2113 cap.3,
623 2029 653 2094 b.
680 2036 700 2094 t.
725 2035 845 2095 statuta
868 2034 917 2096 est
940 2028 1109 2095 triennalis
1133 2028 1337 2112 poenitentia.

159 2171 244 2236 quae
266 2151 363 2218 hodie
385 2155 419 2219 in
442 2153 684 2220 desuetudinem
710 2153 803 2229 abiit;
826 2159 860 2219 at
887 2154 958 2217 iure
981 2153 1096 2216 merito
1120 2153 1153 2216 in
1177 2151 1340 2217 nonnullis

160 2275 361 2344 dioecesibus
373 2299 417 2344 ex
427 2281 554 2346 statutis
568 2265 799 2364 synodalibus,
812 2275 979 2344 suffocatio
992 2296 1166 2363 puerorum
1180 2281 1229 2340 est
1244 2295 1339 2342 casus

159 2399 322 2489 Episcopo
344 2409 542 2485 reservatus,
562 2404 679 2470 alicubi
704 2405 799 2470 etiam
823 2423 895 2468 cum
920 2422 1069 2468 censura.

249 2527 289 2593 ln
311 2529 406 2594 titulo
433 2528 471 2595 ll
496 2528 704 2615 subsequenti
728 2536 863 2596 caretur
888 2553 906 2593 e
931 2528 980 2595 De
1003 2527 1192 2611 infantibus
1215 2531 1246 2593 et
1269 2529 1337 2593 tan-

158 2654 273 2739 quida
295 2656 459 2739 expositis
474 2681 506 2731 a,
530 2663 563 2722 et
586 2678 628 2722 ex
652 2656 810 2722 hodierna
825 2658 996 2742 disciplina
1019 2654 1158 2721 sufficiat
1181 2674 1338 2720 revocare

158 2796 241 2859 quae
263 2777 429 2845 docuimus
451 2784 585 2865 agentes
608 2779 649 2845 de
671 2781 915 2866 irregularitate
938 2780 978 2845 ob
1002 2779 1261 2864 illegitimitatem
1279 2798 1335 2841 na-

157 2900 281 2981 tarum,
305 2902 389 2985 quoa
411 2876 528 2969 anina
548 2904 588 2970 aa
613 2905 793 2987 capotius.
819 2904 867 2971 or.
892 2903 968 2970 va.
993 2905 1053 2983 111,
1077 2924 1108 2967 n.
1135 2902 1209 2967 aas.

247 3028 301 3093 55.
327 3028 381 3093 Ex
404 3031 512 3095 altera
543 3032 649 3116 capite
680 3032 755 3114 quia
779 3030 927 3095 Ecclesia
950 3030 1047 3115 gestit
1068 3028 1127 3093 sibi
1158 3046 1274 3112 parere
1304 3029 1335 3092 in

159 3149 287 3215 Christo
312 3170 429 3218 omnes
453 3152 606 3219 homines
619 3154 790 3219 uenientes
811 3154 849 3218 in
869 3153 958 3219 hunc
980 3152 1158 3231 mundum,
1176 3170 1255 3235 quos
1277 3172 1337 3237 per

157 3269 350 3357 baptismum
365 3292 566 3357 regenerare
581 3274 678 3344 valet,
694 3275 830 3360 proinde
845 3276 1043 3360 gravissimis
1059 3276 1169 3358 poenis
1192 3276 1337 3339 insecuta

157 3400 207 3459 est
226 3402 458 3478 promerentes
485 3396 654 3463 abortum.
679 3398 731 3463 Uti
758 3403 846 3482 patet
872 3416 914 3461 ex
940 3398 993 3461 cit.
1023 3396 1099 3462 Can.
1132 3394 1275 3470 Consul,
1304 3396 1336 3458 in

157 3520 227 3584 iure
245 3522 407 3585 communi
423 3520 583 3588 abortum
602 3528 830 3605 procurantes
846 3520 1101 3587 accensebantur
1123 3520 1298 3585 homicidis.
1317 3555 1334 3567 -

157 3644 269 3710 Sintus
281 3646 314 3709 V
330 3646 523 3730 specialibus
539 3647 650 3731 poenis
666 3665 874 3731 compescere
886 3648 996 3712 statuit
1011 3651 1076 3710 tam
1089 3664 1190 3731 grave
1202 3646 1334 3715 crimen,

157 3768 238 3833 etin
252 3769 361 3834 Const.
377 3750 677 3852 ‹Effraenetama
695 3770 746 3834 29
763 3769 830 3835 Oct.
843 3770 934 3836 1588
946 3774 1062 3835 contra
1074 3788 1128 3833 eos
1144 3767 1198 3850 qui
1212 3764 1335 3835 directe

156 3893 209 3957 vel
231 3893 402 3966 indirecte,
419 3913 480 3979 per
494 3914 530 3959 se
545 3892 598 3958 vel
614 3914 675 3979 per
689 3894 797 3967 alium,
814 3913 913 3978 opere
929 3893 982 3958 vel
998 3893 1140 3965 oonsilio,
1158 3897 1336 3976 procurant

156 4016 304 4083 abortum
316 4012 421 4084 foetus
434 4020 580 4085 animati
590 4020 643 4084 vel
654 4020 845 4092 inanimati,
859 4018 991 4085 decreta
1003 4024 1052 4085 est
1065 4018 1098 4105 a)
1111 4018 1335 4104 irregularitas

156 4148 252 4225 atque
267 4144 453 4211 inhabilitas
468 4144 509 4210 ad
525 4148 632 4210 omnia
647 4143 816 4216 beneficia,
834 4150 898 4209 tam
915 4144 1072 4229 simplicia
1091 4163 1184 4228 quam
1204 4148 1333 4219 curata3
1375 4174 1377 4179 ·

159 4265 190 4345 b)
206 4271 345 4354 privatio
367 4268 598 4335 beneficiorum
621 4276 696 4335 actu
720 4269 907 4335 habitorum
931 4274 963 4333 et
985 4270 1124 4333 omnium
1149 4268 1333 4354 privilegio·

162 4410 248 4466 rum;
271 4391 302 4477 c)
327 4394 617 4459 excommunicatio
641 4394 662 4458 t.
685 4413 728 4475 s.‚·
753 4392 787 4478 d)
813 4394 952 4459 clericus
975 4394 1056 4459 tanti
1080 4392 1232 4457 facinoris
1248 4411 1333 4461 reus.
