3350 5100
303 276 370 344 572
762 294 969 343 mascaron
994 294 1016 341 1.

393 417 426 469 V.
447 416 504 469 Has
523 417 694 486 provisiones
713 418 878 486 praecedere
896 418 979 472 debet
997 417 1148 471 summarie
1166 417 1235 471 facti
1254 416 1393 485 cognitio,
1411 432 1482 486 quae

302 522 337 575 ab
357 520 503 575 Ordinatio
521 520 642 575 notanda
661 526 712 589 est,
726 534 754 575 ut
773 523 811 575 ad
828 523 968 576 ulteriora
982 521 1139 590 procedere.
1152 526 1290 592 quatenus
1307 536 1379 589 opus
1396 520 1483 585 sit,et
1522 542 1528 551 ·

302 630 450 682 certiorem
463 628 575 683 reddere
588 632 674 699 queat
686 630 857 697 superiorem
869 628 1075 684 Auctoritatem
1089 630 1118 683 in
1131 645 1197 682 casu
1210 628 1331 696 legitimi
1344 643 1483 681 recursus.

391 735 438 788 Vl.
450 734 608 791 Oanouioae
618 737 786 791 monitiones
798 738 870 790 liunt
882 737 941 791 sive
953 736 982 790 in
996 738 1085 790 torma
1098 742 1217 805 paterna
1227 742 1257 790 et
1268 738 1386 801 secreta,
1396 735 1481 789 etiam

302 858 351 910 per
369 841 517 911 epistolam
536 850 585 896 aut
609 858 659 911 par
682 841 877 911 interpositam
903 856 1064 911 personam3
1083 840 1142 896 sive
1159 842 1189 895 iu
1207 843 1297 895 torma
1321 840 1423 909 legali,
1441 841 1483 894 ita

301 952 396 1003 tamen
414 954 446 1003 ut
463 948 496 1003 de
515 950 674 1004 earumdem
694 950 860 1005 executione
878 954 989 1003 constet
1007 966 1042 1003 ex
1061 948 1156 1019 aliquo
1174 954 1247 1002 actu.
1301 980 1305 987 ,

392 1053 447 1106 Vll.
467 1054 610 1115 Quatenus
628 1054 819 1109 infructuosae
837 1055 1006 1124 monitiones
1024 1052 1152 1121 evadant,
1166 1052 1328 1106 Ordinarius
1347 1049 1482 1126 praecipit

301 1159 411 1225 Curiae,
426 1164 456 1213 ut
468 1160 640 1231 delinquenti
660 1160 809 1229 analogum
823 1160 990 1231 iniungatur
1007 1170 1205 1231 praeceptura,-
1216 1162 1244 1213 in
1256 1174 1312 1231 quo
1324 1157 1482 1213 declaretur

300 1267 365 1337 quid
377 1268 468 1324 eidem
480 1269 618 1338 agendum
633 1274 681 1323 aut
695 1268 913 1339 respondendum
926 1269 973 1333 sit,
985 1286 1048 1322 cum
1064 1268 1258 1322 accommodae
1271 1282 1376 1337 poenae
1394 1266 1484 1321 eccle·

300 1378 430 1453 siasticae
448 1378 673 1445 comminatione,
691 1394 775 1450 quam
793 1380 920 1434 incurret
937 1380 966 1432 in
985 1394 1051 1433 casu
1069 1378 1307 1447 transgreoeionie.

391 1484 461 1539 VllI.
480 1484 663 1555 Praeceptum
683 1486 829 1539 intimatur
851 1490 1006 1555 praesento
1024 1502 1042 1538 a
1060 1484 1349 1540 Cancellariocoram
1368 1482 1481 1537 Vicario

301 1590 446 1657 Generali3
462 1593 522 1646 sive
534 1607 627 1647 coram
640 1592 748 1647 dnobus
760 1592 880 1647 testibus
897 1592 1096 1649 ecclesiasticis
1107 1597 1157 1647 aut
1169 1592 1250 1646 laicis
1264 1593 1397 1662 probatae
1409 1592 1481 1645 inte-

301 1700 421 1767 gritatis.

425 1808 439 1873 l
460 1807 482 1861 l.
502 1810 590 1861 Actus
607 1808 788 1876 subsignatur
806 1824 822 1861 a
841 1808 968 1876 partibus
989 1778 1183 1876 praesentibus
1200 1810 1229 1861 et
1249 1810 1400 1875 praevento
1413 1820 1482 1875 quo-

301 1929 364 1983 que,
382 1914 405 1967 si
425 1912 502 1967 velit

424 2020 437 2085 t
456 2020 480 2085 2
501 2018 629 2073 Vicarius
646 2018 791 2074 Generalis
809 2019 931 2073 adiicere
949 2018 1025 2074 valet
1044 2019 1232 2073 iuramentum
1250 2016 1378 2072 servandi
1391 2031 1482 2070 secre-

301 2133 368 2193 tum,
387 2130 525 2197 quatenus
543 2126 570 2179 id
590 2126 740 2195 prudenter
758 2131 873 2195 expetat
891 2126 968 2180 tituli
986 2124 1103 2189 indoles,
1121 2124 1156 2179 de
1174 2142 1230 2195 quo
1248 2126 1351 2193 agitur.

389 2234 436 2287 lX.
457 2232 552 2295 Quoad
573 2233 701 2303 poenalia
720 2233 812 2288 media
830 2233 1056 2287 animadvertant
1074 2229 1162 2287 revffii
1178 2232 1326 2297 Ordinarii,
1340 2231 1478 2301 praesenti

233 2331 237 2339 ’
298 2342 484 2397 instructione
508 2340 582 2395 haud
606 2341 771 2410 derogatum
789 2356 851 2395 esse
869 2340 1034 2394 iudiciorum
1058 2339 1298 2405 solemnitatibus,
1318 2356 1366 2409 per
1386 2354 1480 2391 sacros

299 2462 430 2512 canones,
448 2462 497 2515 per
515 2418 684 2513 apostolicas
702 2445 925 2510 constitutiones,
937 2450 967 2499 et
979 2444 1051 2497 alias
1068 2444 1273 2500 ecclesiasticas
1285 2444 1479 2513 dispositiones

298 2553 452 2624 imperatis,
465 2557 603 2624 quatenns
614 2553 728 2608 eaedem
741 2553 830 2608 libere
843 2552 1047 2623 efficaciterque
1060 2552 1194 2621 applicari
1207 2557 1325 2622 quemn
1339 2551 1389 2606 sed
1400 2566 1481 2604 neco

299 2660 426 2714 uomicae
443 2660 550 2714 formae
570 2658 716 2714 consulere
733 2658 883 2713 intendunt
899 2657 957 2712 illis
974 2658 1085 2712 casibus
1103 2657 1259 2726 Curiiaque,
1271 2657 1301 2710 iu
1318 2657 1418 2728 quibus
1436 2671 1481 2710 so·

300 2767 406 2822 lemnes
424 2783 568 2836 processus
587 2771 636 2820 aut
654 2765 779 2822 adhiberi
799 2770 948 2837 nequeant,
961 2771 1078 2818 autnon
1096 2765 1228 2834 expedire
1242 2763 1397 2819 videantur.
1418 2763 1479 2820 Ple·

299 2890 363 2927 nam
382 2888 492 2944 quoque
510 2873 567 2927 vim
584 2875 679 2928 servat
697 2889 775 2926 suam
795 2871 1007 2928 extraiudiciale
1023 2871 1177 2926 remedium
1195 2889 1230 2926 ex
1249 2875 1400 2941 infumata
1415 2888 1478 2926 con-

298 2981 413 3034 scientia
432 2963 481 3048 pro
493 2979 656 3033 criminibus
673 2979 798 3046 occultis,
812 2979 885 3049 quod
897 2978 1022 3032 decrevit
1034 2977 1061 3032 S.
1075 2978 1150 3032 Trid.
1164 2977 1292 3048 Synodus
1303 2979 1334 3032 in
1347 2979 1419 3032 Sess-
1433 2979 1478 3043 14,

299 3103 361 3157 cop.
382 3087 396 3138 l
415 3086 457 3139 Dc
474 3088 529 3154 ras.
549 3083 744 3151 adhibendum,
756 3101 819 3138 cum
838 3085 897 3138 illis
914 3084 1021 3155 regulis
1033 3089 1062 3138 et
1075 3085 1321 3149 recusationibus,
1333 3101 1403 3155 quas
1415 3101 1480 3138 con·

299 3191 408 3242 stanter
425 3187 548 3242 servavit
567 3205 616 3258 pro
634 3189 702 3242 dicti
721 3189 821 3257 capitis
839 3189 1073 3259 interpretatione
1091 3189 1118 3242 S.
1131 3188 1162 3243 0.
1175 3188 1294 3243 concilii
1310 3188 1339 3242 in
1353 3189 1479 3258 pluribus

300 3293 518 3360 resolutionibus
536 3299 565 3348 et
584 3295 748 3363 praesertim
768 3295 796 3349 in
815 3296 944 3350 Bosnien.
963 3303 993 3350 et
1011 3295 1131 3350 Sirnien.
1151 3295 1193 3348 20
1211 3295 1277 3350 Dec.
1297 3295 1388 3350 1873.

390 3397 424 3452 Χ.
442 3397 532 3458 Quum
552 3400 662 3468 procedi
680 3404 811 3469 operteat
833 3399 1025 3464 criminaliter,
1043 3401 1103 3456 sive
1120 3403 1157 3455 ob
1180 3401 1376 3456 infractionem
1401 3417 1480 3470 prae-

300 3505 383 3575 cepti,
396 3509 445 3558 aut
457 3506 493 3558 ob
506 3505 623 3560 crimina
636 3507 794 3561 communia
806 3506 851 3560 vel
865 3507 959 3576 legum
975 3507 1118 3562 Ecclesiae
1130 3507 1321 3572 violationem,
1334 3523 1478 3577 processus

299 3612 398 3666 confici
417 3617 509 3681 potest
527 3613 624 3666 formis
642 3614 809 3678 summariis,
822 3619 852 3667 et
864 3614 968 3684 absque
986 3614 1081 3667 iudicii
1095 3615 1225 3684 strepitu,
1236 3615 1355 3669 serratis
1368 3630 1479 3684 semper

300 3717 406 3787 regulis
423 3717 549 3773 iustitiae
567 3717 808 3773 substantialibus.

389 3824 438 3878 XI.
457 3825 608 3879 Processus
626 3825 776 3880 instruitur
791 3844 827 3881 eor
845 3826 935 3898 officio
953 3833 1002 3881 aut
1020 3829 1049 3880 in
1068 3828 1211 3899 sequelam
1230 3826 1363 3896 supplicis
1379 3825 1478 3890 libelli,

300 3935 349 3984 aut
367 3931 485 3986 notitiae
504 3931 561 3986 alio
581 3931 661 3987 modo
674 3949 690 3986 a
703 3933 787 3987 Curia
806 3932 929 3999 habitae,
942 3941 972 3989 et
984 3935 1018 3987 ad
1029 3936 1113 3991 tinem
1133 3934 1294 4004 perducitur
1305 3949 1339 3988 eo
1351 3933 1478 3998 consilio,

298 4039 331 4090 ut
342 4038 418 4091 omni
431 4036 523 4092 studio
536 4044 620 4109 atque
637 4039 783 4108 prudentia
802 4041 906 4094 veritas
924 4041 1081 4110 detegatur,
1093 4047 1123 4096 et
1135 4042 1260 4110 cognitio
1271 4046 1331 4094 tum
1343 4040 1478 4104 criminis,

299 4149 357 4196 tum
377 4143 483 4213 culpae,
502 4150 552 4200 aut
571 4145 748 4200 innocentiae
766 4145 890 4199 accusati
909 4151 1045 4214 erumpat.

388 4249 450 4302 xil.
469 4251 618 4305 Processus
637 4252 774 4306 conlectio
792 4251 931 4305 committi
950 4254 1042 4320 potest
1061 4250 1147 4305 alicui
1171 4253 1257 4322 probo
1275 4257 1361 4322 atque
1377 4251 1478 4305 idoneo

300 4355 498 4411 Ecclesiastico
516 4358 643 4412 adstante
662 4359 806 4413 Actuario.
