3350 5100
422 334 466 381 DE
489 335 627 382 inntens
651 336 893 385 CRllilNALIBUS
918 338 953 385 IN
977 336 1095 384 sescla
1200 364 1204 379 ι
1281 316 1348 384 353

172 452 213 518 ab
228 455 449 523 instructione
471 462 634 525 recensita
658 480 722 525 non
746 462 836 527 adest
859 462 944 528 ordo
967 461 1146 527 obiectivns
1165 460 1348 545 sequendus

173 582 205 644 in
228 582 451 667 applicatione,
468 583 524 649 sed
546 587 639 651 unius
658 587 710 651 vel
733 587 867 651 alterius
893 586 1023 651 remedii
1047 585 1217 670 applicatio
1241 584 1347 651 deter-

172 704 315 769 minatur
345 723 388 769 ex
420 726 530 772 rerum
560 714 594 772 ot
625 728 838 793 personarum
872 710 1048 780 adiunctis,
1081 707 1192 773 habits
1224 708 1349 773 ratione

173 832 288 897 indolis
311 834 466 917 cuiusque
489 834 632 905 remedii.
657 837 703 901 uti
726 836 819 900 modo
843 835 1084 920 explicabimus.

262 957 337 1023 284.
358 958 575 1025 Exordiemur
589 980 609 1025 a
624 960 865 1028 monitionibus
877 959 1059 1039 canonicas,
1073 977 1152 1041 quas
1168 959 1212 1023 ita
1228 956 1348 1023 descri-

175 1078 219 1141 bit
243 1076 417 1144 instructio
439 1088 501 1144 art.
527 1082 586 1145 Vl.
613 1081 843 1148 ‹Canonieae
873 1070 1075 1147 monitiones
1104 1082 1189 1165 finnt
1220 1077 1349 1145 sivein

172 1202 289 1280 forma
310 1209 459 1285 pateam
473 1210 504 1269 et
518 1211 648 1271 secreta
662 1204 779 1290 (etiam
799 1224 865 1288 per
880 1205 1059 1287 epistotam
1081 1209 1142 1269 aut
1161 1222 1227 1287 per
1249 1202 1350 1267 irater·

172 1332 319 1411 positam
330 1330 533 1419 personam)
547 1333 618 1399 sive
632 1334 669 1397 in
682 1333 799 1415 forma
812 1334 914 1419 hyali
926 1334 974 1397 ita
986 1339 1100 1399 tamen
1114 1336 1151 1398 at
1163 1332 1205 1397 de
1217 1350 1349 1396 aarum·

173 1453 251 1517 rtem
274 1454 472 1521 memnone
487 1461 613 1521 constet
628 1474 673 1522 em
687 1457 804 1539 atiquo
820 1462 899 1522 actu
916 1478 945 1519 ».
966 1454 1196 1539 Distinguenda
1211 1453 1285 1519 heic
1302 1458 1351 1516 est

173 1579 313 1645 monitio
341 1581 506 1647 canonica
534 1600 688 1647 sarsana
716 1600 739 1646 a
765 1582 950 1648 monitione
978 1580 1144 1647 canoniea
1170 1596 1305 1645 usuam.
1331 1610 1348 1627 ·

174 1703 386 1769 hinnitionurn
411 1726 502 1769 usum
526 1705 670 1779 insidere
694 1708 724 1770 in
749 1707 817 1790 ipso
842 1706 1039 1771 christianae
1062 1706 1231 1771 charitatis
1255 1721 1349 1789 prae·

174 1836 268 1911 cepto
292 1830 354 1893 iam
382 1829 591 1912 advertimus,
616 1832 816 1916 proindeque
837 1830 879 1896 ah
905 1830 1041 1896 exordio
1061 1830 1228 1895 Ecclesiae
1252 1830 1352 1896 luisse

173 1953 269 2017 altius
293 1953 522 2037 praedicatum,
550 1958 648 2021 veluti
673 1977 794 2021 morem
818 1975 839 2019 a
863 1956 1054 2020 Christianis
1077 1954 1349 2039 frequentandum

173 2077 213 2139 ad
230 2079 368 2143 crimina
386 2081 627 2164 praevenienda
645 2088 678 2145 et
696 2081 940 2165 compescenda.
958 2079 1052 2144 docet
1069 2084 1179 2145 textus
1195 2080 1351 2145 Matthaei

174 2202 317 2283 (XVlll.
337 2204 408 2288 15):
429 2205 502 2271 «Si
523 2212 636 2271 antem
658 2206 849 2289 peccaverit
871 2206 909 2270 in
932 2214 962 2270 te
984 2204 1095 2285 frater
1111 2210 1188 2270 tuus
1209 2206 1297 2269 cade
1319 2210 1352 2269 et

175 2326 311 2409 corripe
342 2347 420 2391 enm
450 2326 540 2393 inter
572 2334 603 2394 te
631 2336 663 2393 et
691 2330 803 2411 ipsum
836 2329 990 2393 sotum...
1017 2324 1054 2391 Si
1084 2332 1198 2391 antem
1231 2335 1260 2391 te
1281 2346 1352 2393 non

175 2453 324 2519 audierit
346 2453 468 2519 adhibe
492 2460 601 2519 tecam
623 2474 734 2521 annm
753 2454 806 2518 oet
823 2454 941 2518 daos...
961 2452 1057 2523 Quod
1071 2452 1100 2517 si
1115 2472 1185 2519 non
1200 2452 1352 2519 audierit

175 2598 248 2648 eos.
272 2579 328 2644 die
350 2580 563 2647 Brakman...
582 2601 610 2644 u.
638 2579 801 2644 Eiusmodi
833 2579 965 2643 monitio
996 2577 1106 2643 habita
1137 2583 1185 2642 est
1214 2578 1305 2660 quasi
1334 2611 1352 2624 -

175 2704 346 2770 accusatio
368 2702 527 2783 fraterna
550 2705 753 2769 charitativa
776 2704 823 2768 ad
847 2704 1089 2769 correctionem
1115 2737 1132 2749 -
1157 2721 1176 2764 a
1199 2701 1351 2766 christia-

175 2830 226 2891 nis
247 2827 431 2893 adhihenda
454 2829 525 2892 loco
550 2863 568 2876 -
592 2828 818 2895 commotionis
841 2828 887 2893 ad
910 2827 1094 2892 vindictam
1120 2861 1137 2874 -
1162 2825 1353 2890 altomanis

177 2955 384 3016 instauratae.
409 2954 543 3017 hionitio
571 2952 774 3020 charitativa
805 2958 840 3017 nt
870 2972 927 3016 suo
955 2949 1151 3035 respondeat
1174 2947 1229 3012 tini
1253 2969 1352 3033 expo-

176 3078 274 3143 stulat
296 3080 440 3144 intimum
464 3079 632 3143 charitatis
654 3075 822 3152 affectum
847 3097 966 3162 quare,
992 3077 1189 3160 frigescente
1211 3073 1352 3139 fidelium

176 3202 346 3280 charitate,
364 3225 432 3267 mos
455 3203 598 3268 exolevit
613 3203 708 3266 huius
732 3203 925 3266 munitionis.
944 3221 1007 3264 non
1024 3220 1119 3265 secus
1134 3219 1173 3264 ac
1189 3201 1353 3283 corruptis

177 3326 294 3389 civium
327 3324 485 3397 moribus,
509 3326 734 3392 accusationis
765 3331 908 3410 systema
939 3325 1036 3389 cessit
1062 3322 1274 3406 inquisitioni
1306 3339 1353 3386 ex

177 3449 294 3531 officio.
319 3451 448 3515 Exinde
478 3452 597 3516 facturn
630 3459 678 3516 est
702 3457 738 3515 ut
760 3451 951 3516 monitiones
982 3469 1045 3514 non
1068 3451 1204 3533 amplius
1235 3445 1354 3514 tierent

177 3593 197 3636 a
221 3577 353 3657 privatis
376 3574 523 3641 fidelibus
542 3577 597 3641 sed
614 3597 634 3640 a
652 3576 859 3641 Prassuhbus
885 3577 1065 3649 Ecclesiae;
1090 3574 1175 3639 unde
1198 3571 1352 3638 eiusmodi

178 3702 308 3764 monitio
332 3702 476 3783 quamvis
497 3700 666 3781 fraterna,
679 3705 839 3782 patena.
858 3699 1060 3766 charitativa
1075 3697 1161 3762 diota
1183 3701 1232 3762 est
1255 3714 1354 3761 cano·

175 3825 255 3889 nica
267 3827 377 3908 utpote
387 3823 475 3887 iacta
488 3825 516 3888 vi
531 3823 678 3908 publicae
689 3825 900 3888 auctoritatis.
912 3821 1010 3884 Divus
1022 3821 1202 3903 Gregorius
1213 3815 1351 3903 Magnus

177 3951 209 4012 in
234 3969 333 4033 opere
357 3982 375 3995 ·
402 3948 498 4013 Cara
512 3946 704 4014 Pastoratis
728 3983 745 3995 -
768 3949 899 4032 prolep.
917 3945 955 4010 P.
979 3945 1038 4009 ΙΙΙ
1054 3941 1198 4027 perbelle
1221 3942 1354 4007 disserit

176 4074 217 4137 de
240 4093 375 4137 munere
399 4073 564 4138 Praesulis
588 4092 693 4137 mores
717 4074 912 4158 corrigentis
935 4090 996 4155 per
1018 4067 1172 4133 eiusmodi
1194 4068 1354 4134 monitio·

176 4217 245 4269 nes,
270 4217 353 4281 quaa
383 4197 519 4282 proinde
543 4205 577 4264 ut
599 4200 664 4264 sint
686 4195 885 4262 efficaciores
907 4215 971 4260 non
996 4213 1016 4258 a
1042 4193 1174 4258 Vicario
1198 4193 1362 4258 Generali

177 4323 231 4388 sed
260 4321 300 4386 ab
332 4325 399 4408 ipso
423 4325 599 4409 Episcopo.
624 4328 680 4388 aut
710 4323 823 4386 saltem
853 4323 931 4385 Eius
960 4321 1090 4384 nomine
1121 4314 1191 4381 fieri
1223 4316 1352 4398 dehent,

176 4448 260 4531 quod
284 4450 379 4514 velim
402 4449 625 4514 animadverti.
650 4450 743 4514 Iuvat
765 4454 938 4532 praeterea
970 4447 1117 4541 recolere
1140 4441 1241 4508 verba
1267 4445 1351 4511 Con·

250 4587 310 4641 Sne.
334 4588 419 4657 Lena,
443 4587 501 4641 Lib.
521 4589 552 4650 ll,
572 4588 629 4641 rol.
649 4587 694 4639 lV.
1250 4581 1285 4634 ‘23
