3350 5100
362 261 425 326 194
874 277 957 326 ruas
985 277 1021 324 11.
1106 319 1109 326 .

358 403 582 470 inhabilitates
603 411 754 468 arcentes
776 403 816 468 ab
841 403 1071 466 ecelesiasticis
1101 400 1214 466 officiis
1237 409 1293 466 aut
1315 401 1534 486 dignitatibus.

359 528 555 594 Confessarii
581 529 790 594 sollicitantes
812 529 853 594 ad
875 531 992 614 turpia,
1017 528 1207 592 denunciari
1230 526 1348 592 debent
1370 528 1402 590 vi
1426 526 1534 591 Gnnst.

360 650 620 719 Sacramentum
635 653 766 719 Poenit.
791 653 910 719 Bened.
927 653 1027 726 XlV;
1053 655 1129 716 item
1152 651 1344 715 confessarii
1366 653 1535 735 exigentes

358 794 378 838 a
412 777 647 861 poenitentibus
686 778 917 842 revelationem
956 779 1094 841 nominis
1127 775 1309 860 complicis,
1346 795 1388 838 ex
1426 775 1533 840 Gonst.

362 900 478 982 Aponi.
512 903 675 968 maneria.
709 903 830 968 Bened.
859 903 963 976 XlV;
994 908 1027 966 et
1057 900 1234 987 coryphaei
1269 907 1378 965 sectae
1412 917 1533 964 masso-

358 1023 451 1088 nicae
474 1031 535 1092 etc.
563 1026 606 1091 ci.
630 1047 729 1112 supra
743 1049 785 1092 a.
810 1028 863 1093 49.

446 1148 715 1236 Quotiescumque
737 1153 900 1219 canonice
919 1151 1169 1218 denuntiandum
1193 1158 1243 1216 est
1264 1147 1392 1233 aliquod
1408 1150 1534 1214 crimen

356 1276 390 1335 et
411 1271 475 1337 hoc
489 1274 553 1338 iam
576 1290 625 1340 est
647 1281 818 1360 patratum,
844 1275 998 1358 idemque·
1014 1275 1356 1358 poenisloompescere
1379 1277 1533 1356 praestat,

356 1393 560 1463 denunciatio
587 1400 753 1465 canonica
775 1397 811 1462 fit
836 1399 1052 1470 iudicialiter,
1077 1417 1135 1461 seu
1156 1398 1191 1461 in
1214 1394 1310 1461 finem
1331 1395 1533 1482 provocandi

357 1523 508 1588 iudicium
532 1526 711 1590 criminale.
736 1525 917 1610 Aliquando
941 1526 1026 1589 enim
1050 1523 1253 1588 denunciatio
1277 1521 1443 1588 canonica
1466 1540 1533 1584 nou

356 1652 405 1710 est
428 1644 554 1727 efficax,
578 1650 639 1713 nisi
662 1650 823 1714 sitellam
846 1648 1028 1713 iudicialis.

521 1915 543 1996 ἓ
568 1915 597 1980 l.
626 1915 676 1980 De
694 1923 891 1997 promotore
917 1935 976 1981 seu
994 1921 1222 2000 procuratore
1244 1913 1359 1998 fiscali.

354 2143 620 2200 summarium·
641 2145 699 2199 137.
719 2145 884 2201 Necessario
902 2145 1056 2216 supplenda
1074 2151 1117 2200 est
1135 2161 1221 2215 opera
1238 2144 1408 2198 accusatoris
1427 2143 1456 2196 iu
1469 2157 1534 2209 pro-

442 2268 521 2306 cessu
541 2268 609 2321 pure
627 2252 889 2322 inquisitiv0‚eecus
908 2270 962 2307 non
980 2253 1120 2309 habentur
1132 2259 1190 2307 tres
1203 2267 1336 2321 personae
1355 2265 1532 2320 quocumque

442 2358 471 2410 in
490 2357 594 2412 iudicio
619 2360 800 2421 necessariae.
826 2335 1092 2424 iadea'accusatem
1116 2376 1190 2414 reus.
1219 2386 1254 2399 -
1287 2355 1343 2410 138.
1366 2356 1437 2416 Qnia
1460 2354 1531 2407 haec

440 2462 585 2517 distinctio
604 2470 776 2532 potestesse
795 2471 906 2520 tantum
925 2467 1056 2530 moralis,
1075 2479 1175 2519 munus
1193 2463 1376 2528 accusatoris,
1396 2479 1431 2515 ex
1450 2477 1532 2529 prae·

442 2572 545 2641 scripio
558 2570 638 2641 legis,
651 2572 764 2641 supplet
781 2572 894 2642 publica
907 2573 1018 2627 notoria
1029 2573 1153 2626 infamia.
1172 2600 1208 2613 -
1229 2572 1288 2627 139.
1308 2570 1346 2625 De
1360 2569 1530 2623 necessitate

440 2682 625 2736 constituendi
654 2697 799 2750 personam
827 2684 930 2736 actoris
958 2699 1007 2737 eeu
1031 2686 1202 2737 accusatoris
1226 2682 1255 2734 iu
1281 2694 1409 2749 processu
1437 2676 1528 2747 inqui·

440 2788 534 2841 sitive.
557 2816 571 2828 ·
594 2788 632 2843 De
653 2788 736 2841 huius
761 2787 881 2842 historia
901 2786 1079 2861 (remissive).
1108 2816 1142 2831 -
1174 2788 1231 2843 140.
1257 2786 1287 2840 lu
1307 2788 1367 2839 iure
1391 2800 1452 2837 ean.
1472 2798 1527 2835 nou

441 2894 527 2949 habet
544 2897 735 2965 monopolium
752 2900 945 2950 accusationis.
967 2925 1001 2938 -
1015 2897 1086 2951 ⁴141.
1107 2898 1151 2949 Au
1170 2912 1271 2948 munus
1289 2890 1448 2963 inquirendi
1467 2906 1527 2959 per-

441 2999 530 3052 tineat
548 3001 636 3053 iudici
653 3006 703 3053 aut
719 3006 877 3071 promotori
895 3004 995 3073 fiscali.
1022 3032 1035 3043 -
1060 3002 1102 3056 Ad
1122 3018 1180 3055 rem
1202 3000 1413 3068 distinguuntur
1431 2995 1526 3049 variae

439 3105 545 3173 species
569 3106 766 3176 inquisitionis.
786 3136 820 3149 -
846 3109 904 3164 142.
926 3108 964 3163 De
990 3110 1098 3163 ratione
1122 3114 1151 3162 et
1176 3108 1286 3177 origiue
1309 3113 1367 3158 tum
1392 3102 1526 3157 substitu-

440 3218 531 3265 torum
550 3229 598 3265 seu
617 3214 774 3267 adiutorum
795 3216 865 3282 fisci,
884 3217 1053 3270 tumiudicis
1066 3216 1244 3270 instructoris
1263 3232 1310 3269 seu
1332 3212 1524 3267 commissarii.

440 3347 475 3359 -
489 3317 545 3372 143.
559 3322 603 3373 Au
616 3326 645 3373 et
657 3322 794 3390 quomodo
813 3322 991 3377 determinari
1013 3324 1100 3393 possit
1112 3340 1213 3377 mimus
1229 3323 1401 3392 promoturi-r
1419 3320 1525 3389 fiscalis

440 3438 474 3474 ex
494 3423 553 3475 iure
573 3424 700 3491 positivo.
721 3453 756 3465 -
777 3425 835 3479 144.
857 3426 895 3481 De
914 3430 1123 3481 accusatoribus
1140 3428 1355 3481 adhaerentibus
1373 3427 1448 3494 fisco.

443 3656 514 3721 137.
540 3655 730 3724 Differentia
751 3660 970 3727 substantialis
993 3664 1258 3729 denunciatorem
1274 3666 1361 3729 inter
1376 3668 1409 3727 et
1431 3678 1539 3732 acon,
1641 3680 1642 3701 r

348 3786 490 3846 satorem
506 3784 651 3847 consistit
666 3784 700 3846 in
717 3787 886 3869 utriusque
909 3787 1066 3851 relatione
1082 3787 1123 3851 ad
1137 3789 1313 3863 iudicium,
1331 3788 1407 3873 quia
1425 3802 1525 3849 accu-

345 3911 435 3968 sator
456 3903 493 3970 fit
516 3914 609 3971 actor
626 3910 659 3971 in
676 3908 805 3990 iudicio,
824 3910 900 3975 dum
922 3931 1117 3995 promovens
1140 3914 1445 3987 denunciationem
1470 3916 1524 3981 vel

160 4105 162 4112 Ι
238 4103 242 4111 ‚
347 4028 556 4104 iudicialem,
581 4039 730 4098 remanet
751 4053 891 4118 persona
920 4037 1211 4119 emtraiadia'alis5
1241 4040 1373 4123 eiusque
1403 4039 1524 4105 denun-

349 4153 444 4217 ciatio
468 4163 600 4220 eatenus
614 4164 665 4223 est
678 4158 858 4231 iudicialis,
872 4170 1029 4243 quatenus
1044 4164 1165 4228 excitat
1186 4163 1324 4229 iudicem
1339 4164 1380 4229 ad
1394 4184 1523 4249 proces·

346 4296 417 4341 sum
440 4279 692 4354 instaurandum,
705 4289 740 4347 ut
752 4302 837 4358 reus,
855 4285 895 4349 de
910 4288 1046 4352 crimine
1061 4289 1237 4369 convictus,
1254 4308 1314 4373 per
1329 4296 1523 4374 argumenta

348 4406 542 4489 potissimum
566 4428 586 4470 a
609 4407 840 4474 denunciatore
863 4412 969 4477 allata.
995 4432 1130 4496 poenam
1154 4414 1230 4478 luat.
