3350 5100
538 331 581 377 nn
606 329 762 378 nnnrcrrs
785 331 828 378 ar
855 327 973 378 Poenis
1281 313 1344 379 105

179 453 238 517 «Si
259 453 397 518 alicuius
419 452 632 538 obligationes
655 455 746 552 inse
769 455 902 540 suscipit
925 454 993 526 rel.
1019 453 1133 519 farore
1163 455 1245 528 eius,
1272 457 1343 520 iure

175 577 271 661 aliquo
302 598 361 644 sno
384 598 450 644 non
472 585 583 644 utatur
604 599 634 643 v.
661 597 689 644 c.
713 581 740 644 si
763 599 824 665 pro
850 583 884 644 te
907 576 1119 644 fideiusserim
1142 578 1194 644 rel
1225 597 1341 664 expro-

175 703 323 777 miserim3
347 705 375 768 si
399 723 515 790 agrum
537 716 632 788 quem
664 704 818 770 incultum
849 703 953 769 habeo
979 702 1037 768 tibi
1059 704 1261 790 promiserim
1285 721 1344 788 per

174 828 341 893 triennium
364 828 521 894 incultum
544 827 791 912 derelinquere;
815 829 893 893 licet
916 827 1075 894 fideiussio
1091 829 1172 894 haec
1195 833 1250 894 ant
1273 849 1343 914 pro·

174 954 273 1016 missio
296 954 383 1017 omni
406 953 553 1020 molestia
576 961 632 1018 aut
657 953 802 1038 periculo
825 959 920 1018 vacet
942 976 973 1017 ›.
1000 953 1094 1019 Hanc
1122 953 1343 1020 difficultatem

172 1077 229 1140 iam
250 1076 309 1142 sibi
333 1077 499 1143 obiecerat
521 1079 553 1144 S.
578 1077 717 1143 Thomas
740 1079 761 1142 t.
787 1077 839 1144 cit.
864 1076 1052 1144 advertens:
1080 1100 1098 1142 ‹
1122 1079 1184 1146 Sed
1209 1079 1263 1144 ille
1287 1081 1342 1164 qni

172 1202 259 1267 alicui
283 1204 316 1268 in
339 1205 532 1268 necessitate
556 1205 730 1269 constituto
754 1205 922 1288 pecuniam
947 1209 1070 1270 mutuat
1093 1207 1232 1289 gratiam
1253 1204 1341 1274 iacit.

172 1327 249 1392 unde
272 1334 305 1393 et
327 1330 611 1414 gratiarumactio
635 1330 664 1394 ei
688 1329 834 1395 debetur.
852 1331 940 1414 Ergo
957 1329 1012 1395 ille
1036 1331 1087 1414 qui
1109 1331 1234 1416 recipit,
1251 1335 1342 1395 tene·

172 1458 221 1516 tnr
242 1454 382 1519 naturali
398 1453 505 1521 debito
520 1455 642 1539 aliquid
657 1475 906 1540 recompensare
924 1477 941 1518 ›
961 1461 993 1520 et
1008 1456 1054 1522 ad
1068 1455 1136 1522 W
1152 1457 1196 1520 ita
1212 1476 1342 1542 respon·

173 1575 235 1640 det:
260 1597 279 1656 q
297 1577 465 1644 dicendum
481 1578 566 1663 quod
582 1580 838 1664 recompensatio
853 1579 987 1644 alicuius
1003 1577 1151 1645 beneficii
1172 1580 1343 1666 dupliciter

172 1697 237 1764 fieri
259 1707 381 1786 potest3
406 1723 470 1767 uno
486 1703 613 1788 quidem
630 1697 782 1768 modo'ex
798 1701 904 1767 debito
921 1705 1058 1768 iustitiae
1074 1702 1115 1769 ad
1131 1703 1213 1788 qnod
1229 1705 1343 1790 uliquis

170 1841 211 1888 ex
232 1830 324 1889 certo
343 1830 437 1910 pacto
452 1825 589 1911 obligari
606 1830 727 1910 potest;
750 1830 784 1889 et
805 1824 868 1889 hoc
884 1823 1024 1890 debitum
1039 1825 1216 1891 attenditur
1232 1846 1343 1892 secun·

173 1947 242 2012 dum
264 1952 477 2032 quantitatem
503 1947 652 2015 beneficii
683 1949 766 2033 quod
790 1951 860 2033 quis
890 1951 1025 2034 accepit.
1051 1951 1093 2015 Et
1115 1951 1186 2016 ideo
1209 1950 1264 2016 ille
1290 1953 1341 2036 qni

170 2076 292 2159 accepit
305 2082 450 2139 mutuum
465 2076 622 2159 pecuniae
644 2075 698 2140 vel
721 2075 949 2158 cuiuscumque
964 2075 1077 2140 similis
1093 2076 1140 2140 rei
1158 2078 1248 2141 cuius
1264 2097 1343 2142 usus

168 2203 215 2262 cst
235 2201 305 2264 eius
320 2201 530 2286 consumptio,
547 2221 611 2265 non
628 2205 758 2265 tenetur
773 2199 813 2264 ad
830 2198 900 2286 plus
916 2201 1223 2286 recompensandum
1248 2222 1340 2287 qnam

168 2331 275 2388 mutuo
304 2326 486 2411 acceperit;
518 2324 603 2391 unde
634 2331 750 2390 contra
778 2327 930 2392 iustitiam
963 2331 1012 2392 est
1041 2326 1068 2391 si
1095 2325 1135 2390 ad
1166 2327 1236 2410 plus
1267 2327 1341 2392 red·

169 2445 305 2512 dandum
328 2449 498 2535 obligetur.
522 2451 596 2514 Alio
619 2448 713 2514 modo
734 2455 866 2514 tenetur
887 2449 1003 2542 aliquis
1026 2448 1066 2513 ad
1090 2468 1340 2534 recompensan-

170 2572 242 2637 dum
276 2573 469 2640 beneficium
500 2595 543 2640 ex
573 2574 678 2640 debito
712 2576 874 2641 amicitiae
903 2576 937 2639 in
968 2594 1030 2659 quo
1059 2576 1160 2660 magis
1193 2574 1337 2639 conside·

168 2705 260 2763 ratur
282 2696 417 2764 affectus
440 2719 484 2765 ex
505 2719 568 2783 qno
591 2701 707 2785 aliquis
732 2698 921 2764 beneficium
953 2700 1087 2764 contulit
1117 2718 1211 2783 quam
1243 2700 1340 2764 etiam

164 2826 327 2905 quantitas
361 2827 429 2891 eius
460 2824 543 2908 qnod
573 2825 669 2898 fecit3
693 2829 726 2889 et
746 2825 804 2888 tali
827 2824 933 2890 debito
963 2844 1029 2888 non
1059 2825 1211 2909 competit
1238 2823 1340 2889 ciuilis
1395 2805 1402 2825 ⁸

163 2947 317 3035 obligatio
340 2968 401 3034 per
424 2970 519 3033 qnam
541 2948 705 3015 inducitur
727 2949 884 3033 quaedam
904 2950 1079 3014 necessitas
1103 2954 1137 3014 nt
1160 2968 1224 3013 non
1247 2967 1340 3035 spon-

163 3078 262 3139 tanea
284 3075 541 3159 recompensatio
564 3072 620 3140 fiat
635 3096 665 3136 ›.
690 3074 775 3139 Sane
799 3092 953 3139 mensura
982 3074 1120 3139 iustitiae
1137 3062 1180 3137 'in
1212 3080 1341 3139 contra-

162 3195 268 3262 ctibus
289 3205 339 3263 est
361 3198 537 3282 aequalitas
560 3195 722 3262 servanda
744 3200 832 3263 inter
854 3197 961 3263 datum
986 3202 1018 3261 et
1039 3202 1224 3283 acceptum
1250 3204 1283 3263 et
1306 3200 1339 3263 in

162 3326 273 3385 mutuo
301 3327 453 3387 servatur
483 3322 661 3405 aequalitas
684 3323 711 3387 si
734 3321 814 3385 nihil
847 3320 1001 3387 reddatur
1030 3323 1118 3386 ultra
1145 3328 1265 3388 sortem
1289 3323 1340 3388 rei

160 3450 325 3511 mutuatae
340 3450 374 3510 et
388 3452 561 3531 praeterea
575 3452 725 3511 mutuans
740 3450 891 3511 servetur
901 3446 1071 3512 inclaudis
1082 3446 1122 3512 de
1138 3466 1339 3531 quacumque

161 3570 306 3653 possibili
328 3572 454 3636 iactura
470 3590 512 3636 ex
527 3575 638 3652 mutuo
662 3571 691 3635 ei
714 3572 927 3656 provenienti.
952 3572 989 3636 ln
1013 3571 1171 3657 exemplis
1190 3576 1297 3636 autem
1320 3592 1340 3636 a

160 3691 363 3759 D'Annibale
385 3695 492 3763 allatis
513 3695 677 3761 obtinetur
693 3696 776 3760 baec
791 3696 967 3779 aequalitas
985 3697 1013 3761 si
1035 3696 1064 3759 ei
1087 3693 1256 3780 praebenti
1281 3694 1338 3759 ali-

158 3837 257 3900 quam
281 3839 411 3904 operam
430 3841 487 3885 seu
502 3820 698 3906 impendenti
714 3840 814 3886 mum
829 3820 1027 3886 activitatem
1043 3826 1099 3887 ant
1114 3819 1338 3906 prohibentem

158 3961 262 4007 arcam
282 3943 464 4009 libertatem
480 3946 514 4009 in
530 3944 676 4009 favorem
699 3946 843 4018 alterius,
861 3944 961 4010 veluti
977 3967 1037 4031 per
1052 3946 1338 4031 expromissionem

159 4073 218 4130 ant
241 4065 476 4135 fideiussionem
494 4074 551 4136 aut
573 4072 827 4155 permissionem,
852 4068 970 4153 aliquid
994 4070 1190 4156 rependatur
1212 4089 1232 4133 a
1255 4072 1337 4136 reci-

160 4192 274 4274 piente
289 4194 379 4257 iuxta
392 4199 521 4280 pactum
545 4196 620 4278 quia
641 4195 819 4279 promissio,
840 4192 1011 4266 fideiussio‚
1030 4213 1098 4276 prr
1120 4213 1164 4275 sc,
1189 4199 1237 4259 est
1259 4214 1338 4279 opus

156 4315 274 4397 pretio
302 4318 518 4395 aestinnabil03
542 4324 575 4384 et
600 4325 678 4385 tunc
708 4318 885 4384 attenditur
915 4317 1067 4403 obligatio
1098 4320 1248 4385 iustitiae.
1272 4322 1339 4385 Aut

160 4440 389 4509 consideratur
403 4445 542 4529 speciale
566 4444 763 4529 beneficium
778 4441 924 4510 afficiens
938 4446 1039 4530 ipsam
1060 4464 1230 4528 personam
1253 4448 1338 4512 reci·
