3350 5100
402 330 490 385 QUAE
515 332 549 377 lN
574 331 697 378 TERTIO
722 330 897 396 vonouluo
921 330 1160 377 coumuouuuu

188 454 370 523 exprimatur,
384 468 446 521 pag.
463 453 527 519 15ος
540 480 550 492 ·
564 468 615 506 uec
630 469 679 506 ens
698 468 754 504 mo·

190 524 256 589 nale,
273 540 336 649 pgg.
355 524 482 590 14931100
502 540 620 591 persona
638 524 755 587 incerta,

189 613 243 665 pag
279 666 319 719 Ad
339 664 514 721 validitatem
530 668 668 719 'censurae
690 666 755 737 quid

189 740 389 808 requiraturex
400 742 479 805 parte
494 737 611 807 peccati,
620 754 682 806 pag.
697 736 756 802 1323

189 840 202 850 -
215 824 326 874 causae,
339 824 401 878 pag.
418 808 481 874 137,
494 838 506 849 ·
518 808 619 863 iudicis
631 813 660 863 et
673 809 755 875 legis·

188 881 296 941 latoris,
314 881 395 945 ibid.;
414 908 425 919 -
445 896 589 948 processus
608 880 755 945 iudiciarii‚

190 969 252 1021 pag.
269 952 329 1014 13&
339 980 352 991 -
362 957 453 1005 metus
465 952 494 1004 iu
509 952 600 1008 iudice
613 967 668 1007 uon
678 952 754 1005 inva-

189 1023 259 1077 lidat
275 1039 431 1086 censuram,
445 1039 507 1092 pag.
524 1022 589 1087 1463
602 1052 612 1063 -
626 1023 655 1077 in
668 1023 756 1077 deliu-

189 1101 291 1166 quente
301 1112 338 1148 an
348 1100 470 1159 excuset,
480 1111 542 1163 pag.
555 1094 755 1155 Ibit-Quando

189 1168 342 1222 incurritur
360 1182 486 1231 censura,
501 1182 561 1234 pag.
585 1164 648 1229 135;
661 1194 672 1207 ·
688 1182 756 1236 quo-

188 1239 270 1293 modo
289 1243 388 1302 cessat,
404 1253 467 1306 pag.
489 1238 539 1291 170
558 1242 587 1291 et
608 1238 666 1302 176,
680 1240 754 1305 (vide

188 1309 348 1375 absolutio).

245 1453 370 1507 Censura
389 1449 529 1505 librorum
547 1478 580 1493 -
600 1450 711 1521 quando
726 1458 756 1504 et

190 1524 235 1579 ubi
247 1524 414 1595 requiratur,
422 1538 484 1590 pag.
495 1521 667 1577 acuuntur
677 1538 756 1591 prae·

188 1596 320 1649 scribitur
334 1592 505 1659 solemnitas,
517 1610 580 1662 pag.
590 1593 651 1646 466.
661 1622 671 1633 ·
683 1594 754 1648 Effe·

188 1670 251 1720 ctus
267 1666 386 1720 omissae
405 1663 516 1718 debitae
535 1680 677 1731 censurae,
692 1681 754 1733 pag.

189 1738 249 1791 467.
263 1767 273 1778 -
288 1737 326 1791 De
339 1736 374 1789 iis
386 1737 433 1804 qui
448 1736 597 1805 praepositi
612 1740 679 1789 sunt
691 1752 756 1790 ceu·

189 1825 270 1863 surae
293 1809 438 1871 librorum,
458 1824 519 1876 pag.
540 1806 666 1859 467-473.
686 1836 696 1847 -
717 1806 755 1861 De

189 1896 335 1935 censorum
359 1877 451 1931 officio
474 1879 501 1931 iu
522 1878 648 1932 examine
671 1878 755 1932 libro-

190 1968 259 2015 rum,
274 1968 335 2019 pag.
349 1946 476 2003 473-475.
488 1980 497 1989 -
508 1949 627 2011 Quinam
640 1958 755 2003 tenean-

190 2026 234 2075 tur
253 2024 366 2075 subesse
386 2022 515 2086 praeviae
534 2037 668 2075 censurae
692 2037 754 2090 pag.

189 2092 381 2146 475478480.
402 2091 521 2152 Quinam
540 2092 604 2146 libri
624 2097 755 2161 atquae·

191 2181 253 2217 uam
272 2165 378 2232 scripta
402 2164 458 2231 legi
479 2180 612 2218 censuras
638 2164 755 2231 subsint,

190 2250 250 2304 pag.
265 2235 390 2288 475-477.
403 2266 414 2276 -
425 2235 551 2288 Officium
566 2234 755 2305 typographo·

190 2323 249 2360 rum
263 2312 292 2360 et
305 2306 441 2361 editorum
461 2307 551 2377 quoad
564 2306 651 2361 libros
664 2308 755 2361 subie-

188 2385 249 2432 ctos
276 2393 412 2434 ceusurae
440 2378 663 2445 ecclesiasticae,
692 2394 754 2447 pag.

188 2448 324 2503 ool-484..
594 2456 595 2461 ’

244 2593 364 2647 Caesetio
377 2596 518 2647 edivinia.
538 2621 573 2634 -
592 2592 671 2658 Quid,
692 2608 754 2662 pag.

188 2665 256 2729 2273
274 2695 291 2703 -
309 2663 402 2719 differt
421 2666 456 2720 ab
475 2663 635 2728 interdicto,
653 2665 754 2726 totos-

187 2741 230 2789 sst
249 2735 391 2803 generalis
410 2734 454 2789 vel
482 2735 671 2802 particularis,
692 2751 753 2802 pag.

188 2807 256 2869 22&
277 2805 414 2876 quomodo
441 2809 583 2859 statuatur
603 2822 637 2859 ac
655 2811 754 2870 cesset,

189 2893 251 2957 pag.
266 2876 337 3016 (2233
351 2876 472 3000 difligrtta
480 2876 640 3018 pollutione
660 2876 755 2929 Eccle-

188 2963 246 3000 siae
276 2962 395 3016 crepo
421 2963 499 3001 uro.

244 3091 462 3143 Communicotio
475 3119 510 3128 —
523 3104 585 3140 cum
604 3087 754 3143 haereticis

189 3163 219 3227 et
245 3158 409 3214 acatholicis
438 3164 532 3214 utrum
560 3159 755 3228 prohibeatur,

190 3247 253 3298 pag.
274 3230 327 3284 490
340 3237 370 3285 et
382 3247 449 3302 seq.;
465 3261 476 3271 ·
489 3230 640 3286 nonnullae
657 3232 753 3300 prohi-

190 3301 310 3356 bitiones
326 3319 360 3356 ex
374 3304 434 3357 iure
448 3301 573 3372 speciali,
586 3318 648 3371 pag.
667 3303 753 3356 491.-

188 3371 357 3426 Communic.
382 3391 445 3428 cum
467 3374 575 3428 ludaeis
600 3390 662 3442 pag.
685 3375 752 3438 492;
831 3389 844 3397 '·

188 3461 250 3496 curm
270 3443 424 3508 Saracenis,
445 3461 509 3514 pag.
527 3445 654 3499 492-493.

244 3586 416 3641 Commuuio.
434 3615 471 3628 -
489 3586 641 3655 Multiplex
655 3588 755 3655 priori·

188 3656 239 3708 bus
265 3659 451 3727 temporibus,
471 3673 531 3727 pag.
555 3658 620 3722 1263
643 3687 657 3701 ·
680 3674 753 3713 com·

187 3729 282 3781 munio
301 3731 459 3799 peregrina,
480 3746 541 3798 pag.
561 3729 621 3783 259.

243 3869 429 3940 Competentr'o
446 3899 482 3914 -
508 3871 632 3940 manalis
658 3871 752 3926 Eccle-

187 3941 255 4006 siae,
275 3957 336 4010 pag.
356 3942 386 4006 6;
406 3971 416 3984 ·
435 3943 584 4009 obiectum,
605 3959 667 4012 pag.
687 3943 731 3995 76.

244 4083 450 4152 &ompotentiae
474 4086 639 4154 beneficiam
658 4113 692 4126 -
712 4086 752 4139 in·

187 4154 390 4294 ppgmgppguit
403 4171 421 4208 a
432 4171 564 4225 suspenso
578 4173 594 4210 a
606 4157 752 4224 beneficio,

242 4367 362 4422 Coactus
375 4396 409 4408 -
427 4367 461 4421 ad
480 4368 613 4422 delictum
626 4369 691 4439 quid
705 4373 752 4434 sit,

187 4453 251 4506 pag.
272 4439 315 4492 25.

1307 312 1373 377 647

865 452 1111 525 emmim&
1128 480 1165 493 ··
1181 452 1323 513 Quaenam
1335 452 1375 504 di·
1433 491 1435 494 .

809 530 943 593 sponsant
960 540 1043 594 snper
1061 523 1296 592 irregularitatss,
1312 540 1375 593 pag,

867 739 1051 795 Consuleates
1069 766 1103 778 -
1122 737 1243 803 crimen,
1261 738 1375 807 quinam

810 810 881 875 sint,
906 826 969 879 pag.
994 811 1043 874 743
1068 837 1082 851 ·
1110 824 1200 879 poena
1229 813 1373 876 tenentur,

811 896 874 951 pag.
892 882 935 933 71.

867 1024 1054 1079 Contionante.
1082 1050 1117 1065 ··
1145 1022 1260 1083 Quando
1288 1022 1376 1087 adsit,

810 1111 873 1165 pag.
892 1094 961 1178 2153
978 1122 992 1135 ·
1009 1095 1044 1177 ad
1062 1110 1217 1159 censuram,
1231 1110 1293 1163 pag.
1310 1092 1376 1159 1323

810 1165 844 1221 ad
865 1165 1084 1232 remordentium,
1104 1181 1168 1236 pag.
1190 1165 1247 1220 171.

866 1309 999 1377 Corporis
1012 1310 1140 1379 defectus
1158 1336 1193 1349 -
1211 1306 1374 1376 irregulari·

811 1383 898 1435 tatem
915 1379 1033 1445 inducit,
1045 1395 1108 1448 pag.
1127 1378 1189 1433 306.
1208 1407 1218 1419 -
1238 1377 1374 1448 Irregula·

810 1452 881 1505 ritas
900 1451 1060 1521 impropria,
1077 1466 1139 1519 pag.
1159 1450 1220 1503 367.
1238 1448 1376 1509 -Quibus

810 1522 917 1593 regulis
938 1522 1117 1577 moderentur
1139 1520 1193 1575 hae
1214 1521 1377 1589 irregulari-

810 1598 884 1650 tatss
908 1594 994 1648 etiam
1017 1593 1108 1664 quoad
1132 1592 1376 1662 dispensationem,

810 1682 873 1734 pag.
892 1664 952 1719 368.
972 1695 986 1707 ·
1003 1665 1123 1726 Quinam
1137 1664 1220 1718 iudex
1232 1664 1267 1717 de
1279 1663 1375 1717 adiun-

809 1737 864 1793 ctis
881 1737 965 1802 facti,
984 1753 1047 1806 pag.
1066 1737 1127 1791 370.
1146 1764 1157 1776 ·
1177 1736 1307 1791 Deiectus
1329 1752 1375 1805 po·

809 1809 912 1869 tiores;
925 1810 1038 1861 morbus
1050 1807 1226 1877 epilepticus,
1238 1820 1300 1875 pag.
1314 1806 1375 1869 3713

811 1878 981 1947 -pusillitas
999 1883 1134 1943 staturae,
1147 1894 1210 1947 pag.
1225 1878 1289 1940 3733
1304 1906 1316 1918 ·
1330 1878 1378 1932 de·

810 1952 939 2005 formitas
959 1951 1094 2019 corporis,
1110 1965 1174 2018 pag.
1193 1948 1262 2013 ³743
1280 1977 1294 1988 -
1314 1965 1375 2004 cae-

810 2024 881 2076 citas
894 2038 957 2091 pag.
971 2021 1038 2085 3573
1047 2022 1076 2075 in
1090 2021 1227 2083 manibus,
1237 2035 1300 2089 pag.
1313 2020 1376 2084 3783

810 2095 839 2147 in
858 2093 974 2163 pedibus
987 2098 1021 2147 =et
1040 2093 1178 2157 cruribus,
1197 2107 1258 2160 pag.
1278 2090 1339 2145 380.

866 2236 966 2290 Coraci
991 2238 1022 2288 ia
1048 2236 1159 2290 delicto.
1188 2261 1222 2275 —
1247 2234 1377 2296 Quinam,

810 2323 873 2376 pag.
898 2307 943 2361 68.
969 2336 984 2345 -
1010 2305 1199 2375 Principales,
1218 2304 1376 2365 accessorii,

809 2394 873 2447 pag.
901 2378 944 2431 69.
973 2406 984 2417 -
1012 2377 1071 2438 Qua
1099 2393 1189 2446 poena
1216 2378 1376 2439 teneantur,

810 2466 873 2519 pag.
886 2450 930 2503 70.
945 2478 955 2488 -
969 2448 1181 2519 Bibliographia
1193 2446 1276 2501 buius
1292 2464 1375 2519 quae·

810 2521 919 2586 stiouis,
938 2536 1001 2590 pag.
1020 2520 1064 2587 73,
1083 2529 1158 2575 uoto.

866 2663 987 2718 Crimen.
1010 2690 1047 2703 -
1074 2662 1160 2733 (Vide
1186 2662 1340 2728 delictum)
1365 2691 1376 2703 -

809 2735 839 2786 ln
859 2735 976 2788 crimine
998 2734 1148 2788 criminoso
1170 2736 1376 2788 communicare

809 2805 875 2876 quid
894 2807 938 2873 sit,
959 2821 1022 2874 pag.
1041 2805 1105 2859 201.

866 2948 958 3017 Culpa
969 2948 1100 3001 iuridico.
1113 2974 1147 2988 -
1160 2947 1240 3013 Quid,
1254 2964 1317 3017 pag.
1329 2947 1375 3000 64.

809 3047 818 3057 -
839 3018 868 3070 lu
888 3020 950 3073 iure
967 3017 1107 3072 criminali
1126 3018 1289 3089 quotuplex,
1309 3033 1373 3088 pag.

808 3089 852 3142 65.
871 3118 908 3131 -
926 3089 1020 3144 Etiam
1043 3088 1205 3158 theologica
1227 3090 1298 3144 levis
1320 3089 1376 3142 suf·

808 3161 869 3214 ficit
895 3161 1035 3285 irpgerdum
1059 3160 1094 3214 ad
1119 3161 1375 3230 irregularitatem,

809 3248 872 3302 pag.
891 3235 908 3284 2
947 3273 953 3283 .

1073 3411 1108 3479 D

864 3589 1005 3641 Damnum
1023 3614 1056 3628 -
1076 3587 1105 3640 in
1124 3586 1236 3653 delicto,
1255 3603 1317 3657 pag.
1330 3586 1374 3640 34.

807 3688 818 3700 ·
831 3658 986 3714 Mediatum
999 3664 1029 3713 et
1041 3658 1241 3724 immediatum,
1256 3674 1318 3728 pag.
1331 3657 1374 3712 35.

861 3802 1036 3856 Rotaria·
1049 3800 1197 3868 Dispensat
1214 3802 1249 3854 ab
1268 3801 1375 3868 irregu-

808 3872 979 3938 laritatibus,
998 3888 1060 3942 pag.
1081 3871 1142 3925 302.

860 4017 1012 4070 Decretum
1030 4015 1230 4068 inhibitorium.
1250 4043 1284 4056 -
1304 4013 1374 4074 Quid

807 4087 852 4153 sit,
872 4102 936 4156 pag.
955 4087 1017 4140 252.

860 4229 1032 4352 Dggjensores
1049 4243 1175 4282 reorum.
1195 4255 1228 4268 —
1244 4227 1374 4293 Quinam,

808 4315 871 4368 pag.
930 4339 938 4353 .

860 4443 1042 4511 Depradotio.
1061 4471 1096 4484 -
1114 4442 1165 4496 Est
1185 4457 1290 4510 poena,
1307 4455 1373 4510 pag.
