<?xml version="1.0" encoding="UTF-8"?>
<!DOCTYPE html PUBLIC "-//W3C//DTD XHTML 1.0 Transitional//EN"
    "http://www.w3.org/TR/xhtml1/DTD/xhtml1-transitional.dtd">
<html xmlns="http://www.w3.org/1999/xhtml" xml:lang="en" lang="en">
 <head>
  <title>
</title>
<meta http-equiv="Content-Type" content="text/html;charset=utf-8" />
  <meta name='ocr-system' content='tesseract 3.04.00' />
  <meta name='ocr-capabilities' content='ocr_page ocr_carea ocr_par ocr_line ocrx_word'/>
</head>
<body>
  <div class='ocr_page' id='page_1' title='image "./praelectionesin00legagoog_0375.png"; bbox 0 0 3350 5100; ppageno 0'>
   <div class='ocr_carea' id='block_1_1' title="bbox 387 263 1310 338">
    <p class='ocr_par' dir='ltr' id='par_1_1' title="bbox 387 263 1310 338">
     <span class='ocr_line' id='line_1_1' title="bbox 387 263 1310 338; baseline -0.005 -1"><span class='ocrx_word' id='word_1_1' title='bbox 387 289 431 337; x_wconf 83' lang='lat' dir='ltr'>na</span> <span class='ocrx_word' id='word_1_2' title='bbox 455 287 594 338; x_wconf 79' lang='lat' dir='ltr'>lumcns</span> <span class='ocrx_word' id='word_1_3' title='bbox 617 287 860 338; x_wconf 79' lang='lat' dir='ltr'>onsurnsmnus</span> <span class='ocrx_word' id='word_1_4' title='bbox 884 285 920 335; x_wconf 84' lang='lat' dir='ltr'>m</span> <span class='ocrx_word' id='word_1_5' title='bbox 943 283 1060 335; x_wconf 73' lang='lat' dir='ltr'>secem</span> <span class='ocrx_word' id='word_1_6' title='bbox 1244 263 1310 332; x_wconf 84' lang='lat'>373</span> 
     </span>
    </p>
   </div>
   <div class='ocr_carea' id='block_1_2' title="bbox 110 415 1311 1627">
    <p class='ocr_par' dir='ltr' id='par_1_2' title="bbox 110 415 1311 1627">
     <span class='ocr_line' id='line_1_2' title="bbox 110 415 1311 497; baseline -0.002 -18"><span class='ocrx_word' id='word_1_7' title='bbox 110 418 246 480; x_wconf 87' lang='lat' dir='ltr'>masin</span> <span class='ocrx_word' id='word_1_8' title='bbox 266 417 305 481; x_wconf 88' lang='lat' dir='ltr'>iis</span> <span class='ocrx_word' id='word_1_9' title='bbox 325 416 535 496; x_wconf 81' lang='lat' dir='ltr'>excutiendis,</span> <span class='ocrx_word' id='word_1_10' title='bbox 555 415 671 480; x_wconf 87' lang='lat' dir='ltr'>harum</span> <span class='ocrx_word' id='word_1_11' title='bbox 696 416 868 490; x_wconf 87' lang='lat' dir='ltr'>nonnullas</span> <span class='ocrx_word' id='word_1_12' title='bbox 890 419 1074 478; x_wconf 84' lang='lat' dir='ltr'>mutuamur</span> <span class='ocrx_word' id='word_1_13' title='bbox 1091 446 1108 463; x_wconf 90' lang='lat'><strong>·</strong></span> <span class='ocrx_word' id='word_1_14' title='bbox 1125 433 1192 496; x_wconf 85' lang='lat' dir='ltr'>seq.</span> <span class='ocrx_word' id='word_1_15' title='bbox 1217 432 1311 497; x_wconf 88' lang='lat' dir='ltr'>para-</span> 
     </span>
     <span class='ocr_line' id='line_1_3' title="bbox 110 537 1242 627; baseline -0.006 -21"><span class='ocrx_word' id='word_1_16' title='bbox 110 543 259 627; x_wconf 82' lang='lat' dir='ltr'><strong>grapho</strong></span> <span class='ocrx_word' id='word_1_17' title='bbox 285 577 303 589; x_wconf 96' lang='lat'>·</span> <span class='ocrx_word' id='word_1_18' title='bbox 329 541 425 606; x_wconf 90' lang='lat' dir='ltr'>etiam</span> <span class='ocrx_word' id='word_1_19' title='bbox 449 561 492 606; x_wconf 85' lang='lat' dir='ltr'>ex</span> <span class='ocrx_word' id='word_1_20' title='bbox 516 541 569 606; x_wconf 86' lang='lat' dir='ltr'>cit.</span> <span class='ocrx_word' id='word_1_21' title='bbox 594 541 664 606; x_wconf 90' lang='lat' dir='ltr'>cod.</span> <span class='ocrx_word' id='word_1_22' title='bbox 691 541 829 626; x_wconf 84' lang='lat' dir='ltr'>Gregor.</span> <span class='ocrx_word' id='word_1_23' title='bbox 855 541 902 606; x_wconf 80' lang='lat' dir='ltr'>cf.</span> <span class='ocrx_word' id='word_1_24' title='bbox 928 559 1028 625; x_wconf 88' lang='lat' dir='ltr'>supra</span> <span class='ocrx_word' id='word_1_25' title='bbox 1050 559 1081 603; x_wconf 92' lang='lat' dir='ltr'>n.</span> <span class='ocrx_word' id='word_1_26' title='bbox 1107 537 1168 603; x_wconf 79' lang='lat'>231</span> <span class='ocrx_word' id='word_1_27' title='bbox 1195 557 1242 621; x_wconf 93' lang='lat' dir='ltr'>sq.</span> 
     </span>
     <span class='ocr_line' id='line_1_4' title="bbox 215 664 1310 752; baseline -0.005 -21"><span class='ocrx_word' id='word_1_28' title='bbox 215 666 296 733; x_wconf 88' lang='grc'>305.</span> <span class='ocrx_word' id='word_1_29' title='bbox 322 669 382 732; x_wconf 84' lang='lat' dir='ltr'>Ast</span> <span class='ocrx_word' id='word_1_30' title='bbox 400 687 497 750; x_wconf 92' lang='lat' dir='ltr'>quum</span> <span class='ocrx_word' id='word_1_31' title='bbox 514 687 556 732; x_wconf 82' lang='lat' dir='ltr'>ex</span> <span class='ocrx_word' id='word_1_32' title='bbox 572 667 777 749; x_wconf 83' lang='lat' dir='ltr'>inquisitione</span> <span class='ocrx_word' id='word_1_33' title='bbox 796 666 1003 752; x_wconf 80' lang='lat' dir='ltr'>probationes</span> <span class='ocrx_word' id='word_1_34' title='bbox 1026 671 1118 730; x_wconf 85' lang='lat' dir='ltr'>ortae</span> <span class='ocrx_word' id='word_1_35' title='bbox 1140 664 1205 728; x_wconf 88' lang='lat' dir='ltr'>sint</span> <span class='ocrx_word' id='word_1_36' title='bbox 1227 681 1310 746; x_wconf 88' lang='lat' dir='ltr'>quae</span> 
     </span>
     <span class='ocr_line' id='line_1_5' title="bbox 110 791 1310 879; baseline -0.002 -23"><span class='ocrx_word' id='word_1_37' title='bbox 110 791 269 857; x_wconf 89' lang='lat' dir='ltr'>iudicem</span> <span class='ocrx_word' id='word_1_38' title='bbox 293 792 519 879; x_wconf 74' lang='lat' dir='ltr'>persuadeant,</span> <span class='ocrx_word' id='word_1_39' title='bbox 537 799 571 858; x_wconf 90' lang='lat' dir='ltr'>ut</span> <span class='ocrx_word' id='word_1_40' title='bbox 586 797 671 877; x_wconf 83' lang='lat' dir='ltr'>puta,</span> <span class='ocrx_word' id='word_1_41' title='bbox 689 793 805 856; x_wconf 83' lang='lat' dir='ltr'>Titium</span> <span class='ocrx_word' id='word_1_42' title='bbox 823 811 895 856; x_wconf 90' lang='lat' dir='ltr'>esse</span> <span class='ocrx_word' id='word_1_43' title='bbox 911 791 1057 861; x_wconf 83' lang='lat' dir='ltr'>criminIs</span> <span class='ocrx_word' id='word_1_44' title='bbox 1071 794 1236 855; x_wconf 77' lang='lat' dir='ltr'>auctorem</span> <span class='ocrx_word' id='word_1_45' title='bbox 1253 795 1310 854; x_wconf 90' lang='lat' dir='ltr'>aut</span> 
     </span>
     <span class='ocr_line' id='line_1_6' title="bbox 110 914 1310 1002; baseline 0 -22"><span class='ocrx_word' id='word_1_46' title='bbox 110 917 244 982; x_wconf 86' lang='lat' dir='ltr'>saltem</span> <span class='ocrx_word' id='word_1_47' title='bbox 282 918 396 1002; x_wconf 83' lang='lat' dir='ltr'>gravia</span> <span class='ocrx_word' id='word_1_48' title='bbox 427 916 544 982; x_wconf 87' lang='lat' dir='ltr'>indicia</span> <span class='ocrx_word' id='word_1_49' title='bbox 575 937 646 982; x_wconf 91' lang='lat' dir='ltr'>eum</span> <span class='ocrx_word' id='word_1_50' title='bbox 678 934 853 989; x_wconf 86' lang='lat' dir='ltr'>accusare,</span> <span class='ocrx_word' id='word_1_51' title='bbox 885 914 940 980; x_wconf 89' lang='lat' dir='ltr'>bic</span> <span class='ocrx_word' id='word_1_52' title='bbox 975 920 1199 1000; x_wconf 89' lang='lat' dir='ltr'>praesumptus</span> <span class='ocrx_word' id='word_1_53' title='bbox 1234 936 1310 981; x_wconf 92' lang='lat' dir='ltr'>rens</span> 
     </span>
     <span class='ocr_line' id='line_1_7' title="bbox 112 1040 1311 1128; baseline 0.003 -24"><span class='ocrx_word' id='word_1_54' title='bbox 112 1043 295 1108; x_wconf 84' lang='lat' dir='ltr'>vocandus</span> <span class='ocrx_word' id='word_1_55' title='bbox 318 1049 367 1108; x_wconf 87' lang='lat' dir='ltr'>est</span> <span class='ocrx_word' id='word_1_56' title='bbox 389 1043 429 1106; x_wconf 89' lang='lat' dir='ltr'>ad</span> <span class='ocrx_word' id='word_1_57' title='bbox 453 1061 601 1108; x_wconf 79' lang='lat' dir='ltr'>examen.</span> <span class='ocrx_word' id='word_1_58' title='bbox 620 1076 637 1090; x_wconf 93' lang='lat'>-</span> <span class='ocrx_word' id='word_1_59' title='bbox 656 1041 780 1106; x_wconf 90' lang='lat' dir='ltr'>Verum</span> <span class='ocrx_word' id='word_1_60' title='bbox 805 1040 1055 1126; x_wconf 89' lang='lat' dir='ltr'>prudentissime</span> <span class='ocrx_word' id='word_1_61' title='bbox 1077 1042 1236 1128; x_wconf 88' lang='lat' dir='ltr'>agendum</span> <span class='ocrx_word' id='word_1_62' title='bbox 1260 1047 1311 1108; x_wconf 85' lang='lat' dir='ltr'>est</span> 
     </span>
     <span class='ocr_line' id='line_1_8' title="bbox 112 1167 1310 1253; baseline 0.002 -21"><span class='ocrx_word' id='word_1_63' title='bbox 112 1188 162 1234; x_wconf 89' lang='lat' dir='ltr'>ne</span> <span class='ocrx_word' id='word_1_64' title='bbox 180 1187 248 1253; x_wconf 89' lang='lat' dir='ltr'>per</span> <span class='ocrx_word' id='word_1_65' title='bbox 263 1169 350 1234; x_wconf 88' lang='lat' dir='ltr'>hanc</span> <span class='ocrx_word' id='word_1_66' title='bbox 365 1169 549 1234; x_wconf 85' lang='lat' dir='ltr'>citationem</span> <span class='ocrx_word' id='word_1_67' title='bbox 566 1169 694 1233; x_wconf 89' lang='lat' dir='ltr'>incaute</span> <span class='ocrx_word' id='word_1_68' title='bbox 710 1172 743 1231; x_wconf 89' lang='lat' dir='ltr'>et</span> <span class='ocrx_word' id='word_1_69' title='bbox 758 1168 876 1232; x_wconf 88' lang='lat' dir='ltr'>iniuste</span> <span class='ocrx_word' id='word_1_70' title='bbox 892 1173 1049 1252; x_wconf 76' lang='lat' dir='ltr'>gravetur</span> <span class='ocrx_word' id='word_1_71' title='bbox 1063 1167 1150 1232; x_wconf 85' lang='lat' dir='ltr'>fama</span> <span class='ocrx_word' id='word_1_72' title='bbox 1169 1167 1310 1252; x_wconf 85' lang='lat' dir='ltr'>inquisiti</span> 
     </span>
     <span class='ocr_line' id='line_1_9' title="bbox 113 1291 1309 1380; baseline 0 -22"><span class='ocrx_word' id='word_1_73' title='bbox 113 1299 152 1360; x_wconf 87' lang='lat' dir='ltr'>et</span> <span class='ocrx_word' id='word_1_74' title='bbox 166 1313 213 1358; x_wconf 91' lang='lat' dir='ltr'>ne</span> <span class='ocrx_word' id='word_1_75' title='bbox 226 1295 376 1359; x_wconf 82' lang='lat' dir='ltr'>veritatis</span> <span class='ocrx_word' id='word_1_76' title='bbox 390 1293 551 1380; x_wconf 79' lang='lat' dir='ltr'>indagatio</span> <span class='ocrx_word' id='word_1_77' title='bbox 564 1313 584 1358; x_wconf 95' lang='lat' dir='ltr'>a</span> <span class='ocrx_word' id='word_1_78' title='bbox 596 1297 686 1358; x_wconf 87' lang='lat' dir='ltr'>recto</span> <span class='ocrx_word' id='word_1_79' title='bbox 697 1298 731 1360; x_wconf 89' lang='lat' dir='ltr'>et</span> <span class='ocrx_word' id='word_1_80' title='bbox 743 1293 879 1358; x_wconf 85' lang='lat' dir='ltr'>faciliori</span> <span class='ocrx_word' id='word_1_81' title='bbox 892 1294 1021 1358; x_wconf 88' lang='lat' dir='ltr'>tramite</span> <span class='ocrx_word' id='word_1_82' title='bbox 1034 1291 1192 1358; x_wconf 88' lang='lat' dir='ltr'>deflectet.</span> <span class='ocrx_word' id='word_1_83' title='bbox 1204 1293 1309 1358; x_wconf 83' lang='lat' dir='ltr'>Etiam</span> 
     </span>
     <span class='ocr_line' id='line_1_10' title="bbox 113 1387 1309 1502; baseline -0.002 -21"><span class='ocrx_word' id='word_1_84' title='bbox 113 1416 161 1481; x_wconf 89' lang='lat' dir='ltr'>ad</span> <span class='ocrx_word' id='word_1_85' title='bbox 179 1417 249 1481; x_wconf 89' lang='lat' dir='ltr'>hoc</span> <span class='ocrx_word' id='word_1_86' title='bbox 263 1387 389 1500; x_wconf 78' lang='lat' dir='ltr'>aliquas</span> <span class='ocrx_word' id='word_1_87' title='bbox 405 1423 588 1482; x_wconf 86' lang='lat' dir='ltr'>mutuamur</span> <span class='ocrx_word' id='word_1_88' title='bbox 607 1437 737 1482; x_wconf 85' lang='lat' dir='ltr'>normas</span> <span class='ocrx_word' id='word_1_89' title='bbox 753 1437 773 1482; x_wconf 86' lang='lat' dir='ltr'>a</span> <span class='ocrx_word' id='word_1_90' title='bbox 788 1417 842 1481; x_wconf 90' lang='lat' dir='ltr'>cit.</span> <span class='ocrx_word' id='word_1_91' title='bbox 860 1416 930 1482; x_wconf 91' lang='lat' dir='ltr'>cod.</span> <span class='ocrx_word' id='word_1_92' title='bbox 944 1418 1042 1502; x_wconf 88' lang='lat' dir='ltr'>Greg.</span> <span class='ocrx_word' id='word_1_93' title='bbox 1058 1417 1123 1482; x_wconf 91' lang='lat' dir='ltr'>-In</span> <span class='ocrx_word' id='word_1_94' title='bbox 1141 1417 1253 1501; x_wconf 87' lang='lat' dir='ltr'>primis</span> <span class='ocrx_word' id='word_1_95' title='bbox 1269 1416 1309 1480; x_wconf 90' lang='lat' dir='ltr'>de</span> 
     </span>
     <span class='ocr_line' id='line_1_11' title="bbox 113 1541 1308 1627; baseline 0.001 -22"><span class='ocrx_word' id='word_1_96' title='bbox 113 1542 291 1608; x_wconf 72' lang='lat' dir='ltr'>erramina</span> <span class='ocrx_word' id='word_1_97' title='bbox 307 1543 449 1614; x_wconf 84' lang='lat' dir='ltr'>testium,</span> <span class='ocrx_word' id='word_1_98' title='bbox 466 1547 577 1627; x_wconf 85' lang='lat' dir='ltr'>postea</span> <span class='ocrx_word' id='word_1_99' title='bbox 592 1541 632 1607; x_wconf 91' lang='lat' dir='ltr'>de</span> <span class='ocrx_word' id='word_1_100' title='bbox 648 1543 696 1606; x_wconf 91' lang='lat' dir='ltr'>rei</span> <span class='ocrx_word' id='word_1_101' title='bbox 713 1543 864 1607; x_wconf 83' lang='lat' dir='ltr'>examIne</span> <span class='ocrx_word' id='word_1_102' title='bbox 880 1561 937 1607; x_wconf 89' lang='lat' dir='ltr'>sen</span> <span class='ocrx_word' id='word_1_103' title='bbox 953 1543 1131 1609; x_wconf 82' lang='lat' dir='ltr'>constituto</span> <span class='ocrx_word' id='word_1_104' title='bbox 1154 1542 1308 1627; x_wconf 87' lang='lat' dir='ltr'>inquisiti.</span> 
     </span>
    </p>
   </div>
   <div class='ocr_carea' id='block_1_3' title="bbox 466 1808 970 1892">
    <p class='ocr_par' dir='ltr' id='par_1_3' title="bbox 466 1808 970 1892">
     <span class='ocr_line' id='line_1_12' title="bbox 466 1808 970 1892; baseline -0.006 -18"><span class='ocrx_word' id='word_1_105' title='bbox 466 1810 489 1892; x_wconf 70' lang='grc' dir='ltr'><strong>ἓ</strong></span> <span class='ocrx_word' id='word_1_106' title='bbox 515 1809 543 1874; x_wconf 95' lang='grc'>1.</span> <span class='ocrx_word' id='word_1_107' title='bbox 568 1808 618 1876; x_wconf 90' lang='lat' dir='ltr'>De</span> <span class='ocrx_word' id='word_1_108' title='bbox 641 1808 802 1875; x_wconf 72' lang='lat' dir='ltr'>examine</span> <span class='ocrx_word' id='word_1_109' title='bbox 826 1809 970 1874; x_wconf 80' lang='lat' dir='ltr'>testium.</span> 
     </span>
    </p>
   </div>
   <div class='ocr_carea' id='block_1_4' title="bbox 116 2021 1397 2092">
    <p class='ocr_par' dir='ltr' id='par_1_4' title="bbox 116 2021 1397 2092">
     <span class='ocr_line' id='line_1_13' title="bbox 116 2021 1397 2092; baseline 0.002 -16"><span class='ocrx_word' id='word_1_110' title='bbox 116 2021 405 2078; x_wconf 73' lang='lat' dir='ltr'>summarium-</span> <span class='ocrx_word' id='word_1_111' title='bbox 430 2021 490 2076; x_wconf 87' lang='lat'>306.</span> <span class='ocrx_word' id='word_1_112' title='bbox 521 2022 645 2092; x_wconf 82' lang='lat' dir='ltr'>Regulae</span> <span class='ocrx_word' id='word_1_113' title='bbox 670 2039 831 2077; x_wconf 85' lang='lat' dir='ltr'>communes</span> <span class='ocrx_word' id='word_1_114' title='bbox 856 2039 907 2092; x_wconf 88' lang='lat' dir='ltr'>pro</span> <span class='ocrx_word' id='word_1_115' title='bbox 932 2023 1108 2077; x_wconf 83' lang='lat' dir='ltr'>examinibus</span> <span class='ocrx_word' id='word_1_116' title='bbox 1131 2022 1255 2078; x_wconf 76' lang='lat' dir='ltr'>testium.</span> <span class='ocrx_word' id='word_1_117' title='bbox 1274 2051 1310 2066; x_wconf 89' lang='lat'><em>-</em></span> <span class='ocrx_word' id='word_1_118' title='bbox 1393 2051 1397 2056; x_wconf 88' lang='lat'><em>·</em></span> 
     </span>
    </p>
   </div>
   <div class='ocr_carea' id='block_1_5' title="bbox 217 2129 1311 2307">
    <p class='ocr_par' dir='ltr' id='par_1_5' title="bbox 217 2129 1311 2307">
     <span class='ocr_line' id='line_1_14' title="bbox 217 2129 1311 2202; baseline 0.004 -20"><span class='ocrx_word' id='word_1_119' title='bbox 217 2129 281 2182; x_wconf 83' lang='lat'>307.</span> <span class='ocrx_word' id='word_1_120' title='bbox 302 2130 340 2184; x_wconf 89' lang='lat' dir='ltr'>De</span> <span class='ocrx_word' id='word_1_121' title='bbox 359 2130 441 2184; x_wconf 89' lang='lat' dir='ltr'>modo</span> <span class='ocrx_word' id='word_1_122' title='bbox 459 2129 563 2184; x_wconf 89' lang='lat' dir='ltr'>citandi</span> <span class='ocrx_word' id='word_1_123' title='bbox 585 2135 671 2184; x_wconf 87' lang='lat' dir='ltr'>testes</span> <span class='ocrx_word' id='word_1_124' title='bbox 689 2130 724 2184; x_wconf 87' lang='lat' dir='ltr'>ed</span> <span class='ocrx_word' id='word_1_125' title='bbox 742 2146 870 2187; x_wconf 84' lang='lat' dir='ltr'>examen.</span> <span class='ocrx_word' id='word_1_126' title='bbox 883 2159 918 2172; x_wconf 94' lang='lat'><em>-</em></span> <span class='ocrx_word' id='word_1_127' title='bbox 931 2129 992 2182; x_wconf 85' lang='lat'>308.</span> <span class='ocrx_word' id='word_1_128' title='bbox 1013 2129 1052 2184; x_wconf 89' lang='lat' dir='ltr'>De</span> <span class='ocrx_word' id='word_1_129' title='bbox 1071 2147 1136 2184; x_wconf 85' lang='lat' dir='ltr'>casu</span> <span class='ocrx_word' id='word_1_130' title='bbox 1155 2147 1211 2202; x_wconf 92' lang='lat' dir='ltr'>qno</span> <span class='ocrx_word' id='word_1_131' title='bbox 1228 2133 1311 2186; x_wconf 87' lang='lat' dir='ltr'>testis</span> 
     </span>
     <span class='ocr_line' id='line_1_15' title="bbox 217 2234 1311 2307; baseline 0.003 -19"><span class='ocrx_word' id='word_1_132' title='bbox 217 2239 269 2290; x_wconf 86' lang='lat' dir='ltr'>aut</span> <span class='ocrx_word' id='word_1_133' title='bbox 289 2234 427 2290; x_wconf 83' lang='lat' dir='ltr'>uolitant</span> <span class='ocrx_word' id='word_1_134' title='bbox 446 2253 501 2290; x_wconf 89' lang='lat' dir='ltr'>non</span> <span class='ocrx_word' id='word_1_135' title='bbox 520 2235 607 2306; x_wconf 83' lang='lat' dir='ltr'>possit</span> <span class='ocrx_word' id='word_1_136' title='bbox 625 2237 721 2291; x_wconf 86' lang='lat' dir='ltr'>venire</span> <span class='ocrx_word' id='word_1_137' title='bbox 740 2235 774 2290; x_wconf 92' lang='lat' dir='ltr'>ad</span> <span class='ocrx_word' id='word_1_138' title='bbox 793 2253 919 2292; x_wconf 85' lang='lat' dir='ltr'>examen.</span> <span class='ocrx_word' id='word_1_139' title='bbox 933 2265 966 2277; x_wconf 95' lang='lat'><em>-</em></span> <span class='ocrx_word' id='word_1_140' title='bbox 979 2235 1041 2290; x_wconf 79' lang='lat'>309.</span> <span class='ocrx_word' id='word_1_141' title='bbox 1057 2237 1097 2291; x_wconf 84' lang='lat' dir='ltr'>De</span> <span class='ocrx_word' id='word_1_142' title='bbox 1114 2238 1197 2291; x_wconf 90' lang='lat' dir='ltr'>modo</span> <span class='ocrx_word' id='word_1_143' title='bbox 1211 2254 1311 2307; x_wconf 87' lang='lat' dir='ltr'>propo-</span> 
     </span>
    </p>
   </div>
   <div class='ocr_carea' id='block_1_6' title="bbox 218 2345 1310 2526">
    <p class='ocr_par' dir='ltr' id='par_1_6' title="bbox 218 2345 1310 2526">
     <span class='ocr_line' id='line_1_16' title="bbox 218 2345 1310 2416; baseline 0.004 -18"><span class='ocrx_word' id='word_1_144' title='bbox 218 2345 302 2400; x_wconf 90' lang='lat' dir='ltr'>nendi</span> <span class='ocrx_word' id='word_1_145' title='bbox 316 2345 542 2416; x_wconf 77' lang='lat' dir='ltr'>interrogatoria.</span> <span class='ocrx_word' id='word_1_146' title='bbox 552 2375 586 2388; x_wconf 92' lang='lat'><em>-</em></span> <span class='ocrx_word' id='word_1_147' title='bbox 596 2345 657 2400; x_wconf 86' lang='grc'><strong>310.</strong></span> <span class='ocrx_word' id='word_1_148' title='bbox 673 2345 711 2402; x_wconf 84' lang='lat' dir='ltr'>De</span> <span class='ocrx_word' id='word_1_149' title='bbox 724 2351 796 2400; x_wconf 88' lang='lat' dir='ltr'>teste</span> <span class='ocrx_word' id='word_1_150' title='bbox 809 2347 933 2416; x_wconf 86' lang='lat' dir='ltr'>periurio</span> <span class='ocrx_word' id='word_1_151' title='bbox 945 2352 995 2402; x_wconf 83' lang='lat' dir='ltr'>aui</span> <span class='ocrx_word' id='word_1_152' title='bbox 1006 2351 1143 2416; x_wconf 85' lang='lat' dir='ltr'>suspecto.</span> <span class='ocrx_word' id='word_1_153' title='bbox 1153 2375 1189 2389; x_wconf 91' lang='lat'><em>-</em></span> <span class='ocrx_word' id='word_1_154' title='bbox 1198 2345 1259 2401; x_wconf 86' lang='grc'><strong>311.</strong></span> <span class='ocrx_word' id='word_1_155' title='bbox 1271 2347 1310 2402; x_wconf 86' lang='lat' dir='ltr'>De</span> 
     </span>
     <span class='ocr_line' id='line_1_17' title="bbox 218 2453 874 2526; baseline -0.003 -18"><span class='ocrx_word' id='word_1_156' title='bbox 218 2453 458 2524; x_wconf 81' lang='lat' dir='ltr'>recognitionibus</span> <span class='ocrx_word' id='word_1_157' title='bbox 477 2455 603 2510; x_wconf 82' lang='lat' dir='ltr'>realibus</span> <span class='ocrx_word' id='word_1_158' title='bbox 621 2459 651 2510; x_wconf 88' lang='lat' dir='ltr'>et</span> <span class='ocrx_word' id='word_1_159' title='bbox 665 2455 874 2526; x_wconf 83' lang='lat' dir='ltr'>personalibus.</span> 
     </span>
    </p>
   </div>
   <div class='ocr_carea' id='block_1_7' title="bbox 117 2668 1308 3385">
    <p class='ocr_par' dir='ltr' id='par_1_7' title="bbox 117 2668 1308 3385">
     <span class='ocr_line' id='line_1_18' title="bbox 218 2668 1308 2758; baseline 0.005 -25"><span class='ocrx_word' id='word_1_160' title='bbox 218 2668 295 2733; x_wconf 89' lang='lat'>306.</span> <span class='ocrx_word' id='word_1_161' title='bbox 313 2672 385 2734; x_wconf 86' lang='lat' dir='ltr'>Art.</span> <span class='ocrx_word' id='word_1_162' title='bbox 403 2670 502 2735; x_wconf 86' lang='lat' dir='ltr'>XVII</span> <span class='ocrx_word' id='word_1_163' title='bbox 529 2672 619 2751; x_wconf 82' lang='lat' dir='ltr'>inst,</span> <span class='ocrx_word' id='word_1_164' title='bbox 636 2672 668 2735; x_wconf 86' lang='lat' dir='ltr'>iu</span> <span class='ocrx_word' id='word_1_165' title='bbox 692 2673 901 2757; x_wconf 87' lang='lat' dir='ltr'>propositum.</span> <span class='ocrx_word' id='word_1_166' title='bbox 918 2672 1005 2737; x_wconf 86' lang='lat' dir='ltr'>hanc</span> <span class='ocrx_word' id='word_1_167' title='bbox 1028 2671 1128 2737; x_wconf 85' lang='lat' dir='ltr'>dictat-</span> <span class='ocrx_word' id='word_1_168' title='bbox 1143 2673 1308 2758; x_wconf 85' lang='lat' dir='ltr'>regulam:</span> 
     </span>
     <span class='ocr_line' id='line_1_19' title="bbox 120 2795 1307 2881; baseline 0.004 -23"><span class='ocrx_word' id='word_1_169' title='bbox 120 2814 141 2857; x_wconf 90' lang='lat'><strong>‹</strong></span> <span class='ocrx_word' id='word_1_170' title='bbox 158 2795 346 2869; x_wconf 82' lang='lat' dir='ltr'>Personae,</span> <span class='ocrx_word' id='word_1_171' title='bbox 360 2814 447 2879; x_wconf 83' lang='lat' dir='ltr'>qaas</span> <span class='ocrx_word' id='word_1_172' title='bbox 462 2797 665 2863; x_wconf 68' lang='lat' dir='ltr'>emancipare</span> <span class='ocrx_word' id='word_1_173' title='bbox 678 2798 849 2881; x_wconf 74' lang='lat' dir='ltr'>expediat,</span> <span class='ocrx_word' id='word_1_174' title='bbox 861 2816 996 2879; x_wconf 84' lang='lat' dir='ltr'>semper</span> <span class='ocrx_word' id='word_1_175' title='bbox 1012 2798 1203 2864; x_wconf 84' lang='lat' dir='ltr'>audiantur</span> <span class='ocrx_word' id='word_1_176' title='bbox 1214 2817 1307 2881; x_wconf 82' lang='lat' dir='ltr'>sepa·</span> 
     </span>
     <span class='ocr_line' id='line_1_20' title="bbox 117 2921 1307 3009; baseline 0.005 -24"><span class='ocrx_word' id='word_1_177' title='bbox 117 2922 233 2986; x_wconf 81' lang='lat' dir='ltr'>ratim</span> <span class='ocrx_word' id='word_1_178' title='bbox 249 2943 280 2984; x_wconf 83' lang='lat'>».</span> <span class='ocrx_word' id='word_1_179' title='bbox 299 2921 341 2987; x_wconf 86' lang='lat' dir='ltr'>Et</span> <span class='ocrx_word' id='word_1_180' title='bbox 363 2942 429 3005; x_wconf 90' lang='lat' dir='ltr'>seq.</span> <span class='ocrx_word' id='word_1_181' title='bbox 454 2927 514 3009; x_wconf 87' lang='lat' dir='ltr'>art.</span> <span class='ocrx_word' id='word_1_182' title='bbox 536 2923 654 2989; x_wconf 87' lang='lat' dir='ltr'>XVIII</span> <span class='ocrx_word' id='word_1_183' title='bbox 678 2924 806 2988; x_wconf 87' lang='lat' dir='ltr'>statuit:</span> <span class='ocrx_word' id='word_1_184' title='bbox 831 2945 850 2984; x_wconf 88' lang='lat'><strong>‹</strong></span> <span class='ocrx_word' id='word_1_185' title='bbox 872 2922 984 2988; x_wconf 81' lang='lat' dir='ltr'>Testes</span> <span class='ocrx_word' id='word_1_186' title='bbox 1006 2923 1054 2987; x_wconf 85' lang='lat' dir='ltr'>ad</span> <span class='ocrx_word' id='word_1_187' title='bbox 1069 2922 1307 3005; x_wconf 72' lang='lat' dir='ltr'>probationem</span> 
     </span>
     <span class='ocr_line' id='line_1_21' title="bbox 120 3043 1307 3134; baseline 0.002 -26"><span class='ocrx_word' id='word_1_188' title='bbox 120 3050 186 3109; x_wconf 84' lang='lat' dir='ltr'>aut</span> <span class='ocrx_word' id='word_1_189' title='bbox 210 3044 258 3109; x_wconf 85' lang='lat' dir='ltr'>ad</span> <span class='ocrx_word' id='word_1_190' title='bbox 281 3043 511 3126; x_wconf 72' lang='lat' dir='ltr'>defensionem</span> <span class='ocrx_word' id='word_1_191' title='bbox 535 3046 680 3127; x_wconf 77' lang='lat' dir='ltr'>deducti,</span> <span class='ocrx_word' id='word_1_192' title='bbox 698 3047 830 3130; x_wconf 83' lang='lat' dir='ltr'>quoties</span> <span class='ocrx_word' id='word_1_193' title='bbox 851 3046 977 3133; x_wconf 81' lang='lat' dir='ltr'>quaiia</span> <span class='ocrx_word' id='word_1_194' title='bbox 996 3046 1241 3130; x_wconf 85' lang='lat' dir='ltr'>impedimenta</span> <span class='ocrx_word' id='word_1_195' title='bbox 1260 3047 1307 3134; x_wconf 82' lang='lat' dir='ltr'>(l)</span> 
     </span>
     <span class='ocr_line' id='line_1_22' title="bbox 122 3168 1308 3256; baseline 0 -21"><span class='ocrx_word' id='word_1_196' title='bbox 122 3170 223 3235; x_wconf 81' lang='lat' dir='ltr'>baud</span> <span class='ocrx_word' id='word_1_197' title='bbox 254 3169 424 3253; x_wconf 69' lang='lat' dir='ltr'>obsistam,</span> <span class='ocrx_word' id='word_1_198' title='bbox 448 3171 511 3238; x_wconf 80' lang='lat' dir='ltr'>sab</span> <span class='ocrx_word' id='word_1_199' title='bbox 534 3172 727 3238; x_wconf 83' lang='lat' dir='ltr'>iuramento</span> <span class='ocrx_word' id='word_1_200' title='bbox 751 3172 917 3239; x_wconf 83' lang='lat' dir='ltr'>audiendi</span> <span class='ocrx_word' id='word_1_201' title='bbox 939 3168 1028 3253; x_wconf 76' lang='lat' dir='ltr'>caiti,</span> <span class='ocrx_word' id='word_1_202' title='bbox 1053 3173 1146 3256; x_wconf 87' lang='lat' dir='ltr'>qaod</span> <span class='ocrx_word' id='word_1_203' title='bbox 1168 3172 1308 3238; x_wconf 74' lang='lat' dir='ltr'>extendi</span> 
     </span>
     <span class='ocr_line' id='line_1_23' title="bbox 120 3296 1002 3385; baseline 0 -24"><span class='ocrx_word' id='word_1_204' title='bbox 120 3302 244 3379; x_wconf 83' lang='lat' dir='ltr'>potest,</span> <span class='ocrx_word' id='word_1_205' title='bbox 269 3296 299 3363; x_wconf 81' lang='lat' dir='ltr'>si</span> <span class='ocrx_word' id='word_1_206' title='bbox 321 3316 407 3380; x_wconf 84' lang='lat' dir='ltr'>opas</span> <span class='ocrx_word' id='word_1_207' title='bbox 429 3299 480 3379; x_wconf 80' lang='lat' dir='ltr'>sit,</span> <span class='ocrx_word' id='word_1_208' title='bbox 504 3298 552 3363; x_wconf 86' lang='lat' dir='ltr'>ad</span> <span class='ocrx_word' id='word_1_209' title='bbox 574 3298 813 3385; x_wconf 75' lang='lat' dir='ltr'>obligationem</span> <span class='ocrx_word' id='word_1_210' title='bbox 836 3299 955 3364; x_wconf 84' lang='lat' dir='ltr'>secreti</span> <span class='ocrx_word' id='word_1_211' title='bbox 973 3319 1002 3361; x_wconf 81' lang='lat'>›.</span> 
     </span>
    </p>
   </div>
   <div class='ocr_carea' id='block_1_8' title="bbox 220 3386 1305 3508">
    <p class='ocr_par' dir='ltr' id='par_1_8' title="bbox 220 3386 1305 3508">
     <span class='ocr_line' id='line_1_24' title="bbox 220 3386 1305 3508; baseline 0.002 -22"><span class='ocrx_word' id='word_1_212' title='bbox 220 3422 252 3507; x_wconf 85' lang='lat' dir='ltr'>I)</span> <span class='ocrx_word' id='word_1_213' title='bbox 276 3422 386 3497; x_wconf 84' lang='lat' dir='ltr'>Quoad</span> <span class='ocrx_word' id='word_1_214' title='bbox 411 3426 547 3508; x_wconf 85' lang='lat' dir='ltr'>primam</span> <span class='ocrx_word' id='word_1_215' title='bbox 572 3424 717 3508; x_wconf 88' lang='lat' dir='ltr'>regulam</span> <span class='ocrx_word' id='word_1_216' title='bbox 741 3428 802 3488; x_wconf 87' lang='lat' dir='ltr'>art.</span> <span class='ocrx_word' id='word_1_217' title='bbox 828 3425 929 3490; x_wconf 89' lang='lat' dir='ltr'>XVII</span> <span class='ocrx_word' id='word_1_218' title='bbox 955 3386 1120 3489; x_wconf 83' lang='lat' dir='ltr'>recolatur</span> <span class='ocrx_word' id='word_1_219' title='bbox 1142 3430 1204 3488; x_wconf 77' lang='lat' dir='ltr'>am..</span> <span class='ocrx_word' id='word_1_220' title='bbox 1229 3424 1305 3495; x_wconf 85' lang='lat' dir='ltr'>XII.</span> 
     </span>
    </p>
   </div>
   <div class='ocr_carea' id='block_1_9' title="bbox 117 3548 1307 4135">
    <p class='ocr_par' dir='ltr' id='par_1_9' title="bbox 117 3548 1307 4135">
     <span class='ocr_line' id='line_1_25' title="bbox 124 3548 1307 3633; baseline 0.003 -22"><span class='ocrx_word' id='word_1_221' title='bbox 124 3568 244 3632; x_wconf 89' lang='lat' dir='ltr'>nempe</span> <span class='ocrx_word' id='word_1_222' title='bbox 272 3568 442 3633; x_wconf 85' lang='lat' dir='ltr'>processus</span> <span class='ocrx_word' id='word_1_223' title='bbox 469 3549 704 3614; x_wconf 84' lang='lat' dir='ltr'>coniectionem</span> <span class='ocrx_word' id='word_1_224' title='bbox 729 3548 799 3613; x_wconf 88' lang='lat' dir='ltr'>fleri</span> <span class='ocrx_word' id='word_1_225' title='bbox 827 3569 848 3613; x_wconf 88' lang='lat' dir='ltr'>a</span> <span class='ocrx_word' id='word_1_226' title='bbox 873 3550 985 3615; x_wconf 84' lang='lat' dir='ltr'>indice</span> <span class='ocrx_word' id='word_1_227' title='bbox 1007 3550 1220 3629; x_wconf 76' lang='lat' dir='ltr'>instructore,</span> <span class='ocrx_word' id='word_1_228' title='bbox 1244 3550 1307 3614; x_wconf 86' lang='lat' dir='ltr'>ad·</span> 
     </span>
     <span class='ocr_line' id='line_1_26' title="bbox 122 3674 1306 3758; baseline 0.002 -21"><span class='ocrx_word' id='word_1_229' title='bbox 122 3680 237 3739; x_wconf 86' lang='lat' dir='ltr'>stante</span> <span class='ocrx_word' id='word_1_230' title='bbox 267 3675 432 3741; x_wconf 68' lang='lat' dir='ltr'>octenario.</span> <span class='ocrx_word' id='word_1_231' title='bbox 465 3674 627 3758; x_wconf 87' lang='lat' dir='ltr'>Siquidem</span> <span class='ocrx_word' id='word_1_232' title='bbox 659 3674 775 3739; x_wconf 90' lang='lat' dir='ltr'>nedum</span> <span class='ocrx_word' id='word_1_233' title='bbox 807 3677 942 3739; x_wconf 87' lang='lat' dir='ltr'>seorsim</span> <span class='ocrx_word' id='word_1_234' title='bbox 971 3680 1070 3740; x_wconf 89' lang='lat' dir='ltr'>testes</span> <span class='ocrx_word' id='word_1_235' title='bbox 1099 3674 1306 3740; x_wconf 85' lang='lat' dir='ltr'>examinandi</span> 
     </span>
     <span class='ocr_line' id='line_1_27' title="bbox 122 3796 1307 3883; baseline -0.002 -21"><span class='ocrx_word' id='word_1_236' title='bbox 122 3802 211 3877; x_wconf 88' lang='lat' dir='ltr'>sunt,</span> <span class='ocrx_word' id='word_1_237' title='bbox 228 3796 284 3861; x_wconf 89' lang='lat' dir='ltr'>sed</span> <span class='ocrx_word' id='word_1_238' title='bbox 307 3798 435 3863; x_wconf 88' lang='lat' dir='ltr'>testium</span> <span class='ocrx_word' id='word_1_239' title='bbox 460 3798 600 3863; x_wconf 85' lang='lat' dir='ltr'>examini</span> <span class='ocrx_word' id='word_1_240' title='bbox 620 3798 814 3879; x_wconf 83' lang='lat' dir='ltr'>inquisitiva</span> <span class='ocrx_word' id='word_1_241' title='bbox 838 3818 895 3863; x_wconf 90' lang='lat' dir='ltr'>seu</span> <span class='ocrx_word' id='word_1_242' title='bbox 919 3802 1056 3883; x_wconf 85' lang='lat' dir='ltr'>excepto</span> <span class='ocrx_word' id='word_1_243' title='bbox 1079 3818 1139 3882; x_wconf 91' lang='lat' dir='ltr'>pro</span> <span class='ocrx_word' id='word_1_244' title='bbox 1155 3796 1307 3862; x_wconf 86' lang='lat' dir='ltr'>Informa-</span> 
     </span>
     <span class='ocr_line' id='line_1_28' title="bbox 121 3921 1305 4007; baseline 0.001 -20"><span class='ocrx_word' id='word_1_245' title='bbox 121 3924 213 3987; x_wconf 85' lang='lat' dir='ltr'>tione</span> <span class='ocrx_word' id='word_1_246' title='bbox 236 3924 347 3988; x_wconf 88' lang='lat' dir='ltr'>curiae</span> <span class='ocrx_word' id='word_1_247' title='bbox 370 3923 483 3989; x_wconf 85' lang='lat' dir='ltr'>adesse</span> <span class='ocrx_word' id='word_1_248' title='bbox 508 3944 572 3988; x_wconf 91' lang='lat' dir='ltr'>non</span> <span class='ocrx_word' id='word_1_249' title='bbox 595 3922 713 3989; x_wconf 88' lang='lat' dir='ltr'>debent</span> <span class='ocrx_word' id='word_1_250' title='bbox 740 3943 843 4007; x_wconf 90' lang='lat' dir='ltr'>neque</span> <span class='ocrx_word' id='word_1_251' title='bbox 870 3929 1036 4007; x_wconf 85' lang='lat' dir='ltr'>promotor</span> <span class='ocrx_word' id='word_1_252' title='bbox 1059 3921 1178 3988; x_wconf 83' lang='lat' dir='ltr'>fiscalis</span> <span class='ocrx_word' id='word_1_253' title='bbox 1201 3943 1305 4006; x_wconf 87' lang='lat' dir='ltr'>neque</span> 
     </span>
     <span class='ocr_line' id='line_1_29' title="bbox 117 4048 1305 4135; baseline 0.002 -22"><span class='ocrx_word' id='word_1_254' title='bbox 117 4070 202 4114; x_wconf 87' lang='lat' dir='ltr'>rens</span> <span class='ocrx_word' id='word_1_255' title='bbox 226 4055 283 4114; x_wconf 88' lang='lat' dir='ltr'>aut</span> <span class='ocrx_word' id='word_1_256' title='bbox 306 4051 375 4114; x_wconf 89' lang='lat' dir='ltr'>eius</span> <span class='ocrx_word' id='word_1_257' title='bbox 397 4049 560 4115; x_wconf 86' lang='lat' dir='ltr'>defensor.</span> <span class='ocrx_word' id='word_1_258' title='bbox 586 4049 755 4133; x_wconf 83' lang='lat' dir='ltr'>Equidem,</span> <span class='ocrx_word' id='word_1_259' title='bbox 781 4051 814 4113; x_wconf 89' lang='lat' dir='ltr'>in</span> <span class='ocrx_word' id='word_1_260' title='bbox 838 4068 976 4135; x_wconf 80' lang='lat' dir='ltr'>genere,</span> <span class='ocrx_word' id='word_1_261' title='bbox 1001 4069 1072 4115; x_wconf 91' lang='lat' dir='ltr'>non</span> <span class='ocrx_word' id='word_1_262' title='bbox 1096 4050 1171 4115; x_wconf 87' lang='lat' dir='ltr'>licet</span> <span class='ocrx_word' id='word_1_263' title='bbox 1196 4048 1305 4115; x_wconf 85' lang='lat' dir='ltr'>actori</span> 
     </span>
    </p>
   </div>
   <div class='ocr_carea' id='block_1_10' title="bbox 120 4332 1303 4511">
    <p class='ocr_par' dir='ltr' id='par_1_10' title="bbox 120 4332 1303 4511">
     <span class='ocr_line' id='line_1_30' title="bbox 212 4332 1303 4403; baseline 0 -18"><span class='ocrx_word' id='word_1_264' title='bbox 212 4334 255 4403; x_wconf 92' lang='grc'>(1)</span> <span class='ocrx_word' id='word_1_265' title='bbox 275 4334 385 4388; x_wconf 83' lang='lat' dir='ltr'>Revera</span> <span class='ocrx_word' id='word_1_266' title='bbox 404 4334 546 4387; x_wconf 82' lang='lat' dir='ltr'>nonnullis</span> <span class='ocrx_word' id='word_1_267' title='bbox 565 4335 592 4387; x_wconf 88' lang='lat' dir='ltr'>in</span> <span class='ocrx_word' id='word_1_268' title='bbox 613 4334 682 4387; x_wconf 86' lang='lat' dir='ltr'>Iocis</span> <span class='ocrx_word' id='word_1_269' title='bbox 703 4333 781 4403; x_wconf 83' lang='lat' dir='ltr'>leges</span> <span class='ocrx_word' id='word_1_270' title='bbox 808 4334 905 4388; x_wconf 84' lang='lat' dir='ltr'>civiles</span> <span class='ocrx_word' id='word_1_271' title='bbox 924 4333 1088 4402; x_wconf 86' lang='lat' dir='ltr'>prohibent,</span> <span class='ocrx_word' id='word_1_272' title='bbox 1107 4332 1257 4402; x_wconf 87' lang='lat' dir='ltr'>quominus</span> <span class='ocrx_word' id='word_1_273' title='bbox 1275 4332 1303 4385; x_wconf 92' lang='lat' dir='ltr'>in</span> 
     </span>
     <span class='ocr_line' id='line_1_31' title="bbox 120 4441 959 4511; baseline -0.006 -14"><span class='ocrx_word' id='word_1_274' title='bbox 120 4443 209 4497; x_wconf 86' lang='lat' dir='ltr'>curiis</span> <span class='ocrx_word' id='word_1_275' title='bbox 228 4441 329 4495; x_wconf 86' lang='lat' dir='ltr'>eccles.</span> <span class='ocrx_word' id='word_1_276' title='bbox 351 4446 436 4495; x_wconf 84' lang='lat' dir='ltr'>testes</span> <span class='ocrx_word' id='word_1_277' title='bbox 454 4441 630 4511; x_wconf 85' lang='lat' dir='ltr'>excipIantur</span> <span class='ocrx_word' id='word_1_278' title='bbox 648 4442 807 4495; x_wconf 87' lang='lat' dir='ltr'>iuramento</span> <span class='ocrx_word' id='word_1_279' title='bbox 825 4442 959 4495; x_wconf 86' lang='lat' dir='ltr'>adstricti.</span> 
     </span>
    </p>
   </div>
   <div class='ocr_carea' id='block_1_11' title="bbox 0 0 1683 5100">
    <p class='ocr_par' dir='ltr' id='par_1_11' title="bbox 0 0 1683 5100">
     <span class='ocr_line' id='line_1_32' title="bbox 0 0 1683 5100; baseline 0 0"><span class='ocrx_word' id='word_1_280' title='bbox 0 0 1683 5100; x_wconf 95' lang='lat' dir='ltr'> </span> 
     </span>
    </p>
   </div>
  </div>
 </body>
</html>
