3350 5100
346 248 417 315 242
861 262 945 310 esne
969 262 1005 310 u.
1035 301 1039 310 .

345 390 387 456 ad
410 354 569 475 privatam
593 386 847 452 indemnitatem.
861 421 876 434 -
893 385 1035 462 Querela
1059 391 1109 452 est
1131 383 1289 467 simplem,
1306 387 1334 450 si
1352 385 1525 469 querelans

346 513 514 579 dumtaxat
528 512 653 578 crimen
668 509 765 575 iudici
781 510 967 576 denunciat
979 508 1188 575 iudicialiter
1203 508 1260 591 (cl.
1276 528 1375 593 supra
1390 529 1422 572 n.
1440 509 1523 593 llll,
1601 559 1604 565 .

345 658 386 702 ea
408 638 586 702 intentione
601 643 637 700 ut
660 655 703 700 ex
717 635 919 719 argumentis
942 634 1049 700 allatis
1065 639 1099 700 et
1120 651 1165 698 ex
1184 632 1255 697 aliis
1277 633 1483 716 inquisitione
1505 653 1525 696 a

343 763 450 828 iudice
464 760 665 847 colligendis,
683 759 833 824 iudiciuin
850 761 1053 823 instauretur
1075 763 1107 822 et
1130 759 1292 824 sententie
1307 757 1423 822 edatur
1445 777 1525 820 con-

343 889 558 954 demnat-ionis
587 889 620 952 in
647 885 905 969 delinquentem,
933 886 1107 949 constituta
1137 903 1283 968 congrua
1313 883 1524 948 indemnitate
1635 965 1636 968 Ἴ

344 1009 540 1096 praestanda
561 1010 621 1094 ipsi
644 1007 838 1092 querelanti.
861 1043 879 1056 -
905 1009 995 1072 Tunc
1019 1007 1153 1091 querela
1175 1013 1224 1075 est
1247 1009 1372 1093 species
1395 1007 1524 1074 denun-

344 1136 508 1207 cantionis,
525 1133 680 1218 siquidem
705 1134 865 1196 actionem
878 1133 1094 1217 ¹persequitur
1118 1133 1187 1217 ipse
1202 1139 1368 1217 promotor
1392 1129 1523 1210 fiscalis,

343 1269 411 1327 tum
433 1262 474 1327 ad
498 1261 658 1346 publicam
681 1257 866 1324 vindictam.
891 1265 958 1322 tum
983 1256 1023 1323 ad
1047 1259 1206 1342 privatam
1230 1256 1484 1322 indemnitatem.

419 1385 508 1450 -179,
534 1385 641 1449 Porro
664 1382 768 1454 hodie,
793 1385 839 1446 uti
863 1382 1037 1462 docuimus,
1062 1388 1205 1466 systema
1232 1400 1322 1464 pure
1348 1387 1522 1448 accusata-
1635 1465 1636 1470 ἵ

342 1512 435 1578 aium
451 1511 484 1574 in
500 1528 591 1574 more
607 1505 673 1573 no'n
689 1513 747 1582 est,
762 1509 860 1573 etiam
884 1527 983 1590 penes
1004 1504 1179 1570 tribunalia
1199 1507 1314 1571 eccles.
1332 1509 1406 1589 quia
1425 1525 1521 1572 aceu-
1635 1507 1636 1550 3

342 1635 498 1699 sationem
527 1633 687 1696 instaurat
715 1634 882 1714 promotor
912 1627 1046 1702 fiscalis,
1077 1629 1175 1696 veluti
1207 1635 1300 1694 actor
1328 1632 1360 1692 in
1393 1627 1521 1694 iudicio.
1635 1615 1636 1664 l

344 1795 362 1808 -
379 1757 490 1824 Codex
505 1758 559 1821 cit.
573 1754 794 1840 Gregorianus
809 1759 875 1818 art.
891 1753 957 1818 158
973 1753 1110 1818 admittit
1125 1753 1348 1820 adhaerentes
1362 1755 1454 1839 fiseo,
1468 1756 1522 1838 qui

219 1952 222 1956 A
330 1900 423 1945 >vere
447 1878 528 1945 liunt
550 1883 681 1944 actores
702 1877 739 1942 in
761 1877 899 1945 indicio,
917 1875 972 1940 sed
990 1897 1053 1942 non
1069 1877 1288 1960 principales,
1305 1876 1360 1942 sed
1374 1865 1473 1960 ¹quasi
1488 1878 1522 1942 in

342 2001 518 2070 subsidium
534 2001 728 2087 promotoris
743 1998 811 2066 fisc.
825 2001 916 2064 cuius
929 2007 979 2064 est
994 2020 1116 2086 urgere
1131 2003 1290 2066 actionem
1307 2001 1521 2066 criminalem.

343 2127 435 2202 Quod
466 2130 611 2213 apprime
642 2123 770 2191 adverti
802 2124 912 2199 debet;
942 2124 1016 2189 inde
1046 2128 1132 2191 enim
1165 2127 1331 2208 sequitur;
1362 2121 1405 2190 l.⁰
1436 2125 1522 2209 quod

340 2252 524 2318 adhaerens
546 2249 625 2316 fisco
647 2253 674 2316 si
699 2257 832 2316 revocet
855 2249 1010 2316 eiusmodi
1036 2250 1280 2331 adhaesionem,
1306 2270 1368 2314 non
1401 2250 1521 2315 exinde

341 2384 448 2444 cessat
470 2381 623 2443 instantia
646 2376 701 2441 sed
725 2376 813 2442 hanc
834 2377 1042 2462 prosequitur
1067 2381 1230 2460 promotor
1253 2373 1332 2448 lise..
1356 2377 1402 2440 uti
1427 2383 1523 2442 cavet

340 2501 411 2569 cod.
435 2502 533 2587 Greg.
558 2506 622 2566 art.
641 2501 728 2582 166,-
745 2505 777 2564 et
792 2497 840 2565 2?
855 2499 930 2565 dum
955 2520 998 2565 ex
1021 2501 1092 2566 iure
1115 2518 1198 2565 rom.
1215 2499 1252 2564 in
1268 2499 1349 2585 leqe.
1367 2499 1401 2565 5.
1417 2500 1453 2583 ff.
1471 2498 1521 2564 De
1635 2513 1636 2561 3

335 2629 455 2711 popul.
488 2632 554 2693 act.
584 2626 777 2710 prohibetur
803 2626 986 2689 accusatori
1019 2630 1267 2710 procuratorem
1302 2618 1519 2697 constituere;
1635 2610 1636 2613 ¹

340 2773 384 2817 ex
413 2750 569 2826 adverso,
593 2750 676 2814 idem
702 2751 775 2817 cod.
803 2749 1085 2835 Greq.art.16⁴1
1114 2750 1336 2835 procuratoris
1363 2749 1520 2815 constitu·
1635 2818 1636 2833 χ

339 2878 457 2941 tionem
487 2877 645 2960 permittit
667 2874 845 2940 adberenti
867 2875 957 2958 fisca
982 2876 1099 2959 quippe
1125 2876 1178 2957 qui
1211 2894 1276 2939 non
1307 2874 1520 2959 principalem

339 3000 397 3064 sed
418 3000 635 3084 accessoriam
658 3018 832 3083 personam
855 2999 932 3083 agit.

429 3120 493 3201 Qui
516 3142 596 3188 vero
618 3116 700 3208 petit
721 3120 792 3187 fieri
815 3123 1059 3187 adhaerentem
1082 3124 1172 3207 fisco,
1189 3127 1321 3207 expetat
1347 3128 1475 3207 oportet
1497 3142 1519 3187 a

339 3246 444 3311 iudice
460 3247 587 3312 veniam
599 3252 635 3311 ut
646 3246 755 3312 taliter
770 3246 959 3313 admittatur
975 3248 1007 3311 in
1023 3246 1185 3320 iudicium,
1203 3248 1248 3331 uti
1272 3247 1360 3312 iubet
1375 3252 1441 3311 arl.
1457 3247 1520 3313 161

339 3370 403 3437 cad
434 3368 536 3454 (ἶνες.
553 3370 638 3443 -Uti
654 3371 741 3435 enim
764 3390 860 3434 nemo
875 3372 1073 3435 accusatoris
1089 3376 1198 3455 partes
1215 3371 1350 3456 explere
1373 3371 1463 3436 valet
1484 3372 1518 3436 in

339 3492 472 3564 iudicio,
498 3493 558 3555 nisi
585 3494 852 3574 postulationem
879 3492 978 3559 faciat
1002 3493 1116 3575 iudici,
1143 3495 1243 3559 multo
1270 3496 1373 3580 magis
1398 3502 1519 3582 postu

339 3616 465 3682 wdone
486 3616 677 3681 adhaerenti
700 3614 778 3681 fisco
801 3637 881 3701 opus
905 3622 954 3682 est
977 3622 1010 3682 et
1032 3618 1178 3703 apposita
1196 3618 1309 3683 iudicis
1325 3617 1519 3684 admissione
1635 3664 1636 3703 .

340 3741 388 3806 af.
412 3760 512 3825 supra
534 3761 566 3804 n.
594 3740 668 3805 106.
762 3796 765 3801 .
875 3787 879 3794 -
908 3824 910 3829 ,

427 3863 653 3929 Adhaerentes
675 3862 754 3930 llsco
778 3864 904 3931 admitti
927 3886 1023 3951 posse
1046 3868 1080 3931 in
1105 3866 1221 3933 iudicio
1237 3868 1355 3934 eccles.
1372 3870 1518 3953 quamuis

342 3988 488 4054 dehisce
510 3992 631 4055 mentio
654 4010 718 4055 non
742 3991 901 4058 habeatur
915 3994 948 4056 in
965 3992 1117 4073 fontibus,
1134 3994 1297 4077 explorati
1312 3994 1393 4059 iuris
1409 4000 1468 4061 est.
1486 4000 1518 4059 et

338 4114 449 4196 praxis
473 4114 652 4179 communis
674 4114 719 4179 ita
734 4114 801 4179 fert
823 4114 930 4197 hodie,
947 4116 1147 4200 potissimum
1171 4118 1203 4181 in
1227 4118 1331 4181 causis
1354 4120 1517 4183 matrimo-
1584 4174 1589 4189 .
1635 4140 1636 4203 }

338 4234 485 4300 nialihus.

430 4359 503 4422 180.
528 4359 641 4424 Prouti
664 4360 702 4424 in
724 4379 763 4425 re
785 4360 876 4426 civili
899 4358 1009 4426 differt
1031 4361 1194 4428 instantia
1216 4361 1256 4427 ab
1280 4354 1421 4439 actione,
1443 4365 1518 4447 quia
