3350 5100
410 315 454 363 ou
477 317 617 364 runicus
640 318 882 365 aarumnmaus
907 318 943 364 m
966 316 1083 365 srscru
1270 297 1335 361 389

249 438 325 503 321.
350 439 453 524 Caput
475 459 535 503 nos
557 440 761 505 inscribimus
786 441 864 507 -de
885 440 1048 505 instantia
1075 438 1300 504 accasationts
1318 475 1334 486 -

161 570 195 628 at
216 564 379 630 dubitandi
403 565 493 629 locus
517 572 566 631 est
588 585 630 630 an
653 566 824 633 accusatio
849 568 881 629 in
904 586 1058 651 processu
1081 566 1189 631 misto
1217 565 1335 630 iusten·

161 691 237 753 tiam
254 692 428 755 constituat
442 692 621 757 seiunctam
637 691 678 756 ab
693 692 848 756 instantia
862 692 1054 775 inquisitiva.
1073 692 1220 755 lamvero
1240 708 1336 773 quae-

162 813 222 876 stio
246 812 449 897 expedienda
471 818 520 877 est
542 833 601 898 per
621 814 880 880 distinctionem.
909 815 1011 886 Sane,
1042 834 1102 900 per
1125 834 1176 887 se,
1209 816 1280 899 quia
1305 815 1337 875 in

163 956 315 1020 processu
331 937 440 1021 minio
452 940 614 1004 accusatio
630 938 825 1022 inquisitioni
840 939 991 1009 succedit.
1006 941 1077 1003 iure
1092 940 1209 1003 merito
1220 938 1338 1003 haben-

162 1064 216 1123 tur
238 1060 321 1125 duae
344 1062 525 1132 instantiae,
549 1061 630 1126 adeo
653 1068 689 1126 ut
710 1063 922 1147 inquisitioni
938 1063 1077 1128 iudiciali
1094 1083 1157 1127 non
1174 1062 1338 1146 subingre-
1409 1141 1416 1162 ·

163 1184 270 1251 diatur
285 1187 465 1257 accusatio.
489 1189 515 1251 si
534 1206 577 1252 ex
591 1188 809 1273 inquisitione
824 1208 889 1254 nou
905 1188 1074 1272 detegatur
1096 1188 1337 1253 tundamentum

162 1312 385 1377 accusationis.
413 1312 483 1377 Hoc
506 1332 603 1377 sensu
634 1312 773 1379 habetur
803 1318 875 1397 post
905 1314 1156 1398 inquisitionem
1187 1314 1339 1377 instantia

163 1436 397 1501 accusationis.
422 1472 449 1514 -‚
465 1438 527 1503 Sed
550 1440 575 1500 si
601 1437 849 1503 considerantur
873 1458 936 1503 non
961 1446 1069 1523 partes
1097 1437 1204 1502 iudicii
1227 1437 1338 1519 natali,

163 1561 218 1624 sed
242 1563 344 1646 ipsum
367 1564 530 1647 integrum
554 1562 716 1643 iudicium,
741 1583 802 1647 quo
826 1582 932 1628 caasa
955 1564 1132 1629 criminalis
1163 1563 1339 1628 absolvitur

163 1691 197 1752 et
219 1685 379 1757 delinitur.
403 1692 482 1751 tunc
504 1708 569 1751 una
592 1664 785 1772 intelligitur
806 1688 968 1753 instantia
997 1688 1193 1772 respondens
1221 1690 1337 1753 actioni

164 1812 334 1882 criminali,
359 1812 450 1877 cuius
472 1817 522 1877 est
544 1813 747 1877 exercitium.
771 1812 820 1879 af.
851 1813 920 1877 Vol.
947 1814 972 1882 l,
998 1833 1028 1877 n.
1057 1814 1129 1879 169.
1165 1898 1167 1903 Ι

251 1938 326 2002 322.
353 1937 497 2001 Finalem
521 1938 764 2002 contestationis
786 1941 892 2002 actum
917 1938 1053 2003 vidimus
1069 1940 1237 2007 continere
1252 1958 1339 2003 snm-
1369 1940 1371 1947 “

165 2081 258 2126 mam
282 2062 515 2147 probationum.
540 2062 653 2147 quibus
676 2068 876 2127 sustentatur
899 2064 1061 2128 accusatio
1085 2062 1214 2129 atinde
1238 2066 1340 2127 mani-

166 2186 277 2251 festari
309 2192 459 2253 accusato
490 2188 565 2270 quid
595 2188 751 2253 adversus
782 2209 854 2253 eum
883 2188 1056 2255 contendat
1086 2194 1265 2257 saminator.
1302 2209 1341 2251 eo

166 2313 300 2376 consilio
324 2319 359 2377 ut
381 2321 551 2380 accusatus
574 2314 626 2378 vel
650 2314 793 2378 fateatur
816 2288 949 2383 crimen.
971 2315 1022 2379 vel
1046 2312 1168 2399 probet,
1194 2316 1219 2378 si
1243 2313 1339 2382 valet.

166 2458 255 2503 suam
284 2441 519 2513 innocentiam;
543 2458 637 2521 quarn
661 2441 686 2502 si
711 2440 851 2523 probare
875 2460 938 2503 non
963 2439 1092 2521 valebit,
1117 2442 1181 2503 erit
1204 2440 1340 2503 crimine

166 2566 333 2630 convictus
354 2571 388 2629 et
410 2564 685 2630 condemnabitur.
711 2569 771 2630 Ast
793 2585 857 2628 uon
886 2565 1056 2630 devenitur
1083 2565 1122 2630 ad
1147 2565 1339 2629 condemna-

165 2693 285 2755 tionem
309 2692 369 2754 nisi
394 2712 469 2756 reus
492 2698 646 2777 expertus
662 2693 711 2763 sit,
731 2692 827 2775 plena
842 2713 914 2756 cum
931 2691 1092 2765 libertate,
1109 2690 1214 2755 media
1229 2691 1339 2755 defen-

166 2814 276 2876 sionis.
294 2812 364 2876 Hoc
380 2815 428 2877 ius
444 2814 637 2898 plenissime.
650 2815 695 2876 uti
713 2834 773 2897 par
789 2817 871 2893 erat,
889 2813 1035 2878 attribuit
1050 2817 1200 2878 accusato
1217 2813 1337 2877 lustru·

166 2936 230 2999 ctio
246 2936 278 2997 in
294 2940 356 2999 art.
372 2937 505 3000 XXVll
522 2941 681 3000 statuens:
701 2935 811 3022 Quen
827 2939 1006 3002 accusatas
1022 2935 1082 3002 toli
1097 2935 1199 3002 modo
1216 2933 1283 3019 (seu
1300 2954 1343 2998 ex

167 3060 413 3141 contestatione)
440 3061 582 3142 plenam
614 3059 735 3126 babeat
760 3059 918 3126 notitiam
941 3059 1056 3141 detis,
1081 3079 1170 3144 qnae
1195 3059 1233 3124 in
1260 3059 1344 3124 actr's

167 3183 331 3249 adoerstes
354 3202 432 3249 eam
455 3190 613 3270 conceda
631 3190 718 3251 sant.
735 3185 864 3250 nedum
886 3186 1094 3268 respondere
1109 3186 1200 3251 valta
1213 3183 1259 3270 (in
1275 3186 1343 3269 ipso

167 3313 242 3370 actu
265 3306 520 3390 contestationis)
543 3309 604 3373 sed
624 3307 701 3374 iare
730 3308 781 3374 ati
809 3309 900 3374 valet
922 3328 944 3372 a
967 3308 1143 3391 semetipso
1166 3327 1202 3373 se
1225 3307 1341 3390 desen-

168 3433 305 3498 amat>
330 3434 408 3517 (seu‘
423 3453 482 3517 per
505 3434 717 3517 allegationes
740 3443 853 3518 postea
876 3433 1102 3520 deducendas).
1129 3435 1170 3500 Ut
1193 3434 1252 3498 bas
1268 3433 1343 3498 alle-

169 3561 312 3642 gationes
335 3559 500 3624 commode
523 3558 673 3624 conficiat
691 3565 872 3636 accusatus,
889 3560 991 3625 eidem
1009 3563 1235 3652 integrumest
1250 3581 1344 3645 expe·

168 3689 239 3748 tere
272 3684 456 3749 dilationem
493 3685 708 3769 probatoriam
740 3685 780 3749 de
809 3705 873 3768 qua
907 3686 987 3750 haec
1018 3685 1116 3750 habet
1148 3685 1345 3769 subsequens

168 3814 230 3871 art.
244 3809 392 3873 XXVlll
411 3801 650 3875 instructionis:
667 3809 893 3880 «Praeterea.
904 3808 937 3874 'si
951 3810 989 3874 id
1005 3815 1141 3892 conpetat
1156 3815 1343 3888 accinctas,

166 3937 273 4012 potest
303 3933 334 3996 ei
364 3931 501 3998 concedi
522 3933 696 4018 mactato
721 3933 858 3998 tantini
884 3934 930 3998 ad
958 3932 1187 3999 cohibendam
1210 3933 1345 4016 ..scriptis

168 4055 366 4121 menariate
389 4056 605 4136 defensiones,
620 4058 807 4140 praecipat
823 4058 963 4141 qnando
980 4057 1020 4123 ob
1037 4057 1343 4140 praesaiptionenr

169 4185 233 4242 art.
251 4181 376 4245 XXlll
388 4183 578 4265 nequiverit
596 4189 745 4265 paratas
764 4203 836 4246 esse
858 4183 905 4247 ad
927 4183 1165 4264 responsiones
1187 4183 1224 4248 in
1247 4203 1346 4248 marn

160 4298 423 4370 'eacarationem
441 4328 470 4369 a.
491 4309 526 4368 ln
545 4312 605 4370 art.
622 4307 739 4371 XXlll
759 4308 956 4391 permittitur
974 4307 1068 4372 iudici
1085 4309 1118 4371 iu
1134 4306 1243 4371 libello
1267 4310 1345 4370 cita-

169 4429 268 4492 tionis
292 4449 355 4491 non
379 4429 565 4514 significare
587 4434 687 4516 ipsam
711 4433 960 4512 accusationem,
985 4451 1118 4516 gravem
1143 4433 1182 4497 ob
1206 4453 1346 4496 causam.
