3350 5100
345 277 413 343 254
582 356 589 367 ,
860 294 944 341 nens
968 292 1006 341 11.

345 418 541 484 excluditur
569 417 637 483 nisi
651 434 787 484 morum
810 434 976 485 annosum
993 430 1295 487 neausomrmoun,
1312 413 1398 479 sicud
1414 418 1525 479 celcra
1630 450 1631 465 κ

345 560 480 627 quoquc
498 542 646 609 trintina
669 564 699 606 r.
724 539 879 607 Attamen
902 540 943 605 ob
966 541 1123 605 nonnulla
1146 541 1284 605 erimina
1306 546 1433 625 tempus
1455 539 1527 605 bre

345 668 417 733 vius
441 669 629 750 requisitum
648 672 714 741 est;
731 666 851 731 exinde
867 668 952 733 aetio
968 666 1160 731 iniuriarum
1177 670 1248 751 post
1264 684 1397 731 annum
1413 666 1478 750 lay.
1492 664 1526 735 5.

349 790 428 855 Cod.
456 789 508 855 De
528 789 649 872 iniur.‚·
676 795 709 854 et
734 790 960 854 accusationes
984 790 1017 853 in
1042 788 1160 855 delicia
1187 790 1307 859 carnis,
1335 806 1374 852 ac
1401 788 1529 853 crimen

345 913 513 999 peculatus
527 914 775 999 quinquennali
790 914 1047 998 praescriptione
1063 912 1308 996 perimebantur
1319 914 1383 998 lep.
1396 912 1431 985 2,
1446 910 1527 979 God.

346 1034 400 1103 Dc
422 1038 539 1122 uectip.
557 1043 588 1103 et
602 1038 771 1103 conamus.
793 1072 810 1084 -
828 1038 974 1121 Denique
990 1036 1145 1102 nonnulla
1163 1038 1310 1117 crimina,
1328 1042 1438 1121 utpote
1454 1054 1531 1121 gra·

346 1162 446 1231 viora.
471 1178 634 1243 nunquam
658 1160 974 1245 praescribebantur,
998 1161 1099 1226 veluti
1125 1159 1367 1243 patricidium,
1400 1178 1530 1242 suppo-

345 1286 422 1353 sitio
443 1292 579 1369 partus,
602 1286 760 1361 simonia,
784 1288 968 1369 apostasia.

438 1413 475 1475 ln
506 1412 577 1475 iure
607 1412 765 1475 canonico
794 1430 953 1495 expresse
976 1410 1025 1493 (l)
1053 1411 1108 1475 lex
1139 1430 1203 1475 non
1234 1411 1418 1475 continetur
1446 1428 1530 1492 quae

345 1534 475 1600 ordinet
497 1536 603 1621 legem
627 1532 892 1620 praescriptionis
916 1538 948 1600 in
974 1554 1010 1600 re
1033 1536 1206 1600 criminali.
1226 1534 1315 1601 Unde
1339 1535 1530 1599 canonistae

347 1680 516 1726 recursum
546 1660 731 1727 habuerunt
760 1660 801 1725 ad
832 1680 1034 1727 communem
1067 1661 1225 1746 regulam.
1255 1680 1298 1725 ex
1326 1678 1401 1741 cop.
1424 1661 1453 1739 1,
1479 1660 1529 1725 De

347 1786 497 1851 nunciat.
508 1804 584 1851 noo.
597 1804 652 1868 op.
669 1786 704 1849 X
716 1786 772 1870 (V,
788 1786 845 1869 32)
861 1791 987 1851 statuta
1011 1806 1184 1852 cononum
1199 1785 1364 1851 adiuvari
1378 1804 1435 1849 seu
1452 1802 1530 1867 aup-

342 1906 445 1989 pleri‚
461 1926 540 1971 cum
561 1907 627 1971 istu
649 1906 818 1991 deficiunt,
831 1907 1037 1989 Principum
1054 1904 1357 1973 constitutionibus.
1376 1906 1424 1972 Cf.
1438 1907 1530 1971 Fari·

347 2032 434 2095 nacii
455 2030 588 2096 Pruuir
611 2031 706 2097 uim.
731 2050 764 2116 q.
786 2032 841 2111 10,
865 2052 898 2096 n.
915 2032 965 2097 29
987 2051 1067 2117 seq„
1093 2037 1125 2097 et
1148 2028 1331 2117 Oarpzovii‚
1355 2050 1387 2116 q.
1411 2030 1483 2096 141.

436 2153 563 2221 Verum
593 2144 739 2219 nonbulli
770 2155 834 2219 DD.
864 2156 1005 2221 maxime
1037 2156 1257 2225 recentiores.
1282 2160 1317 2220 ut
1348 2155 1454 2220 Bouix
1479 2155 1528 2220 De
1633 2154 1634 2157 ’

351 2278 422 2343 iud.
440 2278 488 2351 ΙΙ,
506 2279 658 2343 Graisson
675 2278 816 2344 Munuel
831 2280 898 2343 iur.
916 2282 1029 2346 eccles.
1054 2280 1091 2345 T.
1109 2282 1131 2344 Ι
1138 2280 1171 2355 V,
1188 2300 1222 2343 n.
1239 2280 1332 2345 5810
1353 2286 1387 2345 et
1402 2280 1449 2343 De
1466 2282 1530 2345 An-

348 2402 601 2487 gelis-Gentilini
625 2409 645 2467 t.
663 2401 696 2477 4,
715 2422 753 2485 p.
770 2401 846 2468 263
868 2409 1037 2469 autumant
1059 2406 1110 2469 ius
1130 2404 1320 2468 canonicum
1344 2422 1409 2467 non
1427 2401 1528 2467 admi·

348 2527 445 2600 sisse,
469 2526 574 2612 legem
605 2546 772 2592 romanam
799 2529 1082 2614 praescriptionis,
1108 2526 1234 2612 quando
1264 2528 1402 2596 crimina
1431 2526 1529 2593 iudex

347 2657 623 2738 persequutorum
644 2652 763 2736 officio.
780 2655 836 2719 Isti
854 2655 1011 2719 Doctores
1027 2657 1166 2718 maxime
1183 2651 1346 2718 confidunt
1367 2655 1399 2717 in
1417 2661 1528 2718 auoto-

349 2779 446 2844 ritate
457 2778 614 2843 Schmalz.
628 2780 681 2861 qui
698 2779 744 2842 tit.
757 2777 808 2846 De
814 2781 1020 2862 praescript.
1037 2800 1071 2844 n.
1087 2780 1159 2854 121,
1177 2785 1343 2865 postquam
1357 2781 1528 2852 notaverit,

348 2903 467 2970 delicte
490 2903 669 2986 continuo,
693 2923 809 2989 nempe
832 2906 1017 2970 successiva
1041 2909 1073 2969 et
1096 2907 1320 2989 permanentia
1345 2923 1408 2968 non
1433 2923 1528 2988 prae-

349 3026 449 3092 scribi
466 3046 484 3089 «
500 3027 568 3092 nisi
590 3045 614 3091 o
637 3033 787 3110 tempore
810 3028 971 3094 cessantis
994 3028 1106 3094 delicti
1129 3049 1146 3092 ›
1172 3030 1216 3092 ait
1239 3027 1342 3096 «imo
1366 3028 1470 3094 edam
1493 3027 1530 3092 in

349 3154 478 3220 delictis
506 3153 767 3234 transcuntibus,
790 3163 828 3218 ut
855 3161 951 3221 notat
974 3155 1059 3220 Flet
1086 3155 1242 3222 Bibliotb.
1267 3155 1334 3252 iun.
1360 3155 1421 3221 cio.
1445 3155 1467 3219 t.
1493 3154 1527 3236 6,

351 3283 375 3342 t.
389 3279 417 3358 1,
433 3299 467 3343 n.
485 3278 538 3352 18,
557 3277 673 3362 quood
696 3279 881 3344 vindictum
895 3279 1080 3362 nauticam,
1093 3279 1319 3364 praescriptio
1339 3279 1439 3346 bodie
1458 3299 1530 3346 non

349 3400 501 3483 ornpliua
522 3400 658 3466 uidetur
672 3401 810 3466 attendi
826 3422 858 3466 r.

441 3530 567 3594 Poterit
589 3527 693 3592 videri
716 3527 890 3592 absurdum
915 3529 997 3611 quod
1023 3531 1074 3593 isti
1096 3529 1158 3592 DI).
1184 3529 1382 3614 distinguant
1405 3529 1531 3592 insecu-

349 3653 470 3716 tionem
493 3651 638 3716 criminis
661 3649 702 3714 ad
725 3631 912 3717 uindictam
930 3650 1106 3733 publicani
1130 3672 1187 3717 seu
1208 3670 1255 3717 cu
1277 3650 1386 3736 officio
1415 3649 1531 3716 iudicis

350 3781 384 3841 et
405 3775 655 3843 accusationem
678 3775 796 3859 privati
824 3776 921 3850 eivis;
947 3775 1101 3860 siquidem
1132 3781 1198 3840 tum
1222 3795 1304 3848 una.
1329 3781 1397 3840 tum
1423 3777 1533 3842 altera

351 3901 515 3967 accusatio
539 3899 676 3964 tendunt
697 3899 738 3964 ad
756 3899 933 3982 publicam
957 3901 1151 3974 vindiciani,
1177 3902 1283 3986 prouti
1309 3899 1403 3966 docet
1431 3903 1531 3972 notio.

351 4024 495 4092 actionis
523 4024 713 4103 criminalis
743 4044 837 4107 quam
868 4023 1001 4090 tradunt
1032 4045 1141 4091 omnes
1173 4026 1376 4090 canonistae:
1402 4025 1445 4090 cf.
1474 4043 1532 4091 au·

440 4200 479 4270 (l)
498 4201 529 4253 ln
548 4219 608 4271 cop.
629 4200 650 4254 6
674 4201 716 4255 De
735 4212 842 4271 except.
864 4202 894 4254 X
912 4201 961 4268 (ll,
986 4203 1032 4270 25)
1058 4201 1178 4256 habetur
1201 4201 1307 4256 mentio
1333 4200 1367 4255 de
1390 4201 1531 4256 vicennali

351 4305 571 4376 praescriptione
590 4307 620 4362 in
631 4307 748 4361 crimine
759 4305 833 4374 falsi,
847 4305 934 4362 sedin
956 4313 1034 4375 parte
1047 4311 1192 4361 norrotioa
1210 4307 1365 4361 dumtaxat.
1380 4305 1534 4362 Praeterea

352 4409 426 4466 ratio
445 4409 574 4481 loquendi
595 4427 650 4466 non
668 4416 747 4467 caret
764 4411 938 4466 difficultate.
