3350 5100
548 336 591 383 na
615 336 755 383 romeus
779 336 1021 385 osrurnanraus
1308 318 1375 385 299

280 460 357 527 229.
394 464 432 527 lu
467 461 607 526 decursu
642 464 811 533 examinis.
843 463 888 527 uti
921 464 983 525 iam
1015 461 1224 545 advertimus,
1253 482 1309 527 reo
1338 460 1374 527 tit

191 587 383 651 contestatio
406 584 598 651 iudiciorum
622 606 680 651 seu
702 586 938 672 probationum,
964 606 1046 671 quae
1073 589 1311 653 accusationem
1341 589 1374 652 in

191 728 264 775 eum
287 710 440 776 videntur
471 708 677 777 confirmare.
703 711 790 777 Hinc
813 731 877 776 uon
902 718 950 777 est
977 712 1117 777 alienum
1145 712 1185 779 ab
1209 712 1272 777 hoc
1295 732 1372 777 exa-

191 834 278 898 mine
300 834 532 919 utaliquando
556 854 613 899 reo
635 835 766 921 legatur
789 834 955 901 cuiusdam
979 837 1070 902 testis
1094 856 1248 917 examen,
1273 838 1375 901 couti-

191 977 273 1025 nens
295 979 393 1025 unum
418 960 473 1026 vel
497 962 635 1026 alterum
660 966 757 1047 caput
779 963 994 1029 accusationis
1018 961 1101 1047 quod
1130 961 1247 1027 exinde
1271 960 1383 1045 dedu-p

191 1082 277 1149 citur
300 1085 332 1149 in
355 1086 630 1151 contestationem.
648 1086 682 1152 Si
699 1104 775 1152 reus
790 1085 886 1171 plura
902 1086 1035 1161 reserat,
1053 1104 1136 1171 quas
1152 1088 1186 1151 in
1202 1085 1375 1151 dubitatio-

193 1226 267 1274 nem
290 1207 455 1277 adducunt
476 1212 570 1278 testis
584 1212 790 1283 assertiones,
807 1210 847 1275 ad
872 1211 1040 1277 diluendas
1060 1210 1275 1294 difficultates,
1292 1212 1379 1279 solet

193 1334 311 1400 iterum
334 1336 482 1401 invocari
505 1338 573 1422 ipse
596 1336 688 1401 testis
711 1336 765 1420 qui
786 1334 981 1421 respondeat
1004 1335 1137 1403 obiectis
1160 1335 1200 1401 ab
1223 1341 1376 1403 accusato

190 1457 225 1523 iu
249 1458 364 1525 taciem
388 1463 530 1526 accusati
555 1468 588 1526 et
613 1461 708 1525 vivae
734 1460 825 1526 vocis
848 1460 1073 1527 contentione:
1098 1460 1153 1525 hic
1181 1480 1377 1547 congressus

192 1586 284 1651 testis
300 1590 333 1651 et
348 1587 492 1651 accusati
509 1586 562 1651 vel
578 1587 673 1652 unius
694 1591 728 1651 et
742 1586 878 1652 alterius
901 1586 992 1651 testis
1009 1586 1146 1651 intense
1161 1586 1213 1651 vel
1234 1586 1374 1671 plurium

192 1712 279 1777 iuter
301 1732 337 1777 se
360 1716 586 1778 accusatorum
610 1716 666 1777 aut
687 1714 828 1783 testium.
845 1716 982 1777 vocatur
998 1710 1226 1794 contrectatio
1250 1716 1283 1776 et
1306 1732 1373 1777 ma-

192 1838 281 1903 xima
296 1856 369 1903 cum
385 1836 525 1903 utilitate
539 1837 713 1904 adhibetur
734 1838 768 1902 in
791 1837 865 1901 foro
881 1836 921 1901 ad
942 1835 1174 1923 explorandam
1190 1838 1375 1902 veritatem.

281 1961 358 2027 230.
384 1962 531 2027 Examen
547 1964 690 2048 inquisiti
705 1982 771 2027 non
787 1962 887 2027 semel
903 1966 1027 2043 tautum
1045 1960 1100 2026 sed
1117 1961 1239 2047 pluries
1251 1962 1373 2029 institui

193 2085 281 2150 valet
302 2104 363 2169 pro
395 2085 531 2153 arbitrio
562 2087 675 2153 iudicis
698 2086 915 2152 instructoris.
942 2086 1021 2151 item
1046 2104 1144 2150 unum
1169 2104 1307 2151 examen
1338 2086 1376 2153 in

189 2208 312 2290 planes
341 2210 506 2275 sessimaes
536 2210 707 2295 prorogari
729 2209 853 2281 valcat,
877 2210 905 2273 si
935 2210 977 2274 sit
1005 2209 1086 2274 adeo
1117 2210 1313 2296 implicatum
1342 2216 1375 2276 et

193 2330 335 2416 inagnum,
359 2329 443 2415 quod
466 2336 575 2396 amen
600 2350 677 2395 raro
699 2334 891 2418 contingere
918 2332 1010 2398 solet.
1030 2366 1047 2381 ·
1069 2330 1152 2406 Quia
1175 2334 1208 2396 in
1232 2352 1296 2397 uno
1320 2332 1374 2398 vel
1455 2340 1458 2348 “

196 2454 343 2539 pluribus
373 2456 575 2522 examinibus
607 2454 643 2522 flt
673 2460 857 2523 successive
889 2458 1003 2525 delicti
1027 2458 1230 2539 contestatio,
1260 2463 1376 2524 caveat

194 2582 292 2647 iudex
314 2602 357 2648 ue
371 2585 404 2648 in
425 2602 491 2647 uno
514 2585 665 2649 examine
688 2590 831 2670 exponat
853 2583 981 2668 aliquod
1005 2589 1102 2669 caput
1125 2584 1376 2651 contestationis

194 2711 227 2772 et
241 2707 399 2772 concedat
414 2709 564 2792 inquisito
576 2711 702 2794 tempus
715 2708 929 2794 respondendi
946 2709 978 2772 in
995 2709 1057 2772 alio
1074 2709 1233 2790 examine,
1247 2707 1377 2792 quando

194 2849 311 2917 nempe
332 2831 392 2897 sibi
415 2851 607 2917 comparare
630 2833 740 2914 valuit,
757 2833 790 2896 in
807 2833 916 2916 quieta
939 2851 1050 2897 rerum
1074 2829 1290 2908 meditatione,
1307 2853 1373 2898 mo·

195 2956 268 3021 dum
282 2955 405 3022 ·taciles
427 2958 580 3024 nectendi
604 2956 736 3022 fraudes
758 2962 792 3024 et
814 2956 972 3022 fallacias.

623 3205 697 3288 §a
721 3205 772 3271 De
796 3203 941 3272 testibus.

195 3395 460 3454 summarium-
478 3397 539 3452 231.
559 3399 710 3460 Quaeritur
729 3399 904 3468 potissimum
917 3399 953 3453 de
965 3401 1047 3453 modo
1067 3416 1116 3455 seu
1129 3399 1162 3453 de
1181 3403 1290 3454 ratione
1306 3416 1375 3470 prc-

283 3507 405 3559 cessuali
422 3521 478 3576 qua
493 3491 522 3559 iu
541 3504 645 3559 iudicio
657 3505 735 3558 crim
749 3509 835 3560 testes
849 3505 1043 3574 probationem
1056 3506 1171 3560 faciunt.
1185 3534 1219 3546 -
1232 3505 1294 3559 232.
1308 3505 1376 3566 Qui·

283 3628 348 3666 nam
364 3616 452 3667 testes
465 3629 526 3667 esse
539 3613 647 3682 possint
659 3613 688 3666 in
703 3611 805 3667 iudicio
818 3613 896 3666 crim.
911 3612 1008 3668 Testes
1021 3613 1133 3668 aliunde
1146 3615 1284 3669 inhabiles
1296 3629 1376 3684 prae·

282 3720 351 3774 beat
374 3720 487 3786 faetida,
508 3695 562 3774 noi
586 3719 698 3789 proprie
722 3721 918 3774 alienationes.
939 3747 972 3761 -
991 3717 1051 3773 233.
1073 3719 1174 3774 Utrum
1196 3735 1269 3774 nnus
1294 3719 1376 3774 testie

281 3825 368 3880 iaciat
385 3825 496 3895 plenam
515 3825 717 3896 probationem.
736 3855 772 3864 —
790 3823 852 3878 234.
873 3824 913 3879 lle
934 3823 1051 3879 testibus
1070 3823 1104 3878 ad
1118 3841 1237 3879 examen
1255 3823 1376 3879 citandis

282 3937 312 3988 et
336 3932 370 3988 de
394 3933 531 4003 appositis
555 3931 671 4002 regulis.
701 3933 790 3988 Testis
811 3948 868 3986 non
883 3933 997 3988 ,iuraras
1021 3947 1077 3985 nan
1093 3932 1206 4002 modat.
1229 3930 1259 3984 lu
1278 3931 1376 4000 primis

282 4039 380 4110 quaeri
400 4038 484 4094 debet
502 4056 520 4093 a
537 4053 657 4110 quonam
676 4038 845 4110 producatur
864 4038 944 4092 testis
962 4041 992 4092 et
1010 4037 1124 4108 quinam
1147 4036 1185 4090 eit
1205 4037 1268 4091 lons
1287 4035 1376 4092 scieu-

226 4204 235 4218 ‚
282 4146 348 4202 tiae.
367 4173 403 4187 -
421 4145 483 4200 235.
502 4147 546 4200 An
565 4150 653 4201 testes
672 4145 736 4215 cogi
749 4145 867 4215 possint
879 4172 915 4186 -
927 4143 988 4199 236.
1009 4143 1048 4198 De
1066 4144 1187 4199 testibus
1198 4144 1228 4196 iu
1242 4158 1371 4214 processu

203 4226 207 4236 ¹
283 4248 466 4304 accusatorio.
480 4277 514 4290 -
526 4247 587 4302 237.
602 4249 641 4303 lle
651 4248 771 4303 testibus
784 4246 977 4302 examinandis
996 4263 1046 4318 pro
1059 4247 1258 4303 informatione
1271 4247 1377 4316 curiae,

281 4355 310 4409 in
336 4371 465 4425 processu
491 4356 659 4426 inquisitius.
680 4383 713 4396 -
731 4353 792 4409 238.
819 4353 1008 4410 Diversimode
1035 4355 1211 4425 recipiuntur
1235 4359 1322 4410 testes
1345 4358 1376 4409 et

283 4462 480 4517 attestationes
501 4462 531 4516 iu
550 4477 681 4531 processu
702 4477 772 4532 pure
791 4460 955 4532 inquisitiva
974 4477 1007 4516 ac
1026 4461 1054 4515 in
1076 4476 1204 4530 processu
1223 4461 1319 4516 mixto.
1340 4489 1375 4502 -
