3350 5100
345 290 408 355 136
823 375 828 385 .
873 308 957 355 rnns
981 307 1002 354 1.

475 432 509 518 2)
534 433 712 498 incurrunt
733 433 803 517 ipso
826 432 908 506 iure,
934 432 1088 498 canonici
1112 436 1145 496 et
1169 433 1347 517 Dignitates
1369 432 1522 516 privatio-

340 575 416 621 nem
443 557 616 631 fruetuum,
640 555 870 622 beneficiorum
901 557 1102 640 aliorumque
1133 539 1307 621 redituum¹
1323 555 1520 620 ecclesiasti-

341 700 467 757 cornm;
496 691 529 747 et
551 683 668 747 harum
699 702 876 767 poenarum
907 682 1145 748 relaxationem
1175 681 1308 766 speciali
1337 681 1431 746 modo
1462 680 1521 746 sibi

340 812 490 873 reservat
515 809 677 874 Pontifex.

475 931 508 1013 3)
533 932 692 996 Nominati
716 937 750 998 et
770 933 969 1016 praesentati
1000 929 1222 996 decernuntur
1246 949 1284 994 eo
1307 931 1375 1016 ipso
1403 931 1519 1014 priuati

340 1055 413 1120 iure
435 1057 518 1140 quod
544 1077 604 1141 per
626 1058 919 1142 praesentationem
946 1061 1002 1121 stit
1024 1057 1273 1121 nominationem
1306 1055 1392 1120 forte
1422 1073 1520 1138 quae·

340 1179 469 1256 sierint;
493 1187 526 1248 et
549 1181 668 1247 nullius
691 1182 811 1246 valoris
843 1181 1014 1247 edicuntur
1041 1201 1111 1247 esse
1141 1198 1363 1264 quaecumque
1388 1179 1428 1244 ab
1453 1180 1521 1244 istis

341 1306 541 1376 ordinentur,
567 1304 769 1378 mandentur,
793 1303 884 1370 fiant.

475 1430 507 1516 4)
532 1431 675 1513 Denique
691 1435 841 1495 caretur:
862 1452 880 1491 ‹
898 1429 1030 1496 Sinera
1046 1429 1155 1514 aliqui
1171 1449 1216 1495 ecc
1234 1429 1422 1512 praedictis
1437 1429 1520 1511 Epi-

339 1557 470 1640 scopati
493 1555 690 1622 charactere
712 1555 780 1621 sint
802 1553 966 1641 insipniti,
991 1555 1029 1619 in
1048 1573 1199 1638 poenam
1221 1553 1454 1638 suspensionis
1476 1553 1520 1619 ab

340 1681 502 1748 exercitio
518 1681 782 1765 Pontificatiam,
799 1684 831 1746 et
842 1680 1013 1746 interdicti
1029 1680 1071 1745 ab
1088 1679 1245 1766 inpressa
1263 1679 1430 1746 Ecclesiae
1445 1679 1519 1761 ipso

338 1805 441 1888 sacto,
459 1804 586 1890 absque
601 1806 674 1870 atta
685 1806 915 1872 declaratione
934 1805 1100 1885 incidant,
1118 1805 1151 1871 S.
1170 1801 1251 1870 Secti
1265 1805 1398 1886 pariter
1413 1823 1519 1870 reser-

339 1935 455 1996 vatam
469 1951 499 1995 s.
513 1930 684 2004 Quaerunt
699 1931 763 1994 Dl).
776 1951 819 1994 an
834 1931 879 2002 hi,
892 1937 1034 2013 praeter
1049 1929 1446 1999 recommunicationern,
1460 1907 1520 1993 bas

340 2072 495 2119 censuras
524 2053 715 2119 incurrenti
744 2055 893 2119 lamrero
924 2054 1020 2140 longe
1050 2053 1250 2139 probabilior
1280 2058 1329 2119 est
1358 2055 1521 2118 sententia

340 2177 550 2252 D'Annibale,
578 2179 670 2246 Gom.
695 2180 726 2242 b.
743 2181 764 2244 t.
788 2185 856 2246 not.
874 2181 918 2251 11,
944 2185 976 2244 et
1001 2179 1198 2251 Pennaochi,
1223 2179 1254 2242 b.
1272 2181 1292 2242 l.
1318 2176 1521 2260 11‚p.532

339 2305 393 2387 qni
416 2308 593 2384 autumant,
611 2303 787 2389 Episcopos
810 2311 1023 2371 consecratos
1039 2303 1078 2368 ab
1095 2304 1427 2369 excommunicatione
1449 2323 1521 2368 esse

338 2429 505 2502 immunes,
530 2431 605 2513 qnia
626 2429 766 2512 speciali
788 2449 893 2515 poena
916 2430 1110 2515 plectuntur,
1125 2434 1158 2494 et
1180 2449 1241 2514 per
1264 2429 1408 2512 speciem
1425 2429 1521 2496 dero·

337 2560 442 2641 petar
464 2555 592 2641 ceneri,
617 2556 709 2621 iuxta
731 2574 801 2641 rep.
825 2554 914 2620 iaris
937 2553 985 2621 34
1007 2555 1044 2619 in
1068 2555 1099 2619 6.

428 2680 481 2745 95.
507 2682 544 2745 ln
567 2680 659 2745 titulo
682 2680 733 2745 De
754 2680 939 2753 maledicis,
965 2680 1018 2751 26,
1046 2679 1112 2744 Lib.
1130 2680 1171 2751 V,
1198 2680 1324 2743 Decret.
1351 2680 1449 2764 Greg.
1470 2680 1519 2743 lX

337 2801 375 2865 in
397 2820 471 2884 cap.
497 2804 514 2865 1
536 2822 643 2867 sermo
674 2800 812 2866 habetur
842 2800 881 2866 de
909 2801 1030 2866 clerico
1061 2802 1115 2884 qni
1146 2820 1256 2865 coram
1287 2801 1358 2865 aliis
1389 2800 1519 2865 clericis

336 2925 437 2989 verba
459 2927 641 3011 protulerat
666 2928 820 2992 iniuriosa
843 2929 875 2991 in
901 2928 1001 3011 ipsam
1025 2926 1211 3011 dignitatem
1230 2926 1321 2990 Rom.
1342 2923 1517 2999 Pontifieis,

337 3055 370 3114 et
397 3050 549 3114 statuitur
580 3051 735 3115 clericum
762 3050 958 3136 puniendum
985 3050 1204 3133 essepoenis
1231 3048 1427 3116 arbitrantis
1458 3069 1518 3135 pro

337 3192 449 3237 rerum
472 3172 640 3239 adiunctis.
660 3210 677 3222 -
695 3175 758 3239 DI).
775 3174 931 3245 inferunt,
948 3174 1031 3239 idem
1049 3174 1242 3239 servandum
1267 3191 1338 3239 esse
1363 3174 1395 3236 in
1420 3174 1518 3238 cleri-

337 3316 411 3361 cum
427 3295 617 3362 maledicum
629 3296 785 3361 adversus
798 3298 949 3382 Episcopi
966 3296 1164 3382 dignitatem,
1178 3296 1337 3380 aliamque
1352 3300 1519 3381 praestan·
1587 3378 1592 3385 Ι

336 3425 402 3485 tem
417 3422 651 3486 anctoritatem.
668 3457 684 3469 -
699 3423 779 3507 Arg.
796 3441 871 3487 can.
884 3421 944 3496 27,
961 3440 1053 3487 cans.
1069 3419 1129 3496 23,
1147 3440 1178 3505 q.
1196 3420 1227 3493 4,
1245 3421 1310 3485 DD.
1328 3420 1471 3495 tradunt,
1490 3422 1516 3486 si

336 3551 452 3630 agatur
475 3544 515 3609 de
537 3546 657 3609 iniuria
680 3544 804 3609 directa
827 3546 859 3608 in
884 3546 984 3631 ipsam
1007 3564 1196 3629 personam,
1222 3545 1320 3609 satius
1345 3563 1416 3609 esse
1439 3562 1516 3629 poe-

335 3688 411 3733 nam
426 3671 603 3743 remittere,
617 3669 657 3733 ad
674 3670 856 3754 exemplum
877 3668 1127 3734 mansuetudinis
1143 3666 1273 3749 Christi,
1291 3686 1386 3751 quarn
1400 3686 1516 3733 serere

335 3800 495 3881 repetere.
520 3796 620 3861 Secus
643 3814 722 3860 vero
746 3796 772 3859 si
796 3796 915 3859 iniuria
941 3795 1007 3859 lata
1031 3798 1079 3859 est
1104 3795 1135 3857 in
1159 3794 1261 3879 ipsam
1289 3795 1515 3860 auctoritatem

336 3920 489 3985 Praelati.
504 3920 550 3986 Cf.
567 3917 734 3987 Reiffenst.
752 3921 782 3983 b.
801 3926 821 3984 t.
839 3940 872 3985 n.
891 3920 948 3984 9.-
966 3920 1117 3985 Ceterum
1139 3918 1236 3984 facile
1253 3919 1371 3984 iniuria
1393 3918 1461 3983 lata
1483 3919 1516 3982 in

333 4061 511 4138 personam
532 4042 675 4106 Praelati
698 4038 892 4105 suffunditur
917 4042 949 4104 in
973 4042 1041 4104 eins
1065 4042 1301 4106 auctoritatem.

424 4168 497 4232 Huc
520 4167 694 4232 referenda
717 4172 766 4231 est
789 4164 962 4250 prohibitio
987 4165 1089 4230 libelli
1110 4140 1252 4249 farensis
1268 4168 1358 4231 cuins
1382 4168 1514 4249 antiqua

332 4311 438 4378 poena
461 4299 532 4357 erat
555 4301 589 4358 ut
613 4293 682 4357 eins
713 4297 862 4356 auctores
887 4292 1246 4357 excommunicarentur
1270 4297 1302 4356 et
1325 4290 1514 4357 verberibus

332 4417 560 4489 caederentur,
584 4438 655 4503 arg.
680 4436 707 4482 c.
725 4437 752 4482 c.
770 4418 796 4497 1,
813 4416 848 4489 2,
874 4436 965 4481 cans.
982 4416 1016 4490 5,
1034 4435 1065 4500 q.
1083 4418 1110 4479 1.
1126 4453 1141 4466 ·
1158 4418 1284 4483 Verum
1308 4416 1512 4490 advertatur,
