3350 5100
342 270 407 334 418
855 289 937 335 raas
963 288 1013 334 111.

340 413 468 495 effectu,
485 417 640 479 censetur
659 412 839 495 appellans
858 411 1078 479 renunciasse
1099 412 1338 494 appellationis
1361 412 1519 499 benefida

339 541 371 601 et
387 535 470 601 boec
492 542 735 620 consequenter
754 541 937 620 perempta
959 536 1158 603 declaratur
1173 556 1195 601 a
1209 538 1383 621 superiori
1405 546 1518 607 aucto·

338 660 486 725 ritate».
505 661 597 726 Haeo
615 661 807 744 peremptio
827 661 935 726 obstat
950 660 1184 743 prosecutioni
1199 662 1440 747 appellationis;
1464 664 1519 729 sed

339 802 405 848 non
428 785 591 851 dissimilis
613 785 805 869 peremptio
829 785 986 869 impedire
1017 785 1104 851 valet
1127 786 1180 851 vel
1207 788 1381 855 instantiae
1407 785 1520 854 deflui·

338 908 469 981 tionem,
483 909 534 973 vel
551 909 686 973 alicuius
702 915 793 973 actus
809 906 1103 992 adimplemsntum.
1118 910 1230 975 Veluti
1247 912 1273 975 si
1289 911 1353 975 iam
1369 910 1520 975 inchoata

339 1033 563 1117 appellatione,
592 1034 758 1119 appellans
788 1037 877 1117 petat
904 1052 1005 1097 novos
1032 1032 1155 1099 admitti
1182 1038 1281 1099 testes
1307 1041 1339 1101 et
1366 1034 1464 1101 iudex
1491 1038 1520 1101 ei

338 1153 498 1241 praefigat
519 1159 771 1242 peremptorium
791 1158 976 1238 terminum,
993 1176 1088 1240 quem
1112 1156 1218 1223 delabi
1237 1160 1322 1223 sinat
1344 1160 1519 1245 appellans,

339 1299 403 1343 non
424 1280 590 1366 productis
604 1279 739 1348 testibus
754 1301 816 1347 nec
830 1282 976 1369 legitima
990 1282 1132 1367 allegata
1147 1284 1365 1349 excusationis
1381 1286 1519 1366 ratione,

337 1404 436 1470 iudex
459 1403 605 1470 declarat
627 1406 783 1492 dilapsum
802 1426 874 1477 essa
890 1408 1065 1479 terminum
1083 1409 1358 1491 peremptorium
1374 1414 1407 1473 et
1422 1415 1520 1475 testes

337 1548 402 1592 non
426 1529 562 1613 amplius
590 1530 726 1599 admitti.
753 1567 770 1580 -
797 1531 1029 1596 Declararetur
1054 1538 1237 1615 perempta
1268 1534 1336 1618 ipsa
1366 1534 1521 1601 instantia

337 1653 571 1738 appellationis,
596 1656 623 1719 si
647 1656 734 1723 intra
749 1657 925 1721 terminum
942 1658 1140 1741 assignatum
1157 1657 1398 1741 probationibus
1421 1658 1519 1724 dedu-

337 1779 458 1852 cendis.
482 1780 650 1865 appellans
673 1782 819 1867 negligat
849 1780 1056 1866 probationes
1087 1800 1279 1867 comparare
1302 1787 1335 1847 et
1357 1782 1519 1849 deducere

336 1913 371 1973 ot
393 1907 513 1992 aliquid
536 1927 637 1993 agere
660 1908 693 1971 in
715 1908 992 1991 prosecutionem
1022 1908 1255 1993 appellationis.
1281 1943 1300 1956 -
1326 1909 1452 1975 Verum
1475 1929 1520 1977 ecc

336 2032 414 2097 iure
436 2051 556 2099 comm.
581 2052 651 2118 arg.
676 2054 703 2099 c.
725 2054 752 2098 c.
776 2034 810 2106 5,
836 2032 869 2107 8,
893 2032 943 2099 De
959 2033 1083 2116 appell.
1100 2032 1135 2096 X
1155 2030 1211 2117 (ll,
1228 2032 1294 2118 28),
1318 2040 1350 2099 st
1374 2032 1473 2099 clem.
1498 2033 1519 2099 3

336 2156 490 2222 eiusdem
513 2158 558 2221 tit.
580 2162 705 2242 tempus
721 2176 909 2223 concessum
930 2156 969 2221 ad
989 2158 1268 2241 prosequendam
1284 2163 1317 2223 at
1330 2158 1517 2243 finiendam

336 2280 585 2365 appellationem
601 2285 651 2347 est
665 2302 755 2348 unus
771 2301 885 2347 onnus
900 2286 942 2362 et,
959 2282 1103 2367 legitimo
1119 2274 1516 2366 obstanta'impedimenm

336 2404 520 2471 biennium.
534 2406 597 2471 Sed
608 2406 646 2472 in
658 2406 895 2473 criminalibus
907 2412 1051 2491 praestat
1064 2408 1193 2493 negotia
1204 2407 1345 2472 celerius
1358 2406 1517 2492 expediri

336 2548 438 2614 quare
453 2530 593 2598 celebris
608 2531 664 2596 lex
679 2567 695 2579 -
710 2529 978 2614 Properandum
992 2567 1009 2580 -
1025 2531 1100 2596 Cod.
1118 2531 1196 2598 lust.
1210 2531 1394 2598 triennium
1412 2535 1518 2598 causis

335 2653 490 2721 civilibus
505 2655 680 2744 constituit.
698 2654 874 2720 biennium
889 2655 1119 2720 criminalibus.
1142 2654 1222 2720 Inde
1242 2655 1313 2720 iure
1336 2676 1407 2722 can.
1425 2677 1517 2741 prae

335 2785 387 2844 ter
402 2779 525 2859 fatalia
540 2800 561 2844 a
575 2781 647 2844 iure
663 2781 845 2851 constituta,
871 2779 1076 2843 inoleverunt
1097 2779 1220 2861 satalia
1243 2778 1284 2844 ab
1307 2779 1443 2846 homine
1459 2779 1514 2862 (ci.

335 2904 411 2968 Vol.
429 2905 453 2975 Ι,
478 2924 512 2967 n.
528 2903 594 2968 648
617 2900 689 2987 sq),
712 2921 769 2966 seu
792 2903 922 2966 termini
943 2901 1166 2992 peremptorii
1190 2902 1343 2969 aiudice
1362 2903 1515 2968 determi-

335 3031 412 3100 nati,
438 3028 552 3113 quibus
574 3027 733 3093 inutiliter
752 3028 879 3112 elapsis,
896 3027 1068 3112 appellatio
1092 3025 1278 3092 declaratur
1300 3027 1434 3093 deserta
1457 3048 1516 3094 seu

332 3157 521 3234 perempta.
535 3152 620 3218 Sane
632 3152 672 3216 ad
684 3151 915 3218 inchoandam
927 3151 1176 3236 appellationem
1191 3150 1268 3214 lust,
1282 3148 1369 3215 iubet
1381 3150 1515 3216 concedi

334 3275 455 3362 oiqinti
479 3276 571 3359 dies;
595 3283 627 3341 et
649 3277 702 3340 alii
727 3277 859 3342 termini
875 3276 1024 3341 constitui
1049 3274 1159 3339 valent
1181 3273 1225 3339 ab
1244 3273 1380 3340 homine
1400 3293 1514 3359 nempe

334 3401 470 3485 imperio
486 3400 599 3466 iudicis
614 3398 655 3465 ad
669 3401 858 3485 finiendam
873 3399 1131 3485 appellationem,
1147 3397 1318 3464 dummodo
1335 3401 1367 3463 in
1383 3398 1515 3466 decreto

333 3523 489 3608 explicite
503 3529 667 3594 caveatur,
686 3525 859 3589 terminum
883 3523 1079 3607 assignatum
1104 3541 1175 3586 esse
1194 3523 1467 3604 peremptorium
1484 3532 1517 3588 et

333 3651 493 3735 assignari
516 3654 561 3731 ut,
578 3670 616 3714 eo
639 3650 798 3714 inutiliter
821 3650 941 3734 elapso,
962 3648 1134 3732 appellatio
1158 3646 1304 3712 edicatur
1328 3647 1463 3713 deserta
1483 3653 1516 3716 et

330 3776 510 3854 perempta
532 3791 590 3837 seu
612 3791 678 3836 non
700 3771 800 3837 fuisse
828 3791 1015 3838 concessam
1047 3771 1223 3854 simplicem
1251 3769 1450 3836 dilationem
1473 3771 1514 3836 ad

332 3896 470 3979 aliquem
494 3901 602 3962 actum
620 3897 843 3980 peculiarem,
869 3897 969 3962 veluti
991 3895 1031 3961 ad
1051 3893 1293 3981 producendum
1317 3895 1513 3962 instrumen-

333 4024 410 4084 tum.
428 4057 444 4066 -
462 4019 554 4095 Quod
581 4025 690 4085 tamen
710 4020 984 4104 peremptorium
1008 4019 1174 4082 decretum
1198 4016 1248 4081 edi
1273 4036 1338 4082 non
1361 4018 1459 4102 valet,
1487 4022 1513 4086 si

333 4139 498 4223 probetur,
529 4141 670 4206 adfuisse
700 4143 879 4226 legitimum
910 4138 1190 4224 impedimentum
1222 4139 1390 4220 quominus
1421 4145 1514 4205 actus

327 4261 606 4347 interponeretur.
628 4265 675 4330 cf.
701 4265 858 4336 Maschat‚
885 4265 967 4328 lust·
992 4263 1039 4335 ll,
1065 4262 1110 4326 lit.
1135 4259 1193 4334 28,
1218 4278 1252 4322 n.
1279 4258 1331 4324 18.

421 4385 497 4451 359.
522 4387 660 4452 Normas
682 4407 863 4473 processus,
889 4405 968 4471 quas
992 4389 1143 4468 sequetur
1168 4380 1264 4446 iudex
1287 4383 1512 4466 appellationis
