3350 5100
457 617 1408 702 51.Deubedmomnmarebmwaoarceuda.

345 882 565 942 huin.
581 915 617 928 -
643 885 688 941 37.
708 887 769 942 Huc
793 893 904 959 spectat
928 890 1030 943 titulus
1053 891 1149 944 tto.
1176 890 1334 956 Ulcera
1361 888 1446 959 Grec.
1468 888 1527 944 IX.

435 993 511 1050 «Se
535 993 664 1049 Praeloti
687 999 760 1052 rices
793 1013 861 1050 naas
884 998 933 1051 nel
954 997 1097 1052 Eecleaas
1120 1000 1173 1051 ub
1197 1014 1292 1050 minuo
1319 1013 1404 1051 ceasia
1427 1011 1529 1049 cence-

434 1103 504 1156 dms
515 1119 540 1158 ›-
557 1129 595 1144 -
612 1101 656 1156 38.
671 1102 742 1157 Item
762 1103 865 1156 titulus
881 1105 1054 1175 subsequens
1064 1121 1082 1156 ι
1095 1105 1139 1157 Dc
1153 1106 1301 1174 menistris
1318 1113 1344 1157 el
1361 1120 1398 1157 ne
1413 1103 1529 1172 aliquid
1654 1120 1655 1155 t

434 1209 567 1278 montur-
580 1227 637 1280 pre
657 1210 770 1265 licerrtia
788 1215 909 1265 docendi
920 1230 947 1262 n.
964 1240 1001 1252 -
1018 1211 1064 1265 39.
1078 1211 1302 1280 Compesenntnr
1317 1219 1461 1280 quaestum
1476 1213 1527 1279 [α.

435 1318 540 1372 mea
557 1333 595 1372 cx
611 1319 797 1388 erupentia
813 1320 936 1390 aliisque
949 1323 1053 1389 pretiis
1069 1317 1273 1388 spinlunlelm.

433 1545 487 1610 37.
511 1546 631 1612 Sensus
653 1547 814 1614 rubricae
843 1549 927 1615 tituli
953 1571 973 1608 ι
987 1547 1042 1612 Xe
1064 1547 1221 1613 Praelnti
1251 1548 1338 1613 uices
1365 1565 1449 1611 maus
1470 1545 1528 1610 nel

345 1671 514 1738 Ecclesiae
541 1671 605 1738 sub
633 1693 750 1740 annuo
774 1694 878 1740 censu
901 1673 1134 1745 concedant»,
1158 1680 1210 1739 est
1234 1672 1466 1736 determinatus
1491 1675 1528 1734 el

345 1791 450 1878 legem
474 1797 619 1860 ccrntinet
642 1815 841 1880 expressam.
875 1796 968 1861 l'iccs
988 1805 1098 1860 antem
1128 1795 1354 1880 intelliguntur
1378 1792 1523 1856 Praelati

343 1917 525 1983 concedere
540 1938 637 2003 quum
653 1921 802 2004 officium
816 1941 910 1985 suum
925 1921 1022 1985 alteri
1037 1920 1210 1994 mandant;
1227 1921 1394 1985 Ecclesiae
1412 1923 1526 1983 autem

343 2039 418 2106 dam
430 2043 562 2110 reditus
572 2043 781 2129 beneficiales
792 2054 849 2109 aut
865 2047 951 2130 ipsos
967 2045 1084 2109 fundos
1097 2046 1208 2109 locant
1221 2045 1320 2108 alteri
1334 2041 1393 2108 sub
1403 2061 1526 2109 annuo

345 2187 458 2234 cenare
472 2167 661 2234 Huiusmodi
678 2171 915 2256 prohibitiones
930 2167 1102 2235 confirmat
1117 2170 1205 2234 Trid.
1222 2169 1344 2236 concil.
1361 2167 1449 2234 Sese.
1461 2167 1527 2248 25,

344 2310 420 2374 cap.
444 2293 483 2358 11
507 2289 561 2358 De
582 2291 648 2372 ref.

433 2415 621 2484 Decretales
636 2439 719 2503 quae
741 2420 804 2485 hoc
824 2420 917 2484 titulo
940 2419 1047 2485 editae
1068 2425 1154 2490 sunl,
1170 2419 1320 2483 derivant
1342 2437 1385 2484 ex
1400 2417 1524 2484 Concil.

344 2541 556 2609 Lateraneusi
574 2543 623 2609 111
641 2543 750 2611 habito
765 2548 812 2623 (a.
826 2545 925 2630 1179)
937 2545 979 2609 ab
990 2544 1087 2609 Alex.
1100 2544 1151 2609 111
1165 2550 1199 2609 et
1209 2542 1379 2609 ordinatae
1390 2541 1524 2606 luerunt

342 2666 382 2731 ad
395 2668 621 2753 extirpandum
634 2670 666 2733 in
684 2670 781 2734 rebus
798 2676 829 2733 et
842 2667 956 2733 officiis
967 2668 1198 2734 ecclesiasticis
1213 2670 1305 2734 ltaem
1315 2684 1522 2733 rnunnusnl

344 2790 398 2872 qni
422 2790 602 2857 inoleverat
625 2791 665 2855 ob
689 2794 867 2857 cessionem
891 2790 1069 2857 officiorum
1093 2798 1126 2857 et
1148 2792 1307 2856 bonorum
1329 2788 1446 2855 eccles.
1462 2786 1525 2852 sub

342 2932 451 2979 annuo
473 2934 584 2997 censu,
608 2916 692 2981 unde
715 2918 776 2983 ista
800 2914 920 2982 fiebant
939 2916 1101 2981 Praelatio
1123 2916 1313 3002 ccctipolin,
1329 2935 1393 2979 non
1416 2914 1524 2977 minus

343 3052 383 3099 ac
406 3054 509 3121 regna
531 3044 587 3101 aut
609 3038 725 3123 oppida
748 3038 835 3103 lacta
858 3039 989 3103 fuerant
1010 3038 1183 3124 vectigalia
1212 3033 1466 3124 imperatoribus
1488 3040 1523 3098 ct

345 3158 558 3245 Principibus.
587 3160 802 3235 Quamobrem
833 3165 999 3229 inductum
1030 3168 1103 3229 erat
1132 3170 1168 3227 ut
1195 3162 1340 3226 Praelati
1367 3158 1524 3223 reditibus

343 3282 542 3365 fruerentur,
555 3285 668 3350 saltem
680 3287 713 3349 in
726 3286 833 3369 aliqua
845 3294 947 3370 parte.
961 3306 1094 3352 suorum
1109 3284 1306 3360 officiorum;
1322 3290 1355 3349 et
1366 3283 1422 3349 alii
1433 3284 1523 3347 vices

342 3430 455 3475 eorum
483 3418 620 3495 agerent
643 3412 675 3475 in
699 3412 868 3497 explendis
891 3412 1014 3477 officiis.
1038 3414 1091 3479 Ex
1121 3413 1185 3478 hac
1214 3412 1342 3476 ratione
1368 3411 1522 3474 historica

341 3534 456 3603 satisfit
471 3538 648 3621 quaestioni
666 3539 905 3604 canonistarum
923 3535 976 3624 'qni
993 3544 1155 3623 quaerunt
1169 3558 1212 3603 an
1227 3540 1310 3603 baec
1329 3535 1465 3600 simonia
1480 3536 1520 3597 sit

341 3662 421 3725 iuris
445 3659 561 3725 eccles.
579 3669 635 3727 aut
650 3658 760 3726 diuini.
785 3662 946 3745 Siquidem
970 3667 1067 3747 patet,
1091 3661 1282 3745 improprie
1301 3658 1522 3746 tantummodo

341 3784 403 3851 dici
425 3784 632 3853 simoniacos
655 3785 834 3851 huiusmodi
860 3788 1084 3853 concessiones
1102 3806 1185 3870 qnae
1200 3784 1416 3850 versabantur
1436 3782 1521 3848 dum-

341 3912 432 3973 taxat
455 3909 545 3974 circa
567 3928 622 3975 res
637 3909 832 3994 temporales
847 3910 1083 3991 spiritualibus
1097 3908 1251 3981 adnexas,
1266 3926 1411 3992 quaeque
1427 3905 1521 3971 subii·

340 4030 468 4099 ciebant
491 4031 596 4098 officia
611 4034 727 4098 eccles.
755 4034 1024 4119 clelepalinnibns
1045 4034 1182 4099 sednon
1201 4030 1520 4116 pernoctationibus.

342 4157 484 4223 Praelati
521 4164 627 4223 autem
664 4159 875 4224 consulebant
908 4178 986 4225 suae
1020 4159 1244 4226 sustentationi
1275 4178 1335 4242 per
1364 4176 1521 4223 conicum

339 4296 477 4345 censum
492 4280 739 4345 reserenliunm
755 4279 820 4359 (Cf.
840 4278 1047 4353 D’Annibale,
1065 4280 1114 4360 II,
1130 4299 1166 4344 a.
1182 4279 1256 4359 511)
1277 4298 1333 4343 seu
1353 4282 1523 4342 reservata

339 4402 397 4469 sibi
422 4408 514 4487 parte
543 4402 713 4467 redituum.
