3350 5100
812 638 935 704 Carum
961 638 1022 702 lv.

448 831 494 883 DE
513 830 717 884 SENTENTIA
739 830 948 885 DEFlNlTlVA
970 830 1042 883 VEL
1061 828 1384 885 lNTERLOCUTORlA

571 955 887 1011 consentaneam
908 956 979 1009 VEL
998 955 1265 1011 ABSOLUTORIA.

327 1167 594 1223 sumim-
611 1170 672 1223 254.
685 1169 770 1225 ludex
789 1170 819 1222 in
836 1169 1015 1239 expediendis
1034 1170 1244 1239 quaestionibus
1262 1170 1321 1223 sive
1338 1170 1504 1221 decidentem

415 1278 475 1331 sive
485 1278 660 1347 definitivam
677 1278 735 1332 edit
752 1279 930 1332 sententiam.
945 1307 979 1319 -
992 1279 1053 1331 255.
1068 1278 1142 1332 Haec
1161 1284 1204 1332 est
1222 1284 1272 1331 ant
1290 1276 1505 1331 ronredines-tn

416 1391 466 1438 aut
485 1387 705 1441 contantacialis.
725 1415 760 1427 -
778 1386 840 1439 256.
857 1386 921 1439 Alia
939 1390 982 1439 est
999 1387 1180 1451 absoluaris,
1193 1386 1252 1439 alia
1270 1388 1505 1441 condartnatoria.

417 1492 599 1547 absolutoria
616 1497 660 1547 est
680 1500 729 1546 aut
747 1495 783 1547 ab
801 1496 934 1546 noemmin
958 1498 1008 1545 aut
1026 1508 1043 1545 a
1062 1494 1189 1546 crimine.
1208 1522 1244 1530 -
1262 1492 1323 1544 257.
1343 1490 1505 1544 Sententiae

417 1600 578 1669 definitivae
597 1597 732 1668 requisita
750 1599 917 1652 extrinseca.
936 1626 970 1639 -
989 1598 1050 1651 258,
1072 1597 1218 1667 Reqnisita
1235 1598 1394 1650 intrinsece.

417 1816 494 1881 254.
518 1814 740 1889 Quaestiones
757 1833 841 1898 quae
863 1813 977 1879 iudicis
1000 1815 1142 1878 examini
1165 1812 1406 1892 submittuntur,
1430 1820 1505 1876 sunt

327 1948 384 2007 aut
402 1941 615 2023 principales
637 1946 693 2004 aut
715 1940 926 2005 necessariae
951 1960 1008 2004 seu
1038 1940 1234 2005 incidentes.
1259 1938 1339 2004 Inde
1361 1955 1503 2023 pronun-

329 2068 483 2131 ciationes
498 2063 613 2129 iudicis
634 2064 741 2129 editae
763 2063 804 2130 ad
826 2062 1024 2129 definiendas
1040 2065 1195 2129 eiusmodi
1210 2064 1415 2148 quaestiones
1431 2066 1506 2126 sunt

328 2189 529 2275 definitivae.
546 2190 573 2253 si
593 2187 746 2252 dirimant
760 2191 964 2270 quaestiones
977 2189 1211 2272 principans,-
1226 2194 1301 2253 sunt
1323 2185 1503 2252 incidentes

328 2332 384 2379 seu
399 2312 682 2383 interlocutoriae.
699 2332 797 2395 quum
816 2312 993 2398 expediunt
1015 2314 1220 2397 quaestiones
1242 2312 1427 2377 incidentes
1448 2328 1505 2375 seu

329 2437 544 2503 accessorius.
569 2436 782 2509 Quaestiones
809 2436 994 2503 incidentes
1023 2438 1104 2501 oriri
1127 2436 1285 2520 contingit
1307 2454 1405 2518 super
1432 2452 1506 2517 quo

330 2561 408 2626 libet
428 2567 503 2626 actu
525 2558 680 2635 iudiciali;
704 2561 855 2625 nimirum
873 2562 984 2644 quaeri
1002 2566 1107 2646 potest
1121 2579 1163 2624 an
1180 2559 1286 2624 valide
1300 2561 1430 2648 ,positus
1453 2558 1504 2637 sit,

329 2691 363 2751 et
385 2687 429 2750 ita
442 2684 497 2750 vel
519 2686 553 2747 iu
577 2703 732 2768 personas
755 2684 909 2748 indicium
933 2683 1161 2768 ingredientes,
1178 2683 1230 2748 vel
1247 2685 1279 2746 in
1299 2680 1505 2767 probationes

329 2809 492 2888 adductas,
509 2808 561 2872 vel
584 2809 617 2872 in
641 2807 768 2871 modum
784 2805 979 2891 procedendi
996 2809 1183 2873 excitantur
1198 2809 1401 2890 quaestiones
1423 2807 1506 2870 inci·

329 2936 451 3001 dentes.
468 2934 507 2998 ln
524 2933 586 2997 vol.
606 2934 631 3012 l,
647 2953 677 2996 n.
695 2933 763 2999 536
777 2952 843 3016 seq.
861 2935 984 3018 egimus
1008 2933 1048 2998 de
1071 2933 1121 2997 his
1144 2931 1383 3017 quaestionibus
1406 2931 1505 3016 potis-

256 3061 263 3072 '
329 3060 443 3121 simum
458 3057 493 3120 in
508 3075 546 3118 re
562 3055 661 3132 cicili,
677 3061 712 3121 at
726 3056 759 3119 in
775 3075 844 3118 rem
861 3055 1075 3120 eiminalern
1091 3058 1195 3140 aptari
1219 3062 1352 3140 possunt
1372 3055 1505 3139 regulae

330 3181 501 3267 generales
524 3179 566 3243 ibi
589 3179 779 3264 explicatae.
798 3181 888 3254 Quae
911 3182 1066 3264 specialia
1088 3187 1163 3246 sunt
1186 3182 1273 3245 infra
1288 3181 1504 3246 advertemus.

329 3304 425 3369 Modo
449 3309 595 3371 notamus
611 3306 752 3388 potiores
775 3325 890 3369 musas
913 3304 1091 3372 incidentes
1114 3307 1238 3372 moveri
1264 3343 1281 3354 -
1307 3307 1349 3372 de
1372 3322 1507 3372 recusa·

331 3432 420 3495 tione
448 3427 588 3508 tudun,
613 3463 631 3476 -
655 3429 698 3494 de
719 3431 860 3512 repulsa
883 3429 1015 3496 testium
1041 3467 1058 3478 -
1083 3432 1126 3496 de
1148 3430 1317 3497 attentatas
1336 3429 1506 3514 pendente

329 3552 558 3636 appellatione
574 3587 592 3600 -
609 3551 652 3616 cle
673 3553 898 3619 contumacia.
917 3589 935 3600 -
954 3553 1058 3617 Porro
1081 3555 1322 3638 qualiscumque
1344 3554 1505 3618 sententia

329 3682 379 3738 est
408 3675 686 3757 «pronunciatio
710 3676 832 3742 iudicis
856 3677 1006 3762 lepitirna
1029 3697 1134 3760 super
1157 3677 1354 3761 quaestione
1377 3695 1399 3740 a
1423 3694 1501 3742 con-

330 3797 541 3870 tendentibus
559 3799 739 3881 proposita
756 3820 785 3862 a.
811 3801 860 3864 cf.
886 3801 961 3864 Vol.
988 3804 1012 3872 l,
1039 3820 1069 3865 u.
1094 3801 1168 3874 602,
1194 3820 1240 3884 sq.

419 3921 495 3987 255.
521 3924 655 4006 Inquam
681 3959 699 3970 -
723 3943 746 3988 a
769 3924 1045 3990 contendentibus
1063 3926 1253 4009 proposita,
1281 3961 1298 3972 -
1324 3944 1439 4008 nempe
1462 3922 1502 3988 ab

330 4055 519 4114 accusatore
542 4050 594 4114 vel
618 4049 658 4114 ab
681 4055 833 4116 accusato
865 4052 1045 4136 proposita;
1069 4051 1223 4135 siquidem
1249 4055 1390 4135 quaestio
1414 4051 1503 4134 prin·

331 4173 443 4258 cipalis
465 4175 691 4241 manationis
713 4174 754 4240 ab
777 4182 975 4248 accusatore,
993 4183 1179 4261 promotore
1204 4175 1272 4242 fisci
1291 4197 1348 4242 seu
1371 4195 1417 4242 ea
1432 4175 1502 4260 offi-

331 4298 381 4364 eio
404 4318 425 4362 a
446 4299 551 4364 iudice
578 4302 761 4384 inquirente
795 4303 1002 4386 proponitur,
1027 4307 1061 4366 at
1090 4304 1295 4386 quaestiones
1324 4300 1504 4366 incidentes

332 4421 400 4486 sive
430 4421 470 4488 ab
500 4429 698 4488 acanatore
720 4423 790 4487 sive
811 4423 851 4488 ab
875 4431 1032 4490 accusato
1052 4413 1172 4491 ¹accidit
1201 4433 1237 4489 ut
1268 4429 1502 4509 proponantur.
