3350 5100
502 277 545 321 na
568 275 708 322 runicus
732 273 986 322 carnrnanrens.
1266 251 1331 318 199

242 398 317 462 140.
343 399 522 462 Praeterea
551 398 724 463 advertere
747 375 907 482 praestat,
939 400 971 463 in
1001 397 1091 463 iure·
1109 398 1221 464 eccles.
1255 397 1330 479 quia

152 538 317 602 nunquam
338 520 460 586 abolita
473 522 535 587 fuit
549 524 634 587 ratio
648 522 845 607 procedendi
869 542 929 606 par
944 520 1203 594 accusationem,
1224 537 1329 602 neque

148 643 299 710 actiones
328 646 518 728 populures
555 646 741 710 criminales
775 651 959 731 expunctae
993 644 1126 710 suerunt
1162 662 1184 707 a
1217 641 1330 708 codice

151 875 190 928 De
203 887 398 945 procuratore
410 879 507 932 cunae
525 879 738 943 ecclesiasticae,
751 877 799 948 qui
818 876 938 930 habetur
957 876 990 929 ad
1004 874 1109 929 calcem
1122 873 1188 928 libri
1203 871 1329 927 eiusdem

150 983 282 1035 Auctoris
304 985 350 1036 cui
370 983 483 1038 titulus:
502 1002 518 1037 a
537 985 576 1039 Le
591 989 700 1055 perfert
719 985 837 1038 Notor're
856 984 1037 1053 Apostolipuc
1050 1000 1074 1036 a.
1091 1009 1119 1022 -
1141 979 1226 1034 Divus
1244 978 1331 1032 Caro-

148 1087 189 1140 lus
207 1090 396 1144 Borromaens
414 1091 443 1144 in
462 1092 615 1145 ordinanda
628 1093 707 1145 curia
725 1090 928 1145 Mediolanensi
947 1089 1096 1160 specialem
1110 1085 1328 1142 sollicitudinem

148 1203 175 1247 et
193 1195 374 1263 prudentiam
394 1198 529 1266 impendit
546 1199 575 1251 in
588 1197 799 1252 determinando
820 1197 915 1268 Officio
933 1196 1104 1250 Promotoris
1118 1194 1190 1248 Fisci
1209 1197 1239 1248 et
1258 1191 1330 1246 Sub·

147 1302 312 1356 stitntornm
326 1332 342 1342 -
355 1303 385 1356 in
397 1306 476 1358 Actis
494 1305 601 1360 Euclea
614 1307 806 1360 Medioloucu.
822 1314 897 1375 por-t.
916 1305 946 1368 4,
958 1304 985 1356 lt.
998 1303 1072 1356 tituli
1085 1301 1181 1356 -adeo
1199 1304 1231 1354 ut
1242 1299 1329 1352 abali-

148 1424 213 1462 nere
231 1423 291 1463 non
309 1426 421 1479 possum
440 1427 458 1464 a
475 1412 620 1467 referendo
638 1411 772 1467 eiusmodi
791 1411 891 1477 titulo,
912 1412 983 1465 unde
1005 1413 1084 1480 patet
1101 1407 1227 1478 gravitas
1245 1404 1328 1460 huius

147 1515 280 1570 muneris.

233 1636 251 1672 a
267 1623 310 1677 De
323 1623 413 1694 affine
426 1623 600 1678 &umorue
614 1625 689 1679 Fieri
707 1636 734 1679 et
754 1625 978 1678 substitutorum.
1000 1653 1014 1662 -
1035 1621 1077 1675 Sit
1096 1639 1167 1676 unus
1180 1620 1327 1674 Promotor

148 1728 235 1794 risei,
254 1729 391 1795 clericus,
409 1737 439 1786 et
463 1732 532 1784 iuris
557 1734 703 1803 utriusque
722 1733 831 1797 doctor,
851 1732 897 1802 qui
923 1730 1028 1786 habeat
1053 1747 1138 1784 unum
1163 1731 1212 1782 aut
1231 1727 1324 1796 plures

145 1836 243 1902 socios,
256 1835 303 1890 vel
317 1836 499 1902 Substitutos,
512 1843 543 1891 ut
556 1837 790 1909 Archiepiscopns
802 1855 871 1908 opus
884 1854 944 1893 esse
956 1837 1106 1902 censuerit,
1119 1851 1182 1890 curn
1201 1850 1325 1902 congruo

146 1943 295 2010 stipendio.
308 1973 343 1985 -
363 1944 465 2000 Omnes
483 1953 577 2000 autem
597 1947 633 2000 ab
652 1946 749 2001 eodem
768 1945 985 2014 Archiepiscopo
998 1943 1165 2013 deligantur.
1179 1969 1212 1984 -
1226 1941 1325 1996 Memi-

147 2049 240 2102 nerint
259 2065 329 2103 vero
347 2047 404 2115 illi,
422 2065 453 2104 se
471 2066 532 2105 esse
556 2055 751 2120 procuratores
774 2051 919 2116 veritatis,
937 2056 967 2103 et
991 2066 1046 2102 non
1070 2049 1171 2104 debere
1196 2048 1247 2101 sub
1266 2047 1327 2102 eius

145 2152 246 2222 clypeo
265 2156 430 2212 innocentes
448 2157 621 2227 opprimere,
638 2157 683 2212 vel
703 2158 774 2212 alias
792 2174 853 2212 esee
876 2158 906 2212 in
929 2173 1028 2222 causa,
1047 2160 1079 2210 ut
1097 2157 1159 2226 quis
1178 2153 1327 2208 calumniis

145 2260 290 2331 fatigetur.
308 2292 346 2302 —
363 2263 476 2318 Nullam
495 2281 608 2318 causam
628 2269 809 2333 promoveant
821 2281 904 2333 super
917 2280 1090 2346 quocumque
1104 2263 1230 2327 crimine,
1242 2277 1325 2330 quem

145 2368 331 2424 indicaverint
349 2387 411 2425 esse
429 2371 645 2437 calumniosam
666 2372 713 2427 sed
732 2389 794 2426 cum
813 2372 933 2441 primum
946 2371 980 2425 de
998 2371 1140 2425 calumnia
1157 2367 1324 2434 constiterit,

146 2475 186 2528 rel
212 2475 249 2530 de
273 2476 315 2531 rei
340 2478 518 2544 innocentia,
541 2480 576 2532 ab
601 2477 651 2532 illa
676 2480 820 2534 desistant.
839 2507 875 2520 -
894 2479 997 2533 Eorum
1022 2495 1105 2532 curae
1129 2477 1167 2530 ait
1185 2474 1323 2545 promotio

145 2582 268 2636 omnium
287 2599 435 2636 caumrum
449 2584 641 2638 'criminalium
649 2602 657 2648 ;
678 2585 819 2656 inquibus
836 2602 900 2639 cum
913 2583 1061 2654 diligentia
1073 2583 1139 2637 dent
1157 2597 1279 2650 operam,
1293 2585 1325 2633 ut

144 2687 261 2743 crimina
278 2689 392 2757 publice
411 2690 588 2745 vindicentur
605 2692 640 2745 ad
659 2692 861 2761 praescriptum
883 2708 1024 2745 sacrorum
1043 2706 1188 2744 canonum.
1201 2714 1238 2729 -
1250 2690 1324 2741 Anto

144 2795 236 2848 omnia
256 2802 443 2863 promoveant
460 2800 536 2852 omni
554 2798 705 2868 vigilantia
723 2805 821 2853 causas
840 2800 912 2855 fidei.
927 2828 961 2841 -
973 2799 1078 2853 Causae
1096 2798 1323 2859 inconfessornm,

144 2905 170 2951 et
187 2917 246 2955 non
264 2904 535 2959 communicatorum
554 2908 583 2959 in
602 2911 728 2977 tempora
748 2907 903 2961 Paschatis.
915 2937 951 2947 -
963 2906 1068 2960 Causas
1080 2905 1114 2959 ad
1127 2904 1234 2960 cultum
1252 2903 1322 2956 divi-

144 3022 208 3058 num
225 3012 391 3075 spectantes
410 3014 441 3061 ut
458 3009 492 3063 de
512 3011 746 3077 inobservatione,
766 3017 816 3066 aut
833 3011 988 3067 violatione
1006 3012 1113 3067 dierum
1130 2994 1275 3077 festorum,
1288 3010 1323 3064 de

144 3111 216 3165 mala
233 3113 366 3167 versandi
384 3115 534 3170 rationein
548 3116 674 3172 ecclesiis
687 3126 785 3173 contra
797 3120 1000 3189 praescriptum
1013 3118 1228 3173 Constitutionis
1240 3117 1284 3170 Pii
1299 3116 1322 3167 V

144 3214 268 3283 (Calend.
290 3218 396 3287 Aprilis
423 3220 518 3289 1566),
542 3228 572 3276 et
589 3223 703 3277 decreta
725 3224 928 3290 provincialia,
951 3224 1163 3291 Dioecesanave,
1185 3228 1214 3279 91
1232 3223 1323 3277 edicta

145 3322 411 3395 archiepiscopalia
423 3356 457 3368 —
471 3328 575 3383 causas
593 3331 662 3385 item
680 3333 824 3399 simoniae,
839 3332 988 3399 sodomiae,
1001 3332 1199 3403 blasphemiae,
1212 3350 1244 3386 ac
1258 3347 1322 3385 con·

144 3430 293 3484 rabinatus
310 3431 345 3485 ad
364 3436 566 3503 praescriptum
591 3452 733 3492 sacrorum
752 3456 898 3505 canonum,
918 3445 948 3494 et
965 3440 1181 3494 Constitutionis
1199 3454 1322 3507 praesar-

145 3538 192 3589 tim
216 3537 262 3591 Pii
289 3538 384 3599 Quinti
404 3540 529 3609 (Galend.
555 3544 662 3613 Aprilis
689 3546 776 3610 1566).
802 3575 836 3589 -
857 3546 961 3601 Causas
985 3564 1096 3613 eorum,
1115 3547 1161 3617 qui
1187 3546 1323 3601 beneficia

143 3643 367 3713 incompatibilia
384 3648 514 3703 retinent.
532 3678 569 3691 -
588 3651 658 3705 'l'um
677 3669 783 3719 eorum,
801 3656 848 3725 qui
868 3672 885 3709 a
903 3657 1047 3710 beneficiis
1065 3654 1243 3710 residentiam
1262 3670 1323 3721 pen

142 3749 267 3803 eonalem
294 3752 503 3838 requirentibus
528 3757 644 3824 abennt3
672 3761 835 3828 praesertim
861 3778 878 3815 a
902 3761 1108 3831 parochialibus
1129 3765 1158 3816 91
1176 3761 1323 3815 canonica-

142 3857 225 3910 tibus.
242 3886 280 3898 -
299 3858 342 3911 Ad
360 3858 426 3913 illos
444 3863 528 3916 etiam
546 3870 664 3933 spectat,
677 3868 823 3921 assistendi
843 3869 941 3935 causis,
963 3870 1034 3923 tueri
1053 3869 1214 3923 libertatem
1234 3869 1321 3924 accle-

142 3959 244 4013 siarum
264 3959 373 4026 abhis,
392 3964 440 4034 qui
459 3968 631 4022 contendunt
651 3971 695 4023 ius
714 3975 879 4039 patronatus
898 3972 926 4025 in
945 3973 1003 4027 illis
1022 3973 1133 4029 habere.
1153 4003 1187 4016 -
1207 3972 1320 4028 Illorum

143 4066 237 4122 itidem
257 4069 381 4125 officium
402 4073 471 4139 erit,
497 4091 559 4127 cum
582 4076 771 4133 sollicitudine
795 4096 958 4148 promovere
983 4099 1081 4136 musas
1105 4098 1214 4147 omnes,
1234 4082 1319 4137 etiam

143 4174 248 4240 civiles,
269 4192 344 4246 qnae
367 4194 402 4232 ex
425 4181 517 4235 officio
542 4188 715 4253 tractantur,
733 4188 861 4257 quamvis
886 4190 971 4243 etiam
997 4190 1211 4258 assistat'pars,
1237 4206 1319 4258 prae·

142 4281 237 4333 sertim
258 4296 310 4349 pro
333 4286 498 4339 executione
524 4288 631 4356 piorum
657 4289 818 4345 relictorum
844 4300 873 4347 at
896 4297 1032 4349 bonorum
1057 4296 1319 4361 ecclesiasticorum,

142 4381 287 4448 pimumve
311 4384 436 4441 locorum
460 4397 655 4460 usurpatorum
681 4399 900 4465 recuperatione.
921 4430 954 4441 -
973 4401 1070 4457 Itidem
1090 4402 1123 4456 de
1141 4405 1232 4457 causis
1250 4421 1319 4475 qno·
