3350 5100
748 304 854 351 INDEX
877 302 1080 351 §tuorumve

791 584 951 640 TITULUS
971 584 1032 639 ΧΠ.

474 758 510 797 Μ
530 759 698 799 celmundus
716 761 848 801 nolttssls
866 761 896 799 ln
915 760 1014 799 utel!
1032 760 1209 800 neronem
1229 762 1353 801 metunt

637 867 767 906 oenoxtle
786 866 853 906 Luat
873 867 995 907 eorunm
1015 868 1184 908 uocemue.

327 1061 373 1113 44.
389 1060 530 1122 Quaenam
548 1064 605 1116 sint
623 1061 777 1117 huiusmodi
799 1063 918 1117 crimine
960 1103 1278 1117 ........
1309 1083 1375 1136 pay.
1415 1083 1430 1118 ›
1469 1066 1508 1121 63

323 1168 367 1223 45.
387 1170 428 1224 Ex
448 1170 491 1223 his
509 1170 566 1223 elie
583 1170 727 1225 offendunt
742 1170 908 1239 religionem
929 1171 986 1225 Deo
997 1171 1129 1238 debitam,
1143 1172 1201 1225 elie
1211 1171 1377 1228 charitatem

429 1277 545 1331 leedunt
563 1294 631 1347 erge
654 1280 775 1349 scipsos,
794 1278 840 1333 vel
859 1294 928 1347 erge
945 1279 1020 1333 elios
1043 1280 1240 1344 exercendem,
1258 1282 1378 1336 menime

430 1382 527 1439 habito
546 1388 673 1453 respectu
692 1385 792 1439 selutis
810 1384 921 1439 enimse
923 1424 1376 1442 ...........
1414 1402 1432 1443 »
1468 1388 1509 1443 ib.

324 1490 368 1543 46.
389 1488 449 1544 an
468 1494 597 1558 spectent
620 1489 722 1544 delicte
746 1507 880 1554 venereo,
900 1468 1164 1561 quippecontrerie
1181 1493 1237 1546 iuri
1260 1498 1379 1548 neturee

430 1602 460 1653 et
477 1602 555 1652 recto
574 1597 633 1651 usui
653 1597 754 1651 uirium
774 1598 946 1652 naturalium
961 1600 1153 1655 ordineterum
1172 1601 1206 1654 ed
1224 1617 1381 1670 propegen-

430 1703 496 1757 dnm
515 1702 666 1757 humenum
686 1718 773 1772 genus
788 1742 1378 1760 ..............
1414 1725 1431 1761 »
1469 1707 1509 1759 64

383 1938 401 1998 s
416 1934 439 1989 l.
455 1936 497 1989 Dc
508 1934 719 2004 proferentibus
731 1936 818 1989 uerbo
830 1945 880 1987 out
889 1936 1096 2005 propositiones
1107 1938 1296 1991 asserentibus
1307 1938 1338 1990 iss
1350 1937 1442 1992 Dm

350 2042 399 2096 vel
417 2043 445 2093 in
465 2041 621 2096 Ecclesiam
640 2042 786 2107 iniuriosa,
805 2052 833 2095 et
850 2042 887 2095 de
906 2045 949 2101 iis.
968 2044 1017 2113 qni
1033 2059 1135 2097 nomen
1152 2047 1221 2098 dont
1238 2047 1321 2098 sectis
1337 2045 1487 2098 dammis.

327 2236 369 2288 47.
391 2236 501 2291 Poenae
519 2236 547 2289 in
567 2235 742 2305 blasphemos
744 2274 1333 2293 ..............
1365 2256 1432 2309 pap.
1470 2239 1511 2293 64

327 2342 372 2397 48.
393 2343 503 2399 Poenae
516 2328 544 2397 i'n
557 2344 688 2399 docentes
701 2349 730 2398 et
742 2344 921 2399 defendentes
938 2346 1141 2414 propositiones
1152 2348 1187 2400 eb
1202 2349 1298 2417 Apoet
1310 2345 1380 2401 Sede

432 2453 585 2505 namneus
613 2490 1289 2507 ................
1293 2527 1295 2530 ¹
1327 2492 1334 2506 .
1371 2425 1380 2505 .’
1416 2468 1433 2507 »
1470 2454 1510 2506 ee

330 2557 373 2614 49.
394 2560 675 2616 Excommunicentur
692 2577 795 2614 nomen
813 2563 911 2615 dentes
931 2563 1013 2615 sectis
1030 2560 1184 2632 demnetisl,
1201 2561 1289 2617 veluti
1309 2561 1384 2615 Mes·

434 2668 555 2734 senices,
568 2667 726 2738 eisdemque
744 2670 882 2734 faventes,
896 2685 1003 2724 necnon
1022 2667 1195 2740 coryphoeos
1210 2684 1264 2723 noo
1278 2669 1380 2723 denun-

339 2753 341 2758 Ι
433 2775 540 2830 cientes
566 2814 1379 2830 ...................
1417 2791 1434 2828 »
1471 2776 1510 2828 67

328 2881 372 2936 50.
392 2880 431 2936 De
450 2885 582 2936 damnata
600 2883 728 2936 societate
743 2881 880 2936 smectica
894 2899 949 2951 pro
962 2883 1150 2936 vindicatione
1161 2882 1268 2936 invium
1280 2861 1389 2952 populi

436 2990 581 3044 christiani
599 2999 626 3043 et
637 2993 667 3043 in
682 2991 785 3058 primis
803 2989 922 3047 romani.
933 2990 962 3041 in
976 2987 1115 3043 electione
1135 2988 1214 3043 Rom.
1227 2989 1380 3043 Pontificie
1416 3005 1433 3044 »
1470 2988 1504 3043 71

489 3206 506 3265 5
526 3203 550 3253 2.
573 3203 615 3255 De
633 3203 796 3256 criminibus
814 3219 887 3272 meae
904 3206 1031 3272 coporis
1049 3203 1204 3256 etenim
1220 3203 1342 3255 salutem

724 3309 754 3360 in
772 3309 936 3362 discrimem
953 3309 1104 3362 adducunt.

460 3449 522 3502 (nuc
538 3448 668 3492 serenatur
680 3449 742 3492 utun
755 3447 788 3502 to,
804 3449 839 3504 n,
856 3449 889 3501 n,
905 3449 939 3500 n,
955 3449 989 3502 n,
1005 3449 1038 3503 n,
1052 3450 1075 3492 x
1089 3449 1140 3493 llbr.
1156 3451 1184 3504 v,
1197 3456 1222 3493 ss
1235 3451 1257 3503 i,
1270 3451 1292 3490 v
1306 3450 1328 3491 n
1341 3449 1373 3502 st
1425 3469 1435 3501 s

328 3625 371 3679 51.
393 3625 432 3680 De
450 3625 495 3692 iis,
509 3627 561 3702 'qui
580 3625 719 3682 violentes
741 3644 839 3680 menos
858 3627 887 3680 in
906 3628 1012 3695 seipsos
1029 3628 1154 3682 inserunt
1155 3666 1340 3680 .....
1364 3623 1437 3698 lpap.
1473 3627 1512 3679 72

329 3729 374 3784 52.
394 3730 523 3786 Duellum
542 3732 674 3801 gravibus
693 3732 789 3801 poenis
807 3732 992 3800 compescitur
993 3771 1382 3785 ..........
1420 3749 1437 3784 ›
1473 3730 1511 3784 73

331 3835 374 3891 53.
394 3837 601 3893 Prohibitionee
619 3843 648 3893 et
667 3855 772 3908 poenae
797 3838 968 3894 constitutae
986 3839 1015 3892 in
1035 3843 1226 3893 torneamenta
1244 3843 1274 3895 et
1296 3839 1386 3908 egita·

436 3945 528 4001 tiones
547 3951 690 4000 taurorum
705 3984 1382 4011 ................
1420 3963 1437 4000 »
1474 3946 1511 3997 77

330 4053 374 4108 54.
393 4051 535 4113 Quomodo
551 4051 588 4124 lin
615 4071 672 4108 rem
697 4053 860 4107 cenonicem
886 4055 1023 4122 pertineat
1047 4053 1148 4108 titulus
1171 4073 1188 4107 e
1204 4056 1247 4110 De
1270 4056 1313 4108 his
1337 4057 1385 4126 qui

436 4161 511 4230 filios
530 4165 688 4216 occidunt>
706 4165 735 4216 et
754 4160 826 4215 elter
843 4161 914 4216 (lle
932 4162 1086 4216 insentibus
1097 4165 1127 4216 ot
1145 4161 1285 4230 languidis
1301 4179 1387 4232 expo·

436 4266 497 4319 sitis
524 4303 1381 4320 ....................
1419 4287 1435 4320 ι
1473 4269 1510 4322 78

330 4370 375 4425 55.
395 4370 506 4426 Poenee
525 4373 553 4424 in
573 4378 753 4440 procurantes
771 4373 900 4425 abortum
903 4413 1250 4427 .........
1289 4416 1294 4452 :
1333 4416 1339 4428 .
1377 4415 1383 4426 .
1421 4393 1439 4430 e
1474 4374 1511 4428 79
