3350 5100
570 318 615 364 uu
638 317 793 366 onereris
815 318 859 366 ar
884 318 1010 366 rossus
1313 298 1380 365 125

286 435 339 502 90.
365 439 443 503 lure
458 439 647 508 uursuex
671 461 742 527 cap.
758 441 811 507 De
827 446 911 506 sent.
936 445 968 506 et
989 461 1029 506 re
1051 441 1121 508 iud.
1138 441 1175 507 in
1198 441 1221 506 6
1244 440 1301 526 (ll,
1321 442 1374 526 14)

193 559 296 626 iudex
318 560 503 628 ordinarius
524 570 581 629 aut
602 563 771 650 delegatus
793 583 931 632 munera
953 567 1127 650 accipiens,
1147 586 1205 630 seu
1228 567 1283 649 qui
1307 563 1378 652 (ibi)

197 706 218 745 ‹
233 691 356 751 contra
371 688 613 754 conscientiam
628 695 659 755 et
674 695 795 756 contra
817 691 983 756 iustitiam
1002 690 1040 755 in
1053 709 1245 778 precamen
1264 691 1378 774 partis

194 808 341 874 alterius
352 809 391 875 in
401 810 528 878 indicio
537 811 728 896 quidquam
735 811 865 894 fecerit,
875 831 942 896 per
952 811 1102 898 pralium
1114 815 1166 880 ael
1174 813 1378 896 persordes,

195 928 241 994 ab
269 931 467 998 curculione
489 931 608 1016 officii,
626 952 694 1016 per
717 953 850 998 aunum
873 935 1005 1000 nooait
1027 953 1063 1000 sc
1085 954 1303 1018 suspensum,
1332 935 1380 1001 ad

196 1055 470 1122 aestimationem
493 1057 561 1123 litis
577 1058 677 1140 parti
691 1064 797 1143 quam
817 1060 953 1126 laeserit
974 1059 1196 1127 nihilominus
1219 1061 1377 1128 condem-

198 1179 349 1245 nandus.
375 1181 532 1248 Sciturus
554 1183 647 1267 quod
669 1184 698 1249 si
720 1183 941 1266 suspensione
956 1185 1113 1265 durante,
1138 1185 1379 1252 damnabiliter

198 1302 377 1389 inpasserit
399 1325 436 1371 se
458 1306 592 1379 diuinis,
609 1308 876 1394 irrepularilatis
898 1311 1020 1394 laqueo
1042 1311 1245 1378 seinvoloel
1269 1315 1327 1376 etc.
1346 1331 1376 1378 r.

199 1428 294 1495 Haec
308 1432 476 1516 suspensio
491 1433 512 1497 l.
525 1451 553 1498 s.
569 1437 620 1498 est
633 1432 674 1496 ab
689 1433 804 1498 ordine
819 1439 853 1498 et
868 1433 907 1498 ab
924 1431 1029 1500 afficio
1041 1434 1172 1510 iudicis;
1197 1440 1230 1500 at
1246 1433 1378 1521 elegans

198 1555 345 1638 quaestio
361 1559 413 1622 est
426 1575 469 1620 au
483 1556 581 1623 hodie
595 1557 702 1624 adhuc
717 1560 834 1644 vigeat,
853 1579 948 1643 quum
967 1579 1030 1624 uon
1047 1561 1252 1626 contineatur
1269 1561 1376 1626 Const.

196 1678 267 1761 Ap.
285 1676 394 1746 Sedis.
412 1681 477 1746 Nus
495 1701 539 1746 ex
558 1681 609 1748 his
629 1702 711 1766 quae
727 1685 961 1769 explicavimus
976 1685 1051 1750 Vol.
1069 1685 1130 1758 Ill,
1150 1690 1296 1750 tenemus
1313 1683 1378 1766 hic,

198 1821 265 1867 non
288 1802 437 1870 obstante
459 1804 727 1872 determinatione
748 1787 902 1894 temporis
925 1809 973 1875 ad
995 1829 1136 1884 annum,
1161 1812 1213 1896 agi
1238 1811 1277 1876 de
1301 1831 1377 1878 cen·

197 1945 303 2008 sura,
325 1933 362 1992 at
387 1929 482 1995 istam
512 1949 674 2010 cessasse,
697 1935 808 2015 utpote
836 1951 901 1996 nou
932 1938 1122 1998 renovatam
1146 1935 1199 1998 cit.
1225 1933 1332 2000 Goust.
1359 1971 1376 1988 ·

199 2051 418 2118 Nihilominus
440 2053 595 2120 eiusmodi
616 2053 716 2119 iudex
731 2057 890 2120 sententiis
907 2055 1197 2130 condemnatoria,
1217 2057 1259 2122 ad
1281 2059 1378 2124 aesti-

198 2177 375 2242 mationem
396 2176 472 2251 litis,
496 2197 554 2244 seu
577 2177 617 2244 ad
641 2177 881 2244 indemnitatem
905 2181 1131 2265 praestandam
1158 2183 1244 2266 parti
1270 2182 1380 2248 laesae

198 2301 465 2368 condemnandus
487 2307 546 2367 est

288 2425 343 2516 Ad
358 2426 450 2499 haec,
467 2447 510 2491 ex
525 2442 595 2512 cap.
611 2427 649 2491 ll
668 2427 851 2502 Statulum,
868 2429 889 2510 g
905 2427 1053 2512 Insuper
1069 2429 1118 2495 De
1133 2429 1274 2513 rescrip.
1291 2431 1328 2495 in
1344 2431 1377 2504 6,

197 2554 401 2638 praecipitur
415 2551 572 2618 iudicibus
586 2552 750 2639 delegatis,
768 2573 811 2619 ne
826 2554 1001 2638 quidquam
1012 2555 1173 2639 recipiant
1188 2575 1208 2619 a
1222 2555 1379 2640 partibus,

197 2681 269 2744 sive
293 2697 409 2743 munus
438 2678 727 2761 sivemercedem,
751 2684 785 2743 at
808 2681 1015 2765 excipiuntur
1038 2680 1203 2745 esculenta
1227 2686 1259 2745 et
1282 2701 1379 2767 pocu-

196 2802 299 2877 lenta,
315 2824 400 2889 quae
422 2806 535 2889 paucis
555 2804 665 2869 diebus
682 2807 825 2869 consumi
842 2808 974 2890 possint,
996 2806 1022 2871 si
1045 2805 1225 2871 liberaliter
1250 2808 1278 2872 ai
1302 2804 1377 2873 offe-

198 2934 329 2997 rantur.
347 2930 622 3015 transgressores
644 2930 684 2994 ad
708 2930 880 3016 inlepram
902 2930 1147 2997 restitutionem
1162 2936 1325 3003 tenentur,
1347 2940 1379 2997 et

198 3056 266 3119 ΙΙΙ).
293 3056 508 3119 communiter
529 3053 671 3134 tradunt,
696 3056 741 3118 uti
764 3054 877 3119 videre
900 3058 950 3121 est
972 3054 1055 3139 apud
1085 3054 1308 3136 Thesaurum,
1335 3058 1378 3127 ΙΙ,

196 3200 231 3241 v.
248 3179 409 3259 Munera,
432 3198 461 3243 e.
478 3178 539 3260 Vl,
559 3197 696 3263 poenam
720 3180 933 3246 restitutionis
956 3179 1101 3265 obligare
1125 3180 1158 3245 in
1182 3183 1379 3247 conscientia

197 3308 278 3369 ante
301 3322 429 3367 omnem
444 3304 654 3377 seutentiam
677 3302 736 3367 sed
758 3322 800 3366 ex
823 3304 863 3367 iis
879 3322 961 3387 quae
977 3304 1209 3389 explicavimus
1225 3304 1299 3370 Vol.
1317 3307 1379 3385 111,

199 3450 232 3492 u.
249 3428 295 3492 70
310 3448 357 3511 sq.
374 3432 586 3500 autumamus,
603 3426 731 3511 quaudo
746 3427 835 3492 laesa
851 3428 971 3493 iustitia
986 3448 1050 3493 non
1066 3431 1117 3502 sit,
1135 3450 1193 3495 seu
1207 3436 1323 3515 agatur
1340 3429 1381 3495 de

198 3553 334 3637 propria
345 3570 462 3636 poena
475 3550 706 3631 restitutionis,
722 3553 890 3635 expectari
906 3572 1000 3637 posse
1015 3555 1206 3618 sententiam
1223 3554 1379 3619 declara-

200 3677 335 3743 toriam.
353 3675 406 3740 Ad
420 3694 490 3740 rem
506 3676 548 3740 cl.
566 3676 640 3741 Vol.
659 3677 683 3748 Ι,
700 3695 732 3739 n.
750 3676 794 3740 80
809 3696 856 3759 sq.
876 3711 894 3723 -
911 3676 1092 3741 Praeterea
1106 3677 1216 3762 pratis
1231 3676 1378 3759 expediri

199 3801 320 3867 debent
334 3801 448 3886 plures
461 3806 553 3865 actus
567 3799 841 3873 administraturi,
858 3800 958 3883 veluti
977 3801 1231 3886 dispensationes
1246 3804 1339 3864 matr.
1360 3837 1378 3849 -

202 3927 240 3991 ln
255 3927 367 4011 specie
382 3926 472 3991 iuvat
486 3945 670 3990 memorare
685 3925 768 4008 quod
783 3927 896 3991 statuit
911 3926 1007 3991 Conc.
1024 3925 1111 3989 Trid.
1128 3943 1207 3991 sess.
1223 3922 1283 3999 et,
1300 3944 1327 3989 c.
1344 3924 1378 3993 3,

201 4052 250 4119 De
265 4052 346 4134 ref.,·
369 4050 527 4116 adversus
550 4052 735 4135 Episcopus,
760 4052 870 4134 quiin
893 4050 1051 4115 visitanda
1074 4050 1222 4121 dioecesi,
1246 4054 1382 4134 praeter

201 4176 458 4261 procurationes,
474 4175 594 4259 aliquid
609 4176 826 4259 recepisseut;
851 4174 942 4239 iussit
964 4174 1067 4240 enirn:
1094 4196 1112 4237 s
1131 4173 1271 4245 Quodsi
1287 4173 1378 4259 quis-

195 4302 313 4383 piam,
329 4301 425 4385 quod
448 4299 543 4372 absit,
572 4300 705 4385 aliquid
727 4299 877 4381 amplius
899 4298 936 4363 in
959 4318 1067 4382 supra
1098 4300 1196 4367 dictis
1223 4298 1382 4366 omnibus

200 4426 335 4493 cauus
351 4427 507 4511 accipere
517 4425 800 4510 praesumpserit,
816 4424 855 4499 is,
867 4431 1009 4508 praeter
1023 4426 1121 4510 dupli
1135 4424 1381 4493 restitutionem
