3350 5100
320 363 326 378 ,
439 322 483 368 DE
507 321 646 368 remens
670 321 912 370 commeamus
937 321 973 369 ΙΝ
997 321 1113 368 SPEGlE
1302 303 1366 367 487

277 442 399 500 habeant
418 443 590 512 probationis
609 458 743 497 normam.
755 469 792 486 ·-
804 442 866 498 468.
881 442 919 497 De
939 441 1080 512 probando
1098 443 1174 496 facto
1188 452 1367 498 consecutae

277 548 575 605 consummationem
594 548 775 604 obtinendam
794 549 1031 620 dispensationem
1050 565 1067 604 a
1086 554 1167 602 matr.
1187 559 1248 604 rato
1267 561 1293 604 et
1312 566 1368 604 noa

278 669 476 712 consummato.

277 821 353 886 459.
378 818 554 907 Singulare
576 825 627 886 est
649 822 682 885 in
705 819 757 884 his
779 821 886 885 causis
910 823 944 884 ut
961 820 993 894 ii,
1011 821 1064 904 qui
1084 822 1117 888 ia
1134 819 1206 884 aliis
1230 821 1367 904 negotiis

187 943 349 1010 habentur
359 945 500 1011 relative
516 945 667 1030 suspecti,
684 962 799 1029 nempe
811 947 974 1027 parentes,
988 943 1230 1027 consanguinei,
1243 939 1365 1014 affines,

187 1067 363 1139 domestici,
379 1067 497 1133 inistis
515 1067 755 1152 praeferantur.
773 1067 818 1131 uti
834 1065 988 1130 statuitur
1002 1067 1034 1130 in
1052 1083 1126 1148 cap.
1142 1063 1167 1130 3
1185 1065 1248 1136 Qui
1264 1070 1367 1130 matr.

187 1211 297 1258 occas.
323 1191 450 1266 «Quod
473 1198 637 1277 parentes,
661 1191 784 1258 fratres
813 1194 849 1256 et
871 1192 999 1276 cognati
1024 1192 1188 1274 utriusque
1211 1211 1310 1256 sexus
1333 1191 1365 1256 in

186 1313 410 1384 testificatione
422 1337 553 1383 suorum
568 1316 609 1382 ad
624 1318 863 1382 matrimonium
877 1313 1135 1400 coniungendam
1148 1315 1203 1381 vel
1217 1313 1366 1380 dirimen-

188 1440 262 1507 dum
284 1440 496 1507 admittantur
518 1449 584 1508 tam
607 1443 738 1525 antiqua
754 1438 985 1506 cousuetudine
1002 1459 1096 1524 quam
1113 1440 1238 1526 legibus
1254 1459 1366 1526 appro-

189 1565 292 1630 batur.
310 1564 386 1630 Ideo
398 1567 483 1632 enim
497 1568 637 1632 maxima
654 1569 816 1651 parentes.
828 1571 863 1630 et
877 1567 901 1630 si
920 1563 1101 1630 defecerint
1115 1571 1279 1650 parentes,
1296 1585 1368 1649 pro

188 1691 341 1756 ximiores
364 1690 586 1764 admittuntur,
603 1691 752 1775 quoniam
777 1691 994 1773 uuusquisque
1018 1708 1106 1754 suam
1130 1689 1367 1775 genealogiam,

187 1834 261 1880 cum
282 1814 419 1880 testibus
434 1820 467 1880 et
482 1815 615 1887 chartis,
633 1821 700 1880 tum
718 1815 873 1880 etiamen
891 1815 1081 1880 recitatione
1106 1816 1262 1879 meierum
1282 1815 1367 1878 scire

186 1935 329 2011 laborat3
353 1938 407 2021 qui
431 1938 517 2002 enim
539 1936 654 2001 melius
685 1938 786 2020 recipi
816 1935 936 2002 debent
963 1957 1057 2020 quam
1082 1937 1143 2010 illi,
1168 1937 1221 2019 qui
1254 1936 1367 2000 melius

187 2064 292 2128 sciunt
322 2066 355 2127 et
383 2081 519 2145 quorum
551 2067 601 2127 est
629 2063 789 2126 iuteresse
816 2063 861 2127 ita
892 2067 927 2126 ut
949 2063 976 2126 si
1000 2079 1064 2127 nou
1095 2061 1305 2126 interfuerint
1336 2066 1369 2126 et

188 2205 379 2251 consensum
403 2207 468 2252 non
491 2185 708 2258 adhibuerint,
733 2184 908 2255 secundum
932 2185 1022 2270 leges
1045 2184 1167 2250 nullum
1185 2182 1240 2250 liat
1260 2184 1368 2248 matri·

188 2309 350 2376 moniuml
374 2311 466 2386 Quod
490 2330 569 2376 uero
592 2312 732 2396 legitur:
758 2317 862 2394 pater
887 2329 958 2377 aaa
988 2309 1176 2392 recipiatur
1198 2308 1236 2372 ia
1263 2327 1368 2374 caasa

187 2435 248 2520 fitia·
270 2454 334 2503 aec
355 2437 446 2521 fitius
468 2437 505 2502 in
528 2455 634 2502 caasa
652 2437 775 2520 patris,
801 2438 833 2499 in
858 2433 1078 2500 criminalibus
1105 2433 1211 2498 causis
1236 2438 1269 2496 et
1295 2453 1368 2498 ocn-

186 2560 342 2629 tractibus
365 2582 479 2627 rerum
496 2569 564 2637 est;
588 2564 621 2625 in
645 2563 850 2628 matrimonio
866 2580 946 2625 vero
962 2558 1187 2645 coniungendo
1204 2564 1237 2624 et
1251 2558 1367 2623 disiun-

187 2687 302 2771 gendo‚
327 2688 490 2771 exipsius
514 2688 654 2773 coniugii
681 2687 909 2772 praerogativa
934 2690 966 2749 et
989 2686 1064 2768 quia
1094 2684 1282 2749 favorabilis
1314 2704 1367 2749 res

188 2810 471 2891 est,admittuntur
487 2832 517 2873 ›.
536 2810 621 2875 Sane
644 2809 872 2895 impedimenta
896 2808 1147 2873 matrimonialia
1161 2826 1245 2892 pene
1260 2808 1367 2873 omnia

188 2935 311 2998 initium
335 2940 368 2998 et
382 2940 499 2999 statum
524 2936 654 3017 capiunt
677 2934 710 2997 in
734 2933 829 2997 factis
853 2932 1044 3006 domesticis,
1069 2951 1151 3016 quae
1175 2932 1310 3017 proinde
1335 2937 1367 2997 et

188 3057 302 3121 melius
325 3057 412 3121 scire
434 3064 468 3122 et
490 3058 615 3141 plenius
637 3058 722 3123 aelle
743 3057 848 3140 fateri
879 3062 1129 3141 praesumuntur
1160 3062 1311 3141 parentes
1335 3062 1367 3122 et

188 3181 417 3266 consanguinei
441 3201 482 3245 ne
506 3182 633 3266 penitus
655 3180 863 3247 subvertatur
886 3180 966 3245 ordo
981 3180 1186 3246 familiarum.

278 3304 352 3369 460.
379 3306 428 3370 llx
452 3306 563 3371 eodem
587 3307 745 3391 principio
768 3304 839 3371 fluit
853 3305 998 3390 probatio
1010 3324 1077 3389 per
1091 3310 1188 3372 testes
1202 3305 1366 3388 septimae

188 3450 322 3500 manas,
350 3449 433 3513 quae
464 3431 648 3514 exquiritur
677 3433 711 3493 in
743 3432 811 3496 istis
844 3430 949 3495 causis
980 3431 1080 3495 etita
1106 3428 1366 3494 describiturab

190 3557 408 3623 Instructione
432 3556 463 3621 S.
489 3554 524 3623 C.
549 3554 584 3623 C.
608 3575 639 3622 a.
664 3556 775 3621 1840.-
801 3555 958 3635 ‹Deinde
981 3555 1222 3640 procedendum
1247 3556 1311 3620 erit
1325 3552 1365 3618 ad

188 3698 325 3746 examen
348 3681 512 3763 septimae
530 3699 655 3747 manus
671 3680 735 3745 hoc
749 3685 799 3745 ast
812 3686 936 3765 septem
952 3680 1204 3765 propinquorum
1223 3699 1264 3743 ex
1281 3686 1366 3742 utro

188 3823 249 3886 que
271 3804 375 3869 latere
399 3803 439 3869 ad
462 3804 599 3869 formam
631 3810 739 3871 textus
764 3805 809 3886 (in
833 3824 903 3890 cap.
929 3804 1077 3869 Littmae
1110 3802 1245 3869 Vestrae
1270 3838 1286 3850 -
1313 3802 1366 3867 De

187 3925 268 4013 frig.
292 3934 323 3992 et
345 3929 484 4011 malet).
510 3931 551 3995 Ut
574 3929 605 3994 id
629 3929 756 3995 facilius
787 3930 904 4014 exequi
929 3928 1026 3993 iudex
1056 3928 1180 4009 valeat,
1213 3926 1365 3993 defensor

187 4051 383 4116 matrimonii
406 4052 517 4118 citabit
539 4060 664 4139 partem
688 4056 843 4121 actricem
868 4060 903 4118 ut
925 4053 1045 4119 indicet
1067 4062 1189 4137 septem
1214 4050 1272 4117 sibi
1297 4070 1367 4117 san-
1452 4120 1454 4127 ,

188 4177 286 4261 guine
309 4175 360 4241 vel
383 4174 540 4242 affinitate
562 4180 760 4250 coniunctos,
777 4178 808 4242 si
820 4178 897 4263 fiem'
907 4178 1025 4260 possit,
1042 4178 1090 4242 sin
1115 4178 1218 4242 minus
1242 4181 1364 4261 septem

126 4325 130 4330 ·
189 4301 311 4364 vicinos
333 4299 443 4392 bonae
459 4300 608 4365 famae...
633 4300 788 4365 Similiter
809 4302 950 4365 instante
974 4299 1146 4365 defensore
1170 4300 1363 4365 matrimonii

189 4423 333 4489 citandus
356 4426 420 4489 erit
441 4425 527 4490 alter
549 4426 669 4489 coniux
691 4432 728 4490 ut
751 4427 847 4489 etiam
872 4426 939 4511 ipse
955 4425 1076 4493 indicet
1091 4430 1212 4511 septem
1236 4426 1366 4511 propin·
