3350 5100
341 260 408 328 442
849 277 935 326 rnna
956 275 1007 324 ιιι.

340 401 459 469 debent
484 402 622 486 repetita
647 401 744 466 etiam
767 401 802 464 in
825 400 983 484 sequenti,
1006 398 1060 465 ubi
1085 400 1194 485 agitur
1216 396 1258 464 de
1278 399 1502 481 suspensione
1508 419 1526 482 ‚·

340 533 408 593 tum
431 527 507 612 quia
530 525 707 592 Concilium
723 524 782 591 sub
805 527 903 591 unica
924 526 1072 590 oratione
1094 544 1135 590 ac
1157 522 1334 590 verborum
1356 529 1526 589 structura

341 649 568 736 complectitur
597 635 871 716 interdictionem
896 667 920 714 a
943 647 1170 732 suscipiendis
1200 654 1233 712 et
1255 618 1477 714 deiectionem
1498 667 1525 712 a

339 773 545 858 susceptam.
569 778 637 837 tum
661 773 736 856 quia
757 771 900 856 alioquin
917 771 1107 846 Concilium,
1123 773 1157 836 tn
1173 770 1318 837 secunda
1331 776 1437 856 parte.
1454 772 1526 836 nnl-

340 899 404 964 lam
421 902 611 982 potestatem
635 898 802 982 Episcopis
825 897 1042 972 attribuisset;
1065 897 1186 962 nemini
1202 899 1289 961 enim
1304 895 1437 962 dubium
1451 915 1526 962 ease

340 1027 467 1108 poterat
491 1023 568 1106 quin
591 1020 631 1086 ob
655 1023 779 1086 crimen
803 1020 1009 1086 manifestum
1033 1026 1066 1086 et
1088 1020 1283 1087 iudicialiter
1304 1020 1422 1085 liceret
1444 1020 1525 1104 Epi-

340 1148 444 1231 scopis
474 1145 660 1212 sacerdotes
690 1143 889 1232 suspendere
905 1166 934 1209 a.
965 1143 1076 1220 Quare
1106 1145 1335 1230 interpretatio
1361 1145 1452 1209 lacta
1473 1153 1527 1208 est

340 1272 560 1338 declarativa.
587 1271 782 1337 -Ceterum
817 1273 908 1336 tatae
941 1271 1201 1356 interpretationi
1233 1269 1326 1335 locus
1355 1289 1428 1334 esse
1457 1287 1525 1333 non

340 1401 454 1480 potest,
479 1397 555 1479 quie
578 1414 631 1461 res
654 1399 705 1461 est
726 1393 767 1460 de
792 1395 937 1460 remedio
960 1394 1241 1461 concordante
1269 1395 1332 1459 iuri
1362 1395 1524 1459 communi

340 1518 535 1604 derogante;
561 1519 683 1583 ethelo
705 1518 859 1584 saecum
874 1516 1176 1602 interpretationem
1198 1516 1414 1582 adhibendam
1436 1535 1522 1589 ease,

341 1643 501 1727 explorati
524 1643 604 1707 iuris
627 1647 686 1707 est.
710 1641 759 1708 Cf.
785 1641 859 1706 Vol.
885 1642 945 1714 lll,
970 1661 1001 1705 n.
1026 1641 1080 1706 78.

430 1767 507 1833 391.
534 1765 736 1833 Procedendi
760 1768 843 1832 ratio
858 1785 878 1830 a
893 1766 1083 1832 Tridentino
1105 1766 1184 1831 inibi
1199 1767 1381 1832 instaurata
1394 1787 1416 1831 a
1429 1786 1527 1832 cuno·

340 1893 433 1959 nistis
467 1892 630 1977 appellate
656 1898 705 1956 est
737 1892 901 1956 sententia
934 1909 981 1957 em
1013 1890 1203 1973 informata
1235 1880 1452 1957 commentia.
1483 1891 1522 1954 ln
1645 1922 1646 1949 ;

340 2021 433 2082 textu
457 2015 647 2080 Tridentino
670 2034 712 2080 ne
734 2016 906 2100 vestigium
929 2015 1057 2098 quidem
1080 2015 1245 2100 reperitur
1267 2014 1364 2080 huius
1379 2015 1523 2101 appella·
1645 2098 1646 2109 ἵ

339 2143 446 2223 tionis,
470 2140 554 2225 quod
578 2141 690 2206 forsan
712 2141 869 2227 detegere
891 2141 970 2208 licet
992 2143 1025 2205 in
1049 2160 1121 2225 cap.
1144 2137 1201 2205 Ad
1224 2159 1336 2213 aurea,
1362 2140 1457 2205 Lucii
1472 2140 1522 2204 Ill

341 2263 425 2348 quod
448 2281 567 2348 magna
586 2267 746 2348 exparte,
763 2262 811 2328 ad
827 2263 985 2344 litteram,
1001 2264 1201 2347 exscriptum
1219 2263 1253 2327 in
1271 2263 1326 2327 iae
1341 2281 1523 2328 commune

341 2387 468 2453 induxit
491 2386 575 2453 idem
599 2387 697 2453 Conc.
722 2385 810 2451 Trid.
843 2388 923 2451 Nam
947 2389 980 2451 in
1003 2388 1057 2453 cit.
1081 2405 1157 2470 cap.
1180 2385 1363 2451 advertitur
1387 2421 1406 2434 -
1431 2385 1522 2471 qaod
1645 2414 1646 2417 ¹

235 2566 238 2571 ,
341 2512 437 2577 salva
460 2507 666 2577 contuentia
688 2515 860 2594 nequeant
886 2508 1067 2577 sublimari
1091 2543 1109 2559 ·
1134 2510 1168 2575 hi
1191 2509 1311 2576 occulti
1333 2507 1521 2593 delinquen-

341 2641 399 2701 tes.
419 2670 435 2685 ·
453 2634 713 2721 Appellationem
735 2654 816 2699 vero
839 2635 1005 2701 sententia
1027 2652 1074 2701 ear
1096 2636 1289 2719 informata
1318 2634 1522 2702 commentia

284 2830 289 2838 ,
342 2762 444 2827 veluti
468 2760 720 2826 canonicamnt
742 2764 775 2825 et
799 2759 919 2825 Bened.
945 2761 1028 2826 XlV
1045 2761 1078 2825 in
1095 2759 1203 2826 Const.
1220 2760 1277 2826 Ad
1295 2761 1477 2827 militantis
1491 2765 1523 2823 et

343 2888 420 2952 Pius
443 2885 492 2951 Vl
516 2886 550 2950 in
574 2885 683 2953 Const.
708 2886 892 2951 Auctorem
915 2885 1024 2951 maa

430 3010 507 3077 392.
532 3010 736 3075 Conscientia
761 3010 905 3075 Praelati
920 3011 965 3076 ita
980 3008 1076 3076 debet
1097 3029 1169 3076 esse
1191 3008 1382 3093 informata
1398 3028 1457 3076 seu
1472 3011 1522 3075 in·
1645 3091 1646 3112 Χ

341 3139 479 3209 stmcta,
499 3137 606 3222 prouti
630 3134 813 3220 expostulat
834 3136 998 3221 negotium
1023 3135 1087 3200 lori
1108 3136 1252 3202 emterni.
1270 3134 1381 3209 Quare
1404 3134 1522 3220 proba·

341 3262 446 3328 tiones
469 3280 534 3325 non
558 3261 774 3345 exquiruntur
793 3261 980 3336 iudiciales,
996 3261 1054 3327 sed
1069 3280 1128 3326 eae
1143 3263 1208 3328 sint
1223 3265 1351 3346 oportet
1365 3260 1523 3327 obiecttoe

344 3383 492 3451 efficaces
508 3393 543 3451 ut
558 3390 671 3470 suapte
695 3392 812 3453 natura
834 3385 993 3452 inducere
1011 3387 1142 3451 valeant
1156 3388 1189 3452 in
1204 3386 1310 3451 virum
1329 3385 1522 3471 prudentem

343 3528 414 3575 eam
438 3510 679 3594 persuasionem
707 3510 873 3583 moralem,
894 3528 989 3593 quam
1019 3528 1149 3595 semper
1171 3510 1333 3594 concipiat
1356 3514 1391 3575 et
1415 3510 1522 3573 foveat

345 3635 517 3701 Praelatus
535 3640 663 3721 oportet
678 3635 776 3701 edens
792 3635 986 3699 sententiam
1001 3634 1289 3701 condemnationis.
1306 3636 1437 3700 Etenim
1461 3636 1521 3699 luae

343 3762 522 3826 sententiae
550 3761 714 3846 pertinent
736 3759 776 3824 ad
799 3760 946 3845 regimen
968 3759 1040 3842 fori
1062 3762 1205 3827 entant.
