3350 5100
452 369 496 416 os
519 368 658 415 inurens
682 368 925 415 cernissemus
950 368 985 415 ιιι
1009 328 1127 415 erema
1315 347 1377 414 451

200 493 328 566 rimum,
352 510 418 555 non
441 488 622 576 significata
637 510 695 556 reo
718 510 817 557 eausa
840 492 1067 576 suspensionis.
1084 491 1165 555 Nam
1190 490 1221 555 S.
1244 490 1277 556 G.
1296 490 1330 555 O.
1347 490 1380 555 in

200 634 266 679 una
297 614 514 682 Vercellertrt's
537 616 581 680 21
604 615 727 680 Martii
748 613 848 687 1643,
874 616 999 681 censuit
1026 637 1043 679 ι
1067 634 1137 681 ιιοιι
1169 614 1275 681 teneri
1299 615 1378 697 Epi·

197 758 341 823 scopum
364 741 560 824 empstmere
576 740 737 807 delictum
760 759 820 807 sea
835 758 977 809 causam
992 739 1224 823 suspensionis
1238 740 1305 823 ipsi
1319 758 1378 807 reo

197 864 259 931 sed
275 870 408 931 tontum
422 862 504 930 Sodi
519 868 635 948 Apost.
653 866 821 949 adquam
841 884 1020 933 recursum
1037 863 1192 930 bobuem't
1208 885 1237 929 ιι.
1258 864 1377 929 Nihilo·

198 991 306 1054 minus
328 992 470 1055 maxime
493 1009 678 1075 congruere
701 990 853 1075 potestati
875 996 909 1056 et
931 988 1038 1056 offloio
1063 990 1307 1075 Episcoporum,
1329 988 1379 1053 his

196 1132 326 1198 quoque
348 1115 518 1179 sententiis
540 1114 749 1199 praemittere
765 1090 930 1179 secr-stem
949 1119 1134 1197 paternam
1154 1113 1375 1180 monitionem

197 1243 232 1303 et
254 1238 340 1303 hanc
363 1238 490 1324 praxim
522 1236 698 1303 nullimode
727 1238 896 1302 adversari
927 1238 1087 1323 rescripto
1111 1237 1141 1303 S.
1167 1237 1200 1303 0.
1226 1236 1259 1303 G.
1284 1236 1377 1303 docte

198 1363 314 1449 probat
339 1365 374 1428 P.
393 1362 552 1445 Rota'op.
570 1362 624 1427 cit.
641 1383 674 1428 n.
692 1363 776 1437 528.
794 1366 845 1430 cni
863 1364 1047 1449 plenissime
1062 1362 1231 1429 assentior.
1250 1364 1375 1429 Verum

196 1489 273 1572 quia
296 1488 461 1573 suspensio
480 1493 649 1570 perpetuo
665 1486 849 1570 aequivalet
863 1488 1036 1571 privationi
1053 1484 1158 1559 officii,
1179 1486 1309 1559 Suarer..
1328 1480 1378 1551 De

195 1718 362 1773 Consultum
380 1718 485 1773 idcirco
503 1720 567 1785 erit,
586 1723 617 1773 ut
639 1723 792 1789 antequam
816 1716 887 1773 haec
910 1734 1000 1786 poena
1025 1717 1178 1786 infligatur,
1197 1715 1376 1785 probationes

196 1825 283 1891 illius,
300 1825 489 1895 quamtumvis
507 1824 758 1880 extraiudicialiter
774 1829 804 1879 et
821 1828 932 1880 secreto
945 1823 1132 1893 colligentem·
1144 1824 1185 1877 ita
1205 1826 1236 1878 ut
1255 1838 1289 1878 ao
1307 1822 1377 1893 ipso,

193 1932 269 2003 quod
287 1949 350 1985 cum
363 1933 438 1986 omni
452 1932 621 1988 certitudine
632 1932 837 2001 culpabilitatis
849 1932 878 1987 in
892 1932 1038 2001 punitione
1050 1929 1195 1986 inferenda
1208 1929 1377 2000 proceditur,

196 2039 221 2091 si
239 2038 369 2108 deinceps
387 2055 473 2092 causa
491 2038 676 2094 examinanda
694 2043 738 2094 eat
755 2037 827 2107 apud
852 2037 1042 2107 apostolicam
1067 2036 1176 2103 Sedem,
1195 2036 1375 2106 probationes

194 2145 322 2198 criminis
340 2146 369 2198 in
388 2162 435 2199 eas
453 2144 633 2200 difficultates
652 2144 725 2199 baud
744 2145 910 2214 impingant,
924 2160 996 2215 quse
1011 2148 1041 2197 ut
1055 2144 1204 2213 plurimum
1223 2147 1375 2197 occurrunt

158 2273 163 2281 ι
198 2252 226 2304 in
246 2250 401 2305 istiusmodi
420 2251 539 2305 iudiciis.

288 2358 327 2413 ll.
348 2360 372 2412 A
391 2358 504 2413 decreto
516 2357 705 2428 suspensionis
716 2376 750 2413 ex
764 2359 915 2412 informata
927 2357 1099 2412 conscientia
1118 2373 1171 2411 non
1185 2356 1267 2410 datur
1280 2355 1375 2427 appel·

195 2464 266 2520 latio
284 2465 319 2519 ad
338 2465 461 2520 tribunal
480 2466 633 2537 superioris
653 2466 766 2521 ordinis.
784 2468 937 2537 Postquam
957 2467 1060 2520 idcirco
1079 2466 1198 2522 clericus
1216 2466 1373 2521 intimatio-

195 2588 260 2627 nem
287 2573 476 2641 suspensionis
504 2573 649 2640 habuerit,
677 2573 700 2626 ai
728 2571 913 2626 nihilominus
939 2571 1158 2641 appellationem
1186 2571 1374 2642 interponere,

169 2655 172 2658 ⁴
192 2679 310 2749 eiusque
329 2681 445 2734 obtentu
464 2680 493 2732 in
513 2678 596 2734 alteri
616 2680 785 2745 ministrare,
801 2696 850 2733 sen
869 2679 967 2748 quovis
986 2679 1068 2732 modo
1086 2695 1166 2732 suum
1185 2677 1310 2734 ordinem
1329 2695 1374 2733 so-

193 2785 325 2840 lemniter
344 2801 475 2840 exercere
501 2791 669 2855 praesumat,
687 2788 783 2840 statim
803 2785 902 2839 incidit
920 2785 948 2839 in
968 2785 1219 2854 irregularitatem.

288 2891 326 2944 12.
346 2891 461 2961 Semper
479 2899 574 2948 tamen
595 2898 673 2962 patet
697 2893 789 2946 aditus
814 2892 849 2945 ad
868 2891 1059 2960 Apostolicam
1078 2879 1190 2958 sedem,
1210 2897 1239 2946 et
1258 2891 1287 2946 in
1306 2909 1371 2947 casu

192 3014 250 3068 quo
268 2997 386 3054 clericos
404 3001 508 3069 absque
527 2999 675 3054 sufficienti
693 3016 727 3053 ac
746 2999 916 3054 rationabili·
928 3015 1012 3053 causa
1029 3016 1059 3055 se
1074 2998 1128 3052 hac
1145 3015 1237 3069 poena
1250 2971 1372 3054 ¹mulctu-

194 3111 254 3160 turn
272 3112 392 3176 reputet,
411 3124 554 3163 recurrere
574 3109 676 3177 poterit
695 3110 729 3162 ad
748 3108 891 3162 Summum
906 3108 1079 3162 Pontificem.
1100 3105 1213 3162 Interim
1234 3109 1371 3164 tamenin

193 3212 318 3281 vigorem
338 3217 483 3281 permanet
499 3212 643 3268 decretum
662 3213 861 3282 suspensionis,
875 3213 1026 3284 usquedum
1040 3215 1075 3266 ab
1094 3213 1155 3281 ipso
1174 3213 1311 3268 Pontiflce
1324 3213 1370 3269 vel

191 3333 210 3369 a
228 3315 255 3370 S.
274 3317 507 3387 congregatione,
524 3335 596 3389 quae
614 3317 648 3373 de
666 3304 782 3375 recursu
801 3318 925 3372 iudicare
943 3317 1034 3384 debet,
1050 3333 1105 3373 non
1124 3317 1210 3374 suerit
1223 3319 1369 3374 rescissum

101 3476 106 3488 ,
191 3427 243 3475 aut
261 3420 347 3476 etiam
366 3421 548 3476 moderatum.

284 3530 325 3584 13.
341 3530 489 3584 (lostsrum
502 3547 536 3585 ex
548 3547 604 3602 quo
617 3531 773 3585 istiusmodi
786 3546 877 3600 poena
895 3534 938 3585 est
950 3530 1102 3585 remedium
1115 3533 1229 3586 omnino
1245 3541 1371 3586 extraor-

189 3637 338 3703 dinarium,
357 3637 428 3709 quod
449 3640 613 3708 praesertim
633 3639 667 3692 ad
685 3639 875 3708 expiationem
889 3639 1036 3693 criminum
1056 3641 1161 3710 absque
1180 3639 1277 3694 formis
1296 3640 1369 3694 iudi·

190 3742 286 3796 ciariis
305 3742 461 3810 adhibetur,
482 3761 547 3813 prae
566 3743 655 3798 oculis
674 3743 798 3800 habeant
817 3744 941 3800 Praelati
961 3743 989 3798 id
1007 3745 1079 3815 quod
1099 3745 1304 3815 sapientissime
1323 3745 1370 3799 ad·

192 3855 287 3905 monet
305 3850 434 3904 Summus
452 3852 583 3906 Pontifex
601 3870 623 3905 s.
643 3870 678 3905 m.
694 3852 860 3907 benedictus
875 3853 940 3906 XIV
960 3854 988 3907 in
1001 3869 1052 3906 suo
1065 3855 1188 3908 tractatu
1202 3855 1244 3907 Dc
1258 3855 1367 3924 synode

192 3959 327 4023 Dioeces,
347 3960 393 4012 tie.
417 3960 485 4024 ΧΗ,
504 3979 564 4030 cop.
585 3961 615 4024 8,
634 3978 663 4012 n.
684 3961 712 4024 6,
726 3961 799 4031 quod
818 3960 949 4014 nimirum
971 3959 1200 4030 reprehensibilis
1218 3963 1292 4017 foret
1305 3962 1369 4033 Epi-

189 4077 297 4129 scopus,
316 4061 340 4113 si
358 4061 387 4114 in
406 4077 457 4114 soa
475 4061 587 4131 Synodo
605 4061 738 4128 declaret,
756 4079 786 4118 se
804 4062 934 4132 deinceps
948 4079 981 4118 ex
995 4065 1106 4132 privata
1124 4067 1235 4118 tantum
1249 4065 1368 4120 scientia

187 4184 252 4221 oum
272 4184 362 4236 poena
379 4171 568 4238 suspensionis
586 4187 604 4223 a
621 4170 722 4224 divinis
741 4171 1002 4225 animadversurum
1022 4172 1050 4226 in
1070 4171 1196 4238 clericos,
1215 4189 1285 4244 qnos
1304 4189 1367 4243 gra·

187 4275 261 4328 viter
279 4275 430 4345 deliquisse
448 4277 624 4345 compererit,
643 4277 770 4348 quamvis
789 4294 885 4332 eorum
910 4278 1045 4334 delictum
1072 4296 1126 4334 non
1153 4280 1240 4350 possit
1258 4281 1288 4335 in
1306 4283 1366 4336 loro

185 4387 303 4435 externo
322 4382 521 4438 concludenter
540 4383 660 4452 probari,
679 4387 729 4436 aut
747 4383 817 4438 illud
836 4401 891 4439 non
910 4385 1042 4454 expediat
1055 4387 1083 4440 in
1096 4385 1215 4440 aliorum
1235 4386 1364 4440 notitiam

186 4485 324 4541 deducere
343 4505 367 4542 ιι.
