3350 5100
317 295 362 360 32
847 314 934 362 raes
958 313 982 360 1.

316 436 358 502 ad
372 437 575 502 sanctitatem
600 436 798 522 pariendam,
814 443 851 502 ut
864 441 1072 502 sacramenta
1092 441 1127 500 et
1140 433 1409 510 sacramentalia3
1424 435 1501 518 effe·

317 559 401 628 etiae
426 579 506 626 vero
532 567 651 628 saneto
678 567 849 636 vocentur,
865 580 950 646 quae
972 566 1048 626 sunt
1070 557 1204 626 effectus
1227 565 1263 624 et
1285 579 1363 624 uene
1383 577 1499 624 merae

316 687 493 772 potestatis,
517 687 643 752 scilicet
665 692 758 752 ectus
780 685 905 750 ordinis
927 705 984 752 seu
1007 685 1248 752 iurisdictionis

406 811 460 876 21.
485 811 628 878 Simonie
649 819 760 878 autem
784 817 850 876 tum
871 811 971 876 divini
993 815 1061 876 tum
1076 811 1209 875 hnmani
1232 811 1322 882 iuris,
1338 829 1383 874 ex
1405 808 1500 874 modo

317 954 380 1020 quo
403 933 573 1022 perficitur
594 941 744 1011 eamne,
769 935 999 1002 subdividitur:

456 1061 486 1146 l)
510 1063 543 1126 in
559 1063 750 1134 mentalem,
765 1081 848 1146 quae
862 1062 970 1126 animo
982 1059 1192 1142 deliberatur,
1205 1065 1240 1125 et
1250 1068 1389 1125 externe
1404 1061 1501 1146 signi·

318 1184 434 1252 licetur
458 1205 516 1272 per
539 1187 717 1271 simplicem
741 1185 902 1252 dationem
925 1192 981 1251 aut
1006 1187 1229 1271 acceptionem
1252 1187 1301 1252 rei
1324 1186 1501 1272 spiritualis

317 1315 375 1377 aut
396 1312 601 1396 temporalis,
627 1331 698 1376 cum
731 1312 860 1378 occulte
886 1318 995 1378 tamen
1022 1312 1203 1376 intentione
1232 1311 1419 1386 simoniaca,
1443 1310 1500 1376 sed

318 1452 401 1517 quae
424 1435 457 1498 in
481 1441 611 1520 pactum
635 1454 698 1500 non
722 1434 907 1501 traducitur
920 1434 988 1520 (l);

453 1557 487 1642 2)
509 1559 547 1623 in
570 1559 872 1634 conventionem,
888 1559 916 1622 si
939 1563 1068 1643 pactum
1092 1558 1179 1624 ultro
1202 1559 1351 1641 citroque
1370 1558 1498 1632 initum,

318 1683 501 1747 executioni
525 1681 751 1748 demandatum
774 1703 840 1748 non
864 1683 981 1758 fuerit;
1113 1652 1116 1660 Ι

452 1805 486 1888 3)
508 1805 546 1872 in
560 1807 700 1881 reaten,
715 1809 741 1874 si
757 1827 800 1873 ex
816 1813 955 1892 utraque
969 1812 1064 1893 parte
1079 1812 1208 1892 pactam
1222 1808 1267 1872 sit
1280 1806 1498 1891 adimpletum,

318 1931 432 1998 salem
456 1951 515 2016 per
538 1931 707 2016 partialem
730 1933 778 1997 rei
803 1939 985 1999 conventas
1007 1934 1276 2017 praestationem

453 2055 485 2142 l)
508 2057 546 2122 in
568 2058 725 2131 melotam,
739 2058 766 2123 si
785 2077 855 2155 'ona
876 2076 920 2124 ex
943 2063 1037 2142 parte
1052 2062 1176 2123 tantum
1192 2062 1321 2142 pactum
1338 2058 1382 2122 sit
1402 2055 1502 2121 adim·

319 2181 449 2266 pletum,
474 2181 588 2247 saltem
613 2183 739 2267 partim.

453 2307 486 2391 5)
511 2306 643 2372 Domum
666 2307 790 2391 species
812 2306 979 2373 simoniae
1000 2307 1131 2372 micton
1153 2305 1429 2379 conventionalia,
1451 2309 1501 2369 est

318 2429 465 2496 simonio
488 2431 745 2518 confidentiotis,
762 2451 847 2516 quae
869 2435 1023 2498 versatur
1044 2432 1216 2498 eeclesiae
1231 2433 1321 2498 circa
1342 2428 1500 2497 beneficia

319 2554 555 2629 ecclesiastioa;
581 2560 613 2619 et
635 2556 855 2636 committitur,
880 2555 1007 2640 quando
1029 2554 1221 2621 beneficium
1243 2556 1499 2621 ecclesiasticum

319 2680 415 2745 alicui
438 2680 601 2747 canonice
623 2686 829 2766 procuratur,
846 2700 963 2766 nempe
978 2681 1033 2747 vel
1053 2682 1326 2767 praesentatione,
1343 2681 1396 2745 vel
1412 2681 1499 2745 insti-

319 2806 451 2879 tutione,
469 2804 521 2870 vel
538 2805 705 2878 electione,
722 2807 775 2872 vel
792 2806 897 2873 libera
911 2806 1095 2879 collatione,
1109 2808 1160 2872 vel
1179 2808 1434 2888 renunciatione,
1446 2806 1500 2871 vel
1551 2878 1557 2890 ,

320 2930 483 3009 cessione3
499 2928 558 2993 sub
582 2950 620 2993 eo
642 2918 738 3015 'pacto
762 2950 926 3014 cmpresso
943 2932 996 2997 vel
1021 2932 1129 3004 tacite,
1148 2937 1183 2997 ut
1205 2931 1289 2996 idem
1309 2928 1500 2997 beneficium

319 3051 372 3117 vel
386 3071 445 3137 per
457 3052 732 3118 renunciationem
750 3055 847 3137 ipsius
863 3052 1056 3128 beneficiati,
1070 3062 1125 3120 aut
1137 3074 1197 3139 per
1209 3057 1397 3120 canonicam
1413 3055 1501 3119 insti·

319 3178 484 3249 tutionem,
494 3196 591 3260 quum
606 3174 797 3243 beneficium
809 3198 929 3244 vacare
943 3182 1127 3263 contigerit,
1138 3179 1240 3253 idean
1253 3181 1395 3261 inquam,
1406 3178 1501 3243 bene

321 3298 427 3367 licium
444 3300 504 3386 ipsi
521 3301 767 3385 paciscentivel
784 3302 879 3366 alteri
896 3303 1068 3369 benevisae
1080 3322 1249 3388 personae,
1262 3303 1409 3368 obtinere
1423 3322 1499 3367 con-
1563 3334 1567 3339 -

320 3426 432 3511 tingat.
459 3425 547 3490 Idem
571 3428 651 3492 iuris
674 3431 733 3508 est,
751 3429 776 3492 si
801 3432 992 3493 reservatur
1014 3448 1080 3492 non
1103 3426 1205 3514 ips'om
1225 3425 1425 3498 beneficium,
1443 3425 1499 3491 sed

321 3550 426 3636 portio
456 3550 524 3615 eius
548 3550 723 3625 fructuum,
752 3570 809 3617 seu
832 3552 955 3636 pensio.
980 3551 1168 3616 Huiusmodi
1193 3556 1288 3635 pacta
1313 3551 1501 3635 specialiter

322 3672 503 3759 proscripta
514 3673 648 3739 luerunt
672 3676 703 3737 in
721 3674 827 3741 const.
843 3675 893 3739 Pii
911 3674 959 3739 IV
971 3673 1209 3741 &manorum
1224 3674 1452 3759 Pontificum
1467 3678 1502 3741 et

322 3797 485 3864 tonsas.
512 3797 562 3863 Pii
588 3799 619 3863 V
643 3798 881 3865 Intolerabile.

411 4009 450 4077 (l)
470 4009 594 4063 Simonis
612 4010 686 4064 enim
706 4026 778 4080 quae
797 4020 889 4065 mente
911 4015 1021 4065 tantum
1039 4012 1186 4074 retinetur,
1204 4027 1241 4064 ne
1260 4010 1368 4078 concipi
1388 4008 1500 4080 quidem

323 4118 568 4184 potestquatenus
581 4120 624 4170 est
636 4117 759 4183 asimenp
777 4132 840 4170 com
853 4117 972 4171 simonia
984 4117 1119 4170 consistat
1132 4116 1161 4170 in
1174 4133 1266 4170 rorum
1280 4118 1501 4185 permutatione,

324 4218 451 4289 proinde,
472 4219 572 4273 saltem
591 4237 625 4275 ex
644 4239 699 4275 una
719 4226 812 4291 perte,
835 4223 973 4291 incoepta
996 4221 1118 4276 intentio
1142 4224 1236 4278 eutem
1260 4239 1309 4275 sen
1334 4222 1501 4276 deliberatio

323 4323 449 4393 patrandi
469 4324 625 4393 simoniam,
640 4330 733 4396 potest
751 4342 813 4381 esse
826 4343 895 4396 pure
906 4328 1047 4393 mentalis,
1059 4327 1106 4381 sed
1120 4331 1187 4381 tunc
1207 4331 1250 4381 est
1267 4326 1387 4397 simplex
1400 4344 1500 4397 pecco·

324 4438 392 4495 nm,
411 4446 466 4484 non
486 4431 601 4485 crimen.
