3350 5100
541 329 585 378 uu
613 329 767 379 nemoris
790 332 833 378 nr
856 331 975 378 roonis
1030 313 1033 316 ’
1326 310 1347 374 9

177 457 287 520 eontra
316 453 534 519 sollicitantes
564 452 611 517 ad
642 454 759 536 turpia
785 456 920 520 nullum
949 454 1019 520 uim
1046 451 1188 534 babent,
1215 453 1345 518 denun-

177 575 330 642 tiationes
355 575 447 640 enim
479 594 569 641 moni
596 595 728 642 nonnus
753 594 789 642 m
814 595 951 650 tunimo,
975 595 1097 658 nempe
1124 592 1242 641 emam
1266 573 1346 656 Epi·
1383 642 1387 648 ,

176 718 269 782 scopo
293 700 405 765 eiusce
428 700 597 784 deleauto,
622 719 701 764 cum
724 699 916 766 interuentu
939 699 1153 766 ecclesiastici
1179 699 1263 772 uiri,
1288 697 1348 782 qui

176 825 296 889 notarii
315 829 434 907 partes
458 828 578 904 teneat,
601 828 635 889 et
656 843 733 888 cum
757 823 954 891 iuraunento
974 829 1007 890 et
1028 843 1106 890 cum
1129 822 1349 906 capressione

177 946 475 1029 etsubsuiptione
505 947 560 1014 sut
590 945 755 1020 nominis,
780 966 844 1014 neo
871 947 996 1032 sufficit
1026 947 1056 1013 si
1082 949 1142 1033 fiat
1170 964 1235 1029 per
1264 964 1347 1029 apo·

176 1067 253 1134 abas
277 1069 329 1134 vel
360 1068 491 1136 litteras
519 1069 593 1134 une
623 1069 762 1134 nomine
788 1074 822 1135 et
851 1069 1052 1155 coynamine
1077 1067 1237 1134 auctoris.
1263 1067 1349 1132 Cete-

175 1212 251 1257 rum
276 1191 479 1275 prohibetur
500 1211 544 1258 ne
566 1193 603 1258 in
625 1193 830 1276 recipiendis
861 1191 1189 1272 denunciationibus,
1208 1195 1350 1274 praeter
1391 1235 1395 1243 .

175 1316 317 1382 iudicem
349 1321 381 1382 et
410 1315 584 1382 notarium
614 1317 729 1382 airum
759 1321 944 1402 utrumque
971 1316 1250 1395 ecclesiasticum,
1273 1332 1349 1397 spe·

175 1443 249 1507 ciali
271 1447 303 1508 et
325 1442 451 1525 scripto
474 1449 622 1508 onorata
637 1442 787 1524 eumaem
810 1442 1028 1525 deputatione
1054 1442 1234 1513 munitum,
1255 1447 1351 1508 testes

175 1567 336 1634 intersint.
356 1568 553 1634 Cavendum
576 1587 711 1652 quoque
733 1587 777 1633 ne
800 1587 822 1633 a
845 1569 1131 1634 denuntiantibus
1150 1573 1350 1652 quaeratur,

174 1710 255 1756 num
270 1692 500 1758 sollicitationi
521 1691 770 1759 conseruerint:
786 1696 817 1757 et
833 1692 1187 1758 conuenientissimum
1206 1691 1305 1774 foret,
1322 1692 1352 1758 si

175 1815 214 1900 de
236 1816 436 1883 huiusmodi
455 1835 630 1888 consensu,
648 1817 870 1900 quantumvis
884 1823 1004 1900 sponte
1019 1816 1248 1899 manifestato,
1265 1817 1352 1882 nibil

174 1945 308 2004 nouur
330 1941 366 2006 in
389 1940 513 2006 tabulis
527 1962 565 2022 ›;
582 1949 614 2006 et
637 1940 696 2006 sub
721 1962 751 2006 n.
770 1941 800 2015 7,
817 1947 985 2026 postquem
1005 1943 1161 2007 edixerit:
1182 1941 1351 2008 ‹Denun-

175 2063 328 2130 ciationis
357 2083 445 2130 onus
468 2071 516 2130 est
544 2065 735 2147 personale,
764 2069 795 2130 el
821 2062 865 2131 ab
891 2065 968 2147 ipsa
995 2083 1148 2148 persona
1173 2065 1352 2131 sollicitata

175 2187 465 2272 adimplendum»
484 2189 579 2273 idque
602 2188 822 2274 peragendum
846 2209 929 2270 esse,
946 2191 973 2253 si
997 2193 1068 2273 quis
1083 2209 1149 2254 non
1164 2191 1264 2275 possit
1283 2209 1353 2275 per-

174 2315 337 2393 sonaliter,
362 2335 421 2399 per
451 2315 577 2380 litteras
604 2319 660 2380 aut
686 2333 746 2399 per
773 2333 946 2399 personam
976 2313 1181 2388 berenicem,
1205 2315 1353 2380 adeundo

177 2435 393 2509 Ordinerium,
411 2439 462 2503 vel
480 2439 630 2505 Sanctam
652 2438 765 2506 Sedem
782 2459 842 2522 per
857 2439 889 2505 S.
909 2441 1206 2512 Paenitentisriam,
1223 2446 1278 2531 eut
1294 2459 1354 2526 per

176 2561 204 2626 S.
231 2564 269 2629 U.
299 2564 562 2648 Inquisitionem,
592 2562 770 2629 concludit:
798 2566 898 2629 «Ast
926 2564 956 2631 si
986 2566 1081 2630 nullo
1113 2564 1353 2646 impedimento

175 2691 317 2771 detento,
338 2690 633 2757 denunciationem
655 2689 794 2757 omnino
817 2695 944 2755 renuat
967 2688 1055 2775 (pers
1076 2690 1259 2760 sollicitata,
1284 2691 1354 2754 sive

175 2834 240 2880 moe
272 2817 342 2880 sive
372 2814 592 2897 foemina.....),
621 2816 817 2880 laudandus
848 2820 897 2879 est
930 2814 1159 2897 confessarius
1185 2816 1246 2899 qui
1276 2834 1353 2899 ope·

174 2958 251 3004 ram
274 2958 376 3004 snam
388 2940 574 3022 poenitenti
588 2959 659 3006 non
678 2939 905 3023 deneyaoerit,
929 2944 963 3003 et
983 2941 1035 3005 ael
1054 2938 1279 3005 ordinarium
1301 2941 1354 3005 vel

175 3286 268 3339 siout,
282 3271 327 3326 vel
347 3287 550 3336 sruuuurmnn,
563 3270 607 3325 vel
630 3288 800 3327 rniurnxru
814 3273 1007 3341 consessionis,
1019 3272 1056 3324 ad
1075 3275 1170 3341 turpio
1187 3275 1355 3341 mouocatio.

176 3376 356 3431 conditiones
370 3377 452 3431 huius
465 3378 590 3432 criminis
603 3378 704 3432 Bened.
718 3377 785 3431 XIV
798 3379 826 3431 in
841 3378 935 3431 Const.
948 3378 1158 3431 Sauameruum
1168 3381 1358 3447 poenitentiae

173 3480 214 3549 ita
239 3481 417 3546 determinet,
442 3482 541 3536 iubens
565 3482 726 3537 denunciari
746 3499 871 3537 «omnes
889 3490 918 3537 et
937 3481 1063 3551 singulos
1087 3483 1246 3536 sacerdotes
1247 3521 1289 3536 .....
1308 3484 1355 3553 qai

175 3587 299 3659 aliquem
320 3589 517 3657 poenitentem,
529 3605 721 3659 quaecumque
740 3605 859 3657 persona
878 3590 928 3643 ille
947 3589 993 3654 sit,
1006 3589 1050 3643 vel
1071 3590 1100 3643 in
1118 3594 1183 3643 ectu
1202 3606 1356 3644 eset-amen·

175 3695 240 3749 telis
259 3697 450 3764 confessionis,
463 3695 508 3749 vel
527 3700 601 3762 ante,
614 3695 659 3750 vel
673 3695 832 3755 immediate
846 3701 908 3765 post
921 3697 1132 3759 confessionem,
1146 3695 1190 3749 vel
1211 3696 1357 3750 occasione

175 3800 219 3855 vel
240 3806 399 3871 praetextu,
418 3803 462 3855 vel
487 3802 573 3857 etiam
598 3809 679 3855 extre
697 3802 871 3855 occasionem
894 3802 1079 3855 confessionis
1103 3802 1131 3854 in
1154 3800 1358 3865 confessionali,

174 3908 233 3962 sive
253 3908 284 3961 in
302 3908 359 3961 olio
378 3908 439 3961 loco
458 3908 492 3961 ad
508 3908 658 3962 audiendas
671 3908 860 3961 coiiieseiones
871 3908 1011 3962 destinato
1024 3912 1073 3960 erit
1085 3907 1185 3972 electo,
1198 3924 1260 3960 cum
1273 3908 1357 3961 simu·

176 4011 284 4067 latione
308 4013 437 4068 audiendi
463 4014 565 4068 ibidem
589 4014 798 4077 consessionem,
818 4013 852 4066 ad
870 4012 1019 4067 inhonesta
1041 4018 1070 4067 et
1089 4014 1181 4081 turpia
1204 4012 1358 4067 sollicitere

177 4135 226 4187 pro
251 4122 343 4190 seipso
361 4121 407 4175 vel
437 4138 485 4191 pro
509 4121 565 4174 alia
590 4136 717 4189 persona,
736 4120 782 4175 vel
809 4136 959 4188 provocare
983 4121 1042 4175 sive
1065 4122 1157 4175 serbis
1181 4121 1240 4175 eive
1260 4121 1358 4189 signis,

177 4225 236 4281 sive
257 4226 372 4280 nutibus
390 4228 448 4281 sive
467 4232 544 4281 lactu
564 4228 622 4281 sive
642 4227 885 4295 perscripturum,
904 4232 953 4280 eut
972 4233 1039 4280 tunc
1058 4232 1107 4280 out
1127 4232 1188 4295 post
1211 4226 1357 4295 legendum

177 4333 360 4397 tentaverint,
379 4338 428 4387 eut
452 4350 515 4387 cum
539 4333 579 4387 eis
606 4331 721 4385 illicitos
745 4336 774 4385 et
798 4330 961 4387 inhonestos
984 4348 1126 4386 sermones
1151 4330 1195 4386 vel
1221 4336 1360 4385 tractatus

178 4434 367 4494 habuerint».
