3350 5100
477 287 521 334 ns
545 287 687 339 sumens
709 285 951 341 annuissemus
1233 269 1310 340 2411

140 406 252 490 sititor,
274 407 351 474 dum
372 417 543 476 accusator
566 413 722 497 privatus,
738 431 798 497 per
822 432 874 484 se,
899 416 1023 479 tantum
1047 431 1184 497 poenam
1208 413 1303 480 ordi-

138 532 265 598 nariam
286 540 445 619 expetere
466 537 556 602 vetet
584 538 618 603 in
640 543 837 612 accusatum,
866 556 932 602 non
960 538 1302 622 eootroordinciiam5

139 655 350 724 miitrmiom
373 679 453 724 vero
482 665 559 727 tuuc
589 663 739 746 persequi
767 661 874 741 valet,
898 661 1024 746 quando
1048 662 1082 727 in
1105 669 1197 728 textu
1221 664 1301 730 iuris

138 801 231 864 poena
245 782 433 850 decernitur
448 786 504 852 sed
528 787 624 852 iudici
649 788 845 870 relinquitur
859 786 1114 852 determinanda.
1133 787 1204 852 Hoc
1228 807 1302 872 pen·
1434 872 1437 883 1

138 904 184 969 det
204 926 247 971 ex
267 909 337 993 ipso
360 916 519 994 conceptu
542 913 679 983 actionis
702 912 867 996 popularis
891 911 1078 983 criminalis,
1096 929 1178 996 quae
1200 930 1302 977 suum

138 1027 183 1093 ius
189 1032 310 1112 populi
323 1037 447 1112 tuetur,
459 1053 530 1118 arg.
543 1033 565 1098 1.
582 1035 609 1098 l.
624 1031 656 1098 ff.
670 1034 720 1100 De
731 1033 960 1117 popularibus
975 1032 1173 1114 actionibus,
1187 1052 1304 1118 nempe

138 1151 179 1215 ius
199 1152 270 1239 lege
293 1158 496 1241 recognitum
519 1163 553 1222 et
575 1161 678 1242 poena
703 1160 871 1223 munitum.

219 1279 292 1345 177.
317 1281 356 1344 In
377 1301 532 1366 processu
554 1302 650 1349 mero
673 1282 878 1368 inquisitiva
904 1285 950 1348 uti
980 1303 1080 1368 supra
1110 1303 1140 1348 n.
1168 1284 1232 1350 108
1256 1289 1304 1350 vi-

139 1403 239 1485 dimus,
254 1406 349 1472 adest
369 1413 549 1511 commutor
570 1408 750 1492 virtualis;
773 1409 929 1494 siquidem
952 1408 1007 1474 ius
1029 1410 1217 1476 accusandi
1240 1431 1305 1476 non

139 1538 304 1596 exercetur
329 1550 350 1594 a
379 1551 519 1617 persona
549 1531 701 1598 distincta
724 1533 860 1620 physice
882 1553 902 1598 a
933 1531 1055 1605 iudice,
1079 1532 1136 1598 sed
1163 1533 1204 1598 ab
1237 1535 1305 1619 ipso

140 1651 241 1718 iudice.
255 1655 388 1720 Revera
402 1657 463 1722 iste
474 1663 654 1722 oocmotor
669 1657 836 1738 virtualis,
850 1657 895 1722 uti
911 1655 1005 1724 docet
1021 1656 1198 1740 Pellegrini
1215 1658 1236 1722 i.
1250 1658 1305 1723 cit.

140 1777 214 1844 Sect.
235 1778 285 1854 H,
308 1801 344 1844 a.
367 1783 420 1854 19,
444 1787 494 1846 est
523 1778 698 1848 diffamatio
721 1802 779 1846 seu
802 1783 995 1849 clamorosa
1025 1781 1220 1858 insinuatio,
1246 1801 1306 1848 ceu

139 1905 270 1986 loquitur
280 1899 496 1972 'Innocentius
511 1906 561 1971 111
578 1909 612 1972 in
629 1908 681 1975 cit.
696 1926 769 1988 cap.
783 1907 833 1972 24
848 1905 901 1972 De
913 1926 1035 1980 accus,
1048 1925 1194 1991 quaeque
1211 1926 1307 1992 expe·

140 2029 268 2096 suatur
291 2037 328 2097 ut
349 2033 420 2115 quis
443 2033 514 2116 rapi
537 2034 638 2117 possit
661 2033 695 2097 in
725 2031 876 2098 iudicium
901 2033 975 2117 quia
999 2031 1041 2098 de
1068 2033 1205 2099 occultis
1236 2051 1308 2100 nou

139 2154 257 2221 iudicet
280 2157 442 2229 Ecclesia,
454 2177 525 2242 arg.
544 2177 616 2243 cap.
635 2156 690 2238 33,
705 2157 755 2222 Dc
779 2155 862 2222 sim.
879 2157 920 2232 Χ,
946 2155 1001 2241 (V.
1019 2155 1073 2240 3);
1090 2155 1155 2227 sed.
1180 2176 1308 2242 reapse,

140 2281 346 2347 accusationis
369 2283 553 2346 instantiam
569 2283 601 2347 in
625 2281 741 2348 iudicio
757 2302 851 2349 mere
873 2281 1078 2367 inquisitiva,
1103 2285 1309 2365 quantumvis
1379 2262 1381 2267 ¹

140 2405 306 2487 praecedat
327 2405 470 2487 infamia,
494 2412 628 2472 exercet
650 2407 720 2492 ipse
743 2407 851 2470 iudex.
974 2407 976 2413 '

219 2531 401 2597 Praeterea
423 2532 492 2617 ipse
506 2529 684 2619 Pellegrini
700 2532 795 2598 docet
810 2552 842 2596 n.
860 2532 904 2597 45
918 2550 987 2616 seq.
1006 2536 1038 2597 et
1053 2551 1112 2597 nos
1128 2532 1191 2597 iam
1209 2530 1309 2617 expli·

141 2657 285 2728 cavimus,
308 2656 447 2722 iudicem
469 2676 564 2743 posse
587 2678 633 2724 eoo
654 2658 773 2743 officio,
790 2657 880 2722 nulla
903 2659 1038 2743 praevia
1060 2656 1309 2724 denunciatione

141 2787 189 2846 aut
214 2782 367 2855 iufamia,
390 2784 576 2849 instaurare
606 2784 860 2868 inquisitionem
888 2783 1081 2867 specialem,
1105 2784 1245 2848 maxime
1269 2782 1310 2848 ad
1386 2808 1392 2818 ·

141 2907 344 2972 avertendum
366 2908 708 2993 periculum-animae,
733 2908 774 2973 ad
797 2907 1054 2973 emendationem
1083 2906 1312 2991 delinquentis,

141 3029 175 3095 ad
196 3033 329 3118 gravius
358 3033 619 3118 praecavendum
647 3034 823 3099 discrimen
852 3032 1060 3118 reipublicae.
1086 3035 1123 3097 ln
1154 3032 1311 3099 eiusmodi

142 3175 289 3239 processu
312 3178 378 3223 nou
401 3158 492 3225 deest
511 3165 605 3224 actus
635 3160 849 3225 accusationis
872 3164 905 3225 et
935 3159 1013 3224 hinc
1036 3158 1090 3224 ius
1122 3150 1311 3225 accusandi

142 3279 177 3343 ad
203 3300 340 3367 poenam
369 3289 426 3349 aut
447 3302 619 3349 censuram
652 3281 877 3368 infligendam,
901 3282 985 3366 quod
1015 3283 1065 3348 ius
1095 3283 1121 3347 si
1145 3280 1312 3373 deficeret,

142 3424 304 3487 processus
325 3413 413 3472 esset
434 3407 570 3471 iniustus
594 3413 628 3472 et
649 3408 811 3472 sententia
834 3406 1110 3472 condemnationis
1133 3406 1237 3470 irrita.

224 3531 298 3595 178.
324 3531 550 3596 Accusationis
569 3532 696 3616 species
711 3536 760 3595 est
775 3532 925 3615 quercia,
942 3531 1059 3615 quippe
1075 3535 1125 3594 est
1140 3528 1312 3596 accusatio

144 3655 279 3721 criminis
301 3654 343 3720 ab
366 3674 405 3719 eo
427 3654 516 3719 facta
538 3656 627 3738 quie
649 3654 793 3720 crimine
814 3654 989 3726 iniuriam,
1016 3652 1236 3737 offensionem
1252 3656 1313 3717 out

143 3776 438 3859 domaumretutit,
454 3779 500 3844 uti
513 3781 625 3846 statuit
640 3779 713 3845 cod.
731 3778 782 3844 cit.
800 3778 901 3865 (irco.
919 3782 983 3844 ort.
1008 3776 1085 3843 145.
1101 3812 1113 3823 ·
1131 3776 1312 3859 Haecque

144 3900 207 3965 retu
227 3909 278 3969 est
290 3902 452 3985 fornolis
473 3923 532 3969 seu
554 3905 589 3968 iu
611 3902 719 3967 forma
741 3902 966 3977 accusationis,
986 3901 1111 3983 quoties
1138 3899 1314 3983 querelans

144 4027 203 4109 agit
230 4034 343 4113 partes
371 4029 494 4094 actoris
524 4048 582 4093 seu
608 4031 825 4101 accusatoris,
851 4027 935 4111 quod
962 4031 1132 4111 praestare
1160 4026 1249 4090 valet
1278 4027 1312 4090 in

145 4148 209 4215 toro
224 4153 445 4218 ecclesiastico
456 4152 510 4218 ubi
526 4152 633 4217 adhuc
644 4154 734 4238 riget
747 4156 891 4237 systema
906 4148 1158 4216 coemeterium
1169 4168 1313 4232 purum.

146 4273 228 4339 Tunc
250 4277 391 4360 querela
414 4281 463 4341 est
485 4278 555 4361 ipsa
577 4278 662 4341 actio
684 4276 871 4348 criminalis,
890 4292 984 4357 quam
1008 4274 1088 4338 ciris
1111 4272 1227 4355 laesus,
1248 4292 1314 4337 una

147 4398 314 4484 eademque
329 4400 714 4485 instantia‚·persequitur
729 4406 796 4465 tum
812 4398 852 4463 ad
868 4398 1026 4483 publicam
1042 4396 1229 4481 vindictam,
1245 4405 1313 4462 tum

212 4541 271 4595 Soc,
289 4542 374 4611 Leon.
395 4541 454 4595 Lib.
468 4541 501 4607 ΙΙ,
518 4541 572 4595 voi.
588 4540 632 4594 tv,
1209 4538 1241 4592 16
