3350 5100
622 320 828 369 nausearum
855 321 903 368 rv.
1291 300 1358 369 595

246 444 276 501 Si
293 461 361 501 uero
384 446 537 515 contigerit
561 445 684 516 aliquem
709 444 831 499 examini
856 444 1059 500 subiiciendom
1086 461 1101 500 e
1124 448 1185 500 uita
1211 444 1358 514 migrasse,

175 553 273 607 mortis
291 554 488 607 documentum
506 553 582 607 inter
600 558 664 607 acta
682 556 870 607 recenseatur.

245 660 259 727 Ι
279 659 320 715 16.
339 660 435 723 Quoad
454 659 580 730 singulos
593 660 622 713 in
635 658 769 713 iudicium
781 665 897 713 vocatos
908 658 955 715 rel
966 659 1108 714 vocandos
1119 663 1245 713 actorum
1265 658 1359 714 mode·

176 772 252 821 rator
271 767 413 838 inquirere
432 766 545 823 debebit
563 768 737 837 probitatem*
752 770 782 822 et
800 766 1027 833 credibilitatem,
1046 770 1076 822 et
1099 766 1134 819 ad
1158 766 1212 821 boc
1236 767 1357 834 curabit,

176 880 209 930 ut
226 878 261 931 ab
286 892 382 931 eorum
407 874 544 945 parochis,
564 876 608 930 siu
622 876 719 929 minus
738 892 755 927 a
774 874 901 944 personis
919 874 974 930 lide
991 874 1093 944 dignis,
1111 874 1213 929 literae
1230 874 1357 930 testimo·

177 980 267 1037 niales
285 980 480 1047 exhibeantur,
498 998 570 1052 quae
590 981 674 1035 etiarn
695 981 723 1035 in
744 980 814 1035 actis
833 984 918 1035 erunt
935 980 1106 1035 referendae.

248 1089 262 1154 l
275 1086 314 1142 17.
329 1086 405 1141 lnter
422 1086 621 1142 examinandos
635 1086 724 1155 primo
736 1086 799 1140 loco
812 1086 890 1141 venit
902 1085 962 1152 ille,
974 1086 1022 1158 qui
1035 1086 1243 1141 accusationem
1258 1090 1357 1141 contra

177 1193 385 1249 matrimonium
397 1195 499 1249 'movit
511 1195 555 1247 Ab
575 1194 630 1249 isto
647 1194 850 1265 exquirendum
863 1194 927 1260 erit,
940 1198 972 1248 ut
983 1194 1059 1249 claro
1072 1193 1259 1265 distincteque
1271 1207 1357 1263 expo·

176 1308 226 1353 net
243 1300 431 1354 accusationis
449 1300 563 1355 titulum
573 1316 581 1365 3
592 1302 667 1355 lacta
680 1301 775 1354 omnia
785 1300 909 1356 fideliter
920 1305 951 1355 et
962 1298 1096 1370 religiose
1114 1278 1227 1356 enairet
1244 1316 1358 1356 eorum·

177 1424 231 1479 que
250 1408 429 1477 probationes
453 1409 568 1473 alleratr
589 1408 816 1463 circumstantiae
839 1424 937 1463 omues
958 1412 987 1463 et
1012 1408 1115 1461 indicia
1138 1411 1262 1477 exponat
1285 1424 1358 1478 quae

176 1515 221 1571 vel
241 1532 276 1571 ex
295 1516 408 1586 propria
425 1517 545 1571 scientia
563 1516 734 1586 cognoverit,
754 1515 801 1570 rel
819 1532 855 1570 ex
873 1515 994 1569 aliorum
1012 1515 1151 1569 relatione
1163 1514 1310 1581 didicerit3
1328 1517 1359 1570 et

177 1622 298 1693 denique
316 1623 442 1678 nominet
461 1626 556 1689 testes,
575 1639 643 1693 quos
664 1622 699 1677 de
723 1638 754 1677 re
777 1623 911 1677 iatrnctos
929 1623 1060 1689 sciverit,
1078 1621 1123 1679 rel
1148 1621 1249 1678 saltem
1272 1638 1358 1693 repu-

179 1728 291 1783 tarerit.

249 1834 324 1901 218.
345 1834 471 1889 Secundo
490 1834 552 1889 loco
574 1834 691 1890 veniunt
715 1835 852 1904 coniuges
875 1836 942 1905 ipsi,
961 1835 1009 1906 qui
1033 1849 1158 1904 semper,
1177 1837 1207 1889 et
1233 1850 1358 1889 seorsum

177 1942 269 1997 audiri
287 1942 399 2008 debent,
418 1946 449 1995 ut
469 1942 656 2013 unnsquisque
675 1959 726 1996 sua
744 1942 808 1997 iura
824 1942 908 2007 tueri,
926 1946 956 1997 et
973 1942 1106 2008 rationes,
1125 1942 1313 2010 deductiones,
1325 1958 1359 1997 sc

178 2050 254 2103 lacta
281 2047 370 2101 allata
395 2052 445 2101 aut
468 2048 599 2115 relicere,
623 2053 672 2103 aut
694 2047 837 2118 explicare
861 2053 955 2119 queat.
979 2049 1128 2110 Quaelibet
1149 2066 1213 2119 pars
1236 2050 1359 2105 examini

176 2154 304 2210 subiecta
322 2154 426 2224 poterit
447 2154 492 2209 rol
514 2154 591 2211 illico
619 2160 681 2225 post
706 2172 839 2221 examen,
858 2155 904 2210 rel
929 2156 1015 2210 stiam
1040 2155 1184 2226 deinceps,
1207 2160 1359 2226 antequam

179 2276 325 2331 processus
337 2260 494 2328 claudatur,
507 2276 669 2331 proponere,
682 2262 706 2315 si
720 2262 797 2329 velit,
810 2261 954 2328 articulos,
962 2280 1046 2333 super
1058 2262 1160 2333 quibus
1172 2261 1248 2318 alter
1257 2263 1360 2316 coniux

178 2366 217 2421 sit
235 2368 448 2433 examinandum
467 2372 497 2424 et
515 2372 653 2439 quatenus
672 2368 757 2422 etium
776 2370 812 2423 ab
831 2368 885 2422 hoc
903 2367 1016 2422 articuli
1029 2372 1227 2437 proponantur,
1241 2368 1360 2423 eritite·

178 2492 240 2530 rum
259 2476 387 2531 citandus
405 2476 516 2541 coniux,
528 2476 576 2546 qui
593 2477 698 2547 primus
714 2478 809 2531 fuerat
827 2477 1015 2542 examinatus,
1034 2479 1065 2529 ut
1082 2490 1166 2545 super
1184 2474 1312 2529 articulis
1323 2476 1359 2529 ab

179 2581 271 2637 altero
289 2582 439 2652 propositis
457 2582 595 2636 audiatur.
614 2582 695 2636 luxta
715 2598 829 2636 casuum
848 2581 1040 2636 diversitatem
1059 2597 1077 2634 a
1089 2581 1257 2651 coniugibus
1268 2581 1361 2652 inqui·

179 2690 293 2744 rendum
311 2690 374 2756 erit,
394 2694 425 2743 nt
443 2691 467 2742 si
485 2707 541 2760 qua
560 2689 727 2744 documenta
745 2687 870 2743 habeant
881 2689 916 2742 ad
935 2706 1016 2743 suum
1029 2689 1247 2753 matrimonium,
1260 2687 1306 2743 vel
1325 2688 1359 2742 ad
1425 2663 1429 2670 .

179 2796 357 2864 coniugalem
376 2796 451 2850 vitae
469 2796 698 2850 consuetudinem
718 2795 885 2864 spectantia,
904 2813 938 2852 aa
956 2795 1118 2862 exhibeant,
1130 2795 1159 2848 in
1178 2800 1243 2850 acta
1261 2812 1359 2851 receu-

179 2901 273 2954 sends.
293 2900 369 2961 Quae
388 2900 555 2954 documenta
574 2901 772 2972 cuiuscumque
791 2901 904 2971 generis
921 2901 986 2967 sint,
1005 2906 1035 2956 et
1053 2918 1070 2955 a
1088 2916 1264 2972 quocumque
1282 2898 1360 2954 exbi-

180 3006 307 3070 beantur,
326 3021 436 3074 semper
453 3009 536 3060 erunt
556 3003 727 3074 recipienda3
746 3009 776 3060 et
793 3005 980 3060 cancellarius
997 3006 1133 3060 adnotare
1151 3004 1265 3059 debebit
1276 3005 1359 3070 diem,

179 3127 311 3178 mensem,
331 3117 359 3166 et
378 3124 490 3178 annum,
509 3127 632 3167 necnon
652 3128 753 3167 nornen
772 3112 850 3167 illins
867 3130 885 3166 a
902 3129 958 3184 quo
976 3112 1104 3168 exhibita
1121 3113 1243 3168 morunt.

250 3219 264 3287 t
286 3218 327 3273 19.
348 3219 377 3272 Si
396 3221 478 3274 ambo
497 3220 632 3288 coniuges
650 3220 800 3274 concordes
818 3221 848 3274 in
865 3220 1085 3290 depositionibus
1103 3220 1216 3288 luerint,
1235 3219 1361 3274 modera-

182 3329 225 3380 tor
244 3330 370 3380 actorum
389 3330 419 3380 et
436 3325 564 3380 defensor
582 3327 754 3380 matrimonii
772 3325 871 3382 sedulo
888 3326 1039 3396 inspiciant
1051 3331 1144 3382 utrum
1162 3326 1360 3382 intereosdem

178 3433 297 3488 collusio
317 3433 515 3489 intercesserit.
534 3433 594 3488 Hoc
614 3433 642 3486 in
661 3449 727 3486 casn
747 3433 860 3503 singula
871 3438 1039 3503 argumenta
1050 3437 1149 3488 contra
1164 3449 1260 3490 eorum
1272 3433 1358 3503 depo·

179 3541 295 3597 sitiones
313 3557 349 3596 ex
368 3557 499 3610 processu
518 3539 687 3596 resultantia
705 3540 837 3595 distincte
855 3540 954 3595 iisdem
971 3541 1150 3608 obiiciantur,
1169 3544 1201 3595 ut
1216 3540 1324 3608 fraude,
1335 3540 1360 3594 si

180 3663 236 3716 qua
253 3647 348 3711 luerit,
366 3647 487 3712 detecta,
505 3647 617 3712 veritas,
636 3646 727 3717 quoad
745 3647 807 3701 deri
821 3647 917 3716 possit,
935 3646 1056 3702 dilucide
1074 3650 1217 3716 appareat.

251 3755 265 3819 l
283 3754 326 3807 20.
346 3752 413 3807 Post
431 3753 565 3823 coniuges
582 3753 688 3808 citandi
706 3757 789 3808 erunt
807 3757 895 3807 testes
918 3752 1034 3819 inducti,
1051 3755 1162 3806 servata
1180 3767 1277 3806 eorum
1295 3766 1361 3805 sxa·

181 3858 375 3912 minandorum
394 3860 503 3916 ratione
522 3861 649 3930 superius
662 3860 809 3930 descripta,
822 3863 851 3913 et
869 3859 1017 3930 exquisitis
1034 3859 1070 3912 ab
1083 3857 1182 3913 iisdem
1195 3860 1230 3912 iis
1242 3855 1360 3924 notitiis,

180 3963 215 4017 de
232 3963 334 4034 quibus
351 3965 482 4020 instructi
500 3966 707 4020 existimantur.
726 3965 966 4035 Interrogationes
982 3963 1102 4035 singulis
1113 3965 1266 4033 faciendae,
1279 3971 1362 4035 prout

160 4069 367 4123 ’accusationis
385 4069 496 4135 titulus,
516 4075 565 4125 aut
583 4071 672 4125 allata
695 4073 833 4126 factorum
851 4074 881 4127 et
908 4071 1182 4125 circumstantiarum
1206 4069 1360 4140 congeries,

180 4174 226 4230 rel
249 4174 312 4246 ipsa
335 4176 448 4230 testium
474 4177 582 4232 indoles
607 4182 692 4248 atque
715 4177 858 4247 capacitas
881 4177 1025 4248 requirere
1050 4167 1194 4245 uideatur,
1211 4177 1361 4248 sagacitati

181 4287 265 4354 atque
283 4283 448 4353 prudentias
465 4284 649 4340 moderatoris
666 4289 793 4339 actorum
812 4289 843 4341 et
859 4284 1013 4340 defensoris
1030 4285 1136 4340 vinculi
1155 4284 1360 4357 relinquuntur,

179 4387 227 4460 qui
246 4387 311 4444 illas
329 4389 513 4456 concinnare,
532 4404 637 4458 augere
661 4393 710 4444 aut
734 4388 900 4445 imminuere
927 4394 1074 4460 poterunt,
1094 4390 1241 4446 dummodo
1264 4394 1360 4446 tamen
