3350 5100
406 305 450 352 DE
475 305 618 353 malcus
638 273 880 355 autumamus
906 305 941 352 IN
965 305 1085 354 SPECIE
1271 289 1337 355 425

610 657 788 724 TITULUS
818 657 878 724 lV.

196 870 242 916 DE
266 871 483 920 connumera
505 871 548 919 Er
572 873 616 920 DE
641 873 731 920 MODO
759 872 974 920 PROCEDENDI
999 871 1036 920 ΙΝ
1060 871 1289 921 contumacus.

150 1095 371 1158 summarium.
389 1127 425 1140 -
443 1099 504 1153 365.
524 1098 709 1154 Contumacia
726 1105 769 1155 est
790 1100 905 1156 crimen.
923 1127 960 1143 -
976 1099 1039 1155 366.
1058 1099 1100 1155 Ex
1118 1106 1199 1169 parte
1222 1115 1336 1154 accusa·

245 1205 314 1258 toris
336 1205 382 1260 vei
406 1205 550 1278 querelam
575 1207 713 1262 moventis
737 1188 898 1279 seauivaIet
922 1207 1126 1264 renunciationi
1151 1201 1338 1262 accusationis

243 1327 293 1365 sen
312 1311 454 1383 querelae.
467 1341 501 1356 -
514 1313 575 1368 367.
594 1313 736 1375 Quomodo
755 1315 898 1383 probanda
915 1315 952 1368 sit
970 1313 1155 1369 contumacia
1168 1341 1203 1356 -
1215 1313 1278 1368 368.
1297 1312 1338 1369 De

243 1419 391 1474 effectibus
415 1421 626 1486 contumaciae3
651 1425 681 1476 et
699 1421 728 1476 in
747 1422 841 1490 specie
859 1421 893 1475 de
911 1422 1139 1492 praesumptione
1163 1422 1289 1476 criminis
1307 1421 1336 1476 in

243 1530 417 1582 contumace.
431 1555 465 1570 -
478 1525 538 1582 369.
559 1527 630 1582 Litis
646 1527 797 1598 pendentia
814 1544 871 1583 non
889 1533 982 1598 potest
997 1529 1121 1583 invocari
1134 1546 1152 1582 a
1163 1532 1337 1598 contumace,

243 1633 393 1702 praecipue
411 1631 445 1686 ad
464 1633 703 1689 determinandam
722 1651 822 1690 causae
841 1636 1078 1705 praeventionem.
1091 1634 1200 1690 -370,
1220 1635 1260 1690 De
1273 1651 1338 1705 poe-

243 1739 287 1792 nis
305 1739 334 1792 iu
353 1744 542 1807 contumaces,
564 1745 623 1796 tum
644 1742 753 1796 ratione
777 1742 980 1808 contumaciae,
999 1747 1059 1797 tum
1079 1744 1188 1798 ratione
1212 1743 1337 1798 criminis

243 1846 316 1900 unde
340 1853 488 1901 accusatur
512 1854 670 1902 contumax.
689 1875 726 1893 -
744 1847 804 1904 371.
831 1848 871 1904 De
896 1849 1006 1904 ratione
1032 1849 1197 1919 procedendi
1216 1849 1249 1903 ad
1275 1867 1338 1905 sen·

244 1952 361 2008 tentiam
390 1954 589 2009 absolutorium
621 1971 668 2010 sau
697 1954 953 2011 condemnatoriam
983 1957 1115 2011 adversus
1144 1965 1336 2011 contumacem

245 2075 333 2114 raum.
353 2087 390 2101 -
407 2057 469 2112 eta
488 2057 652 2115 contumaci
676 2060 861 2116 condemnato
879 2077 934 2116 non
953 2061 1089 2130 competit
1106 2063 1150 2116 ius
1169 2061 1335 2132 appeliandi.

246 2293 322 2357 365.
354 2291 460 2378 Legae
490 2292 652 2358 humanae
682 2298 716 2358 et
746 2292 884 2367 divinae,
913 2293 958 2358 uti
980 2292 1133 2358 admonet
1163 2294 1336 2360 Gratianus

154 2419 194 2482 ia
218 2418 358 2486 Decreta
383 2437 410 2483 c.
434 2439 462 2484 c.
487 2419 516 2493 1,
541 2419 563 2501 5
586 2418 620 2501 4,
644 2437 737 2485 caan.
761 2417 795 2492 3,
820 2418 911 2504 q.8,·
933 2418 1039 2493 0213,
1064 2439 1092 2486 c.
1116 2416 1151 2500 3,
1175 2419 1249 2504 q.9
1271 2437 1336 2484 non

154 2546 323 2632 patiuntur
348 2580 365 2595 ·
390 2545 561 2613 absentem
595 2545 757 2618 iudicari.
782 2582 799 2593 -
824 2547 885 2611 nisi
916 2547 950 2611 in
981 2566 1058 2611 casu
1092 2546 1335 2613 contumaciae.

153 2672 241 2737 Sane
263 2690 328 2736 non
347 2672 528 2757 concipitur
550 2671 711 2745 iudicium.
728 2672 789 2737 nisi
816 2692 892 2737 reus
914 2671 1069 2739 citatione
1091 2670 1175 2757 apud
1198 2670 1336 2737 iudicem

155 2798 380 2868 conveniatur,
404 2816 495 2861 suem
524 2816 654 2862 causam
685 2796 828 2861 dicturus
859 2800 1033 2881 antequam
1055 2816 1076 2861 a
1099 2797 1205 2862 iudice
1236 2795 1337 2861 absol·

154 2920 326 3023 vaturjvel
351 2918 594 3024 condemnetur.
620 2919 682 2985 Sed
706 2914 869 2985 reuerita
895 2921 1012 2985 citatus
1038 2919 1209 3004 aliquando
1240 2918 1336 2985 iudici

155 3043 382 3128 obtemperare
408 3046 518 3110 renuit
547 3051 643 3127 atque
674 3043 835 3109 iudicialis
865 3048 940 3108 acta
968 3046 1120 3128 prosequi
1143 3045 1336 3109 contemnit:

155 3169 190 3231 in
213 3168 276 3233 hoc
299 3168 446 3234 consistit
468 3168 679 3233 contumacia.
705 3168 797 3233 Unde
820 3187 864 3231 ex
885 3168 1088 3233 contumacia
1114 3170 1220 3233 oritur
1243 3186 1338 3252 quae·

155 3291 218 3356 etio
241 3292 405 3369 icadas,
423 3293 498 3376 quia
521 3312 581 3376 par
604 3309 639 3356 se
662 3292 824 3356 accusatio
845 3288 1026 3356 definienda
1048 3296 1134 3357 esset
1152 3310 1263 3357 coram
1279 3310 1337 3356 reo

155 3422 349 3505 praesente;
383 3437 425 3483 ex
455 3417 603 3498 adverso,
628 3415 668 3483 ob
696 3418 764 3482 eius
789 3418 1034 3490 contumaciam,
1058 3416 1177 3482 accidit
1206 3434 1336 3481 causam

155 3543 372 3609 accusationis
398 3542 544 3627 expediri
571 3542 728 3608 adversus
755 3541 930 3607 absentem.
957 3576 974 3590 -
1000 3544 1076 3608 Iure
1102 3547 1210 3607 autem
1237 3559 1336 3606 cano-

156 3670 231 3734 nico
257 3688 354 3734 causa
383 3668 626 3733 contumacialis
654 3673 703 3733 est
733 3686 862 3754 semper
888 3667 1090 3749 criminatis,
1121 3668 1196 3751 quia
1222 3672 1336 3732 contu·

156 3794 262 3860 macie
292 3813 348 3857 seu
375 3798 504 3878 spretus
526 3792 729 3859 auctoritatis
753 3791 876 3863 iudicis,
901 3795 950 3857 est
975 3792 1111 3857 crimen.
1135 3789 1183 3855 (tf.
1208 3790 1284 3855 Vol.
1309 3790 1335 3871 1,

156 3940 188 3985 n.
213 3918 280 3985 564
302 3936 347 4002 eq.
689 3992 693 3999 ¹

215 4132 218 4139 ⁴
247 4040 323 4107 366.
348 4041 455 4105 Porro
478 4042 511 4105 in
535 4060 572 4107 re
596 4040 693 4113 civili,
711 4060 769 4105 seu
792 4039 919 4125 quando
934 4041 1043 4125 agitur
1066 4039 1106 4104 de
1129 4039 1253 4106 iuribus
1268 4040 1356 4125 pri-'

156 4170 314 4239 vatorum,
332 4144 423 4231 adest
445 4166 541 4231 etiam
564 4170 713 4251 aspectus
730 4164 847 4246 civilia,
865 4184 922 4229 seu
945 4169 1152 4249 praesumpta
1166 4166 1338 4229 renuncia-⁹

155 4290 200 4354 tio
223 4290 304 4354 iuris
328 4290 540 4363 controversi,
565 4309 621 4355 sou
645 4291 725 4356 iuris
748 4286 892 4375 agitandi
918 4287 1079 4355 iudicium.
1097 4290 1135 4353 ln
1159 4307 1197 4354 re
1220 4288 1336 4355 admi·

154 4414 228 4478 nati
258 4414 433 4497 numquam
457 4412 657 4478 considerari
688 4418 792 4498 potest
822 4411 878 4478 hic
905 4418 1053 4497 aspectus
1076 4414 1109 4476 in
1133 4414 1338 4478 contumacia
