3350 5100
298 285 318 350 6
822 301 907 348 raas
932 301 956 346 1.

433 429 465 513 l)
490 427 543 491 hio
559 426 610 511 agi
628 425 668 489 de
691 422 848 509 complice
871 424 997 509 peccati
1020 423 1180 488 inhonesti
1200 428 1322 490 contra
1339 429 1475 490 sealam

297 521 447 636 llecalogi
472 554 688 636 praeceptum.
715 548 888 614 Cuiusnam
911 566 1010 612 sexus
1033 547 1134 613 luerit
1160 547 1311 631 complex
1341 566 1405 612 non
1429 549 1475 611 in·

296 680 414 751 terest;
438 682 473 739 et
494 675 541 739 illi
565 678 740 738 censentur
766 672 947 753 complices
978 672 1054 737 huic
1084 672 1149 756 legi
1180 670 1328 746 obnoxii,
1353 673 1474 756 quiex

296 799 479 865 deliberato
503 800 619 864 auimo
643 801 774 884 patrant
797 815 899 882 grave
922 801 1099 881 peccatum,
1128 803 1160 862 el
1187 797 1251 862 hoc
1277 802 1407 883 patrant
1433 797 1474 862 ob

296 945 375 1010 opus
390 931 571 990 ealeraam
587 925 772 1008 exprimens
796 924 957 1005 utrimque
979 923 1173 1006 gravitatem
1193 924 1329 1008 peccati.
1355 925 1473 1008 Agitur

296 1048 381 1111 enim
404 1047 444 1112 de
467 1065 572 1132 poena
594 1043 791 1110 incurrenda
806 1045 838 1108 in
853 1043 931 1126 foro
956 1049 1157 1115 calamaci
1179 1046 1212 1110 in
1236 1047 1362 1110 ratione
1382 1065 1473 1112 com-

290 1171 461 1255 plicitatis.
488 1169 547 1255 (af.
567 1169 719 1249 V01.111‚
747 1169 787 1233 Ι5
803 1187 888 1251 seq.;
913 1165 950 1231 D'
960 1168 1130 1249 Annibale,
1150 1169 1277 1235 Comm.
1300 1188 1332 1233 n.
1350 1169 1416 1253 84).

428 1295 462 1380 2)
485 1295 643 1362 Sacerdos
666 1314 755 1365 vero,
780 1295 849 1358 sive
880 1292 921 1358 ad
951 1292 1172 1358 confessiones
1199 1293 1393 1379 approbatus
1420 1295 1471 1368 sit,

294 1422 362 1486 sive
386 1422 500 1502 minus,
524 1418 692 1485 dummodo
715 1418 886 1484 absolvere
908 1423 1093 1503 praesumat
1116 1424 1172 1483 aut
1186 1420 1294 1505 fiapal
1308 1416 1363 1503 (ex
1379 1417 1471 1483 decr.

295 1546 325 1612 S.
356 1543 418 1612 Oll.
447 1547 468 1612 5
492 1546 567 1611 Dec.
596 1543 692 1629 1883)
716 1563 798 1616 eum,
825 1565 898 1609 cum
930 1563 993 1627 quo
1023 1544 1134 1608 taliter
1157 1545 1313 1629 peccavit,
1344 1546 1471 1608 tametsi

260 1760 266 1770 Ι
293 1679 369 1736 ante
400 1669 530 1737 ordines
561 1690 671 1736 sacros
702 1676 869 1756 susceptos
903 1671 1104 1755 peccaverit,
1136 1675 1267 1734 tenetur
1302 1671 1364 1735 bac
1395 1689 1470 1736 cen·

293 1816 379 1861 sura.
405 1831 423 1844 -
449 1794 583 1870 Quando
599 1801 705 1860 autem
729 1794 946 1859 confessarius
968 1791 1163 1859 absolvendo
1187 1793 1376 1878 complicem
1400 1813 1472 1879 gra·

293 1920 377 1983 viter
400 1923 531 2004 peccat,
556 1938 576 1982 a
599 1936 737 1982 censura
760 1935 832 1981 eum
862 1935 926 1979 non
950 1920 1083 1979 excusat
1113 1915 1298 2000 ignorantia
1320 1917 1347 1981 si
1371 1915 1472 1981 fuerit

293 2061 410 2108 crassa
434 2047 467 2106 et
488 2043 631 2126 sapiam
657 2040 688 2106 S.
714 2042 751 2106 U.
776 2041 800 2104 Ι.
826 2037 870 2105 13
893 2041 969 2104 laa.
994 2039 1086 2105 1892
1108 2039 1149 2103 ed
1173 2039 1244 2106 3⁰⁰¹.

425 2165 458 2250 3)
488 2167 597 2250 Neque
636 2164 813 2230 admittitur
847 2163 1006 2228 absolutio
1041 2164 1223 2245 indirecta,
1252 2165 1327 2248 quia
1357 2163 1466 2230 Cenon

291 2290 436 2356 absolute
459 2289 610 2376 prohibet
638 2288 883 2372 confessionem
913 2289 1071 2372 eacipere
1101 2289 1285 2372 complicis,
1317 2295 1468 2372 eccepto,

292 2414 394 2499 quoad
429 2415 601 2480 articulum
636 2415 766 2490 mortis,
801 2431 885 2478 casa
918 2413 1036 2497 prauis
1067 2414 1268 2479 eaomtarae
1301 2413 1471 2495 infamiae

291 2547 351 2608 aat
373 2541 537 2614 scandali,
563 2560 645 2625 quae
678 2539 924 2623 subsequentur,
948 2540 975 2604 si
1001 2537 1083 2605 alius
1106 2539 1285 2608 advocatur
1314 2542 1468 2609 sacerdos

192 2662 198 2673 '
291 2666 343 2730 vel
359 2687 424 2730 non
447 2664 643 2751 approbatus
660 2663 716 2750 (Ι).
741 2662 851 2738 Quare
869 2663 1022 2728 sacerdos
1040 2665 1218 2730 nonhabet
1241 2668 1467 2732 auctoritatem

291 2791 331 2856 ad
355 2791 543 2877 complicem
566 2789 811 2864 absolvendum
835 2808 1000 2872 quousque
1022 2788 1093 2863 hic,
1120 2793 1181 2856 rite
1205 2792 1372 2858 confessus
1395 2814 1469 2879 pec-

290 2920 394 2980 catum
419 2921 523 2999 turpe,
540 2913 773 2980 absolutionem
790 2935 810 2979 a
825 2934 891 2979 non
914 2915 1070 2998 complice
1093 2914 1240 2981 obtinuit.
1266 2917 1371 2983 Semel
1387 2936 1467 2983 vero

290 3040 435 3105 absoluto
457 3040 520 3104 hoc
543 3044 686 3125 peccato,
710 3046 821 3123 postea
845 3046 951 3105 cessat
980 3040 1167 3125 prohibitio;
1192 3062 1234 3107 ex
1258 3044 1469 3129 responsione

291 3163 321 3228 S.
347 3162 411 3229 Oli.
435 3161 497 3227 diei
521 3162 572 3227 29
595 3162 683 3226 Maii
705 3161 796 3227 1876
819 3161 875 3249 (2).

378 3460 419 3533 (l)
438 3462 491 3517 Sed
512 3462 541 3515 in
561 3462 681 3515 articulo
704 3463 803 3517 mortis
821 3468 888 3532 qam
912 3465 1002 3517 omnis
1027 3475 1115 3517 cessat
1139 3466 1308 3530 reservatio,
1330 3482 1365 3521 ex
1384 3464 1467 3520 Oonc.

289 3569 363 3622 Trid.
377 3586 437 3639 cap.
451 3567 510 3632 Vll,
530 3568 569 3621 [le
588 3568 691 3637 poenit.
708 3568 732 3621 si
750 3568 881 3623 absolvat
899 3569 1027 3637 complex
1046 3570 1182 3635 sacerdos,
1201 3587 1256 3624 non
1275 3570 1402 3626 adhibito
1421 3572 1465 3627 vel
1556 3639 1560 3645 Ι

288 3675 428 3746 exquisito
447 3674 504 3729 alio
522 3674 674 3741 sacerdote,
687 3676 786 3730 illicite
805 3677 853 3730 sed
871 3676 967 3731 aalide
986 3674 1108 3730 absolvit
1126 3679 1156 3730 ct
1173 3676 1294 3730 incurrit
1311 3694 1466 3732 consuram.

287 3782 345 3835 imo
365 3782 394 3834 D·
406 3780 547 3836 Annibale
565 3780 584 3833 Ι.
604 3797 626 3835 o.
645 3783 786 3851 opinatur,
805 3785 902 3839 aalide
923 3801 941 3837 s
965 3783 1101 3853 complice
1121 3783 1227 3837 absolvi
1248 3783 1422 3854 complicem,
1440 3785 1466 3839 si

289 3888 361 3942 adsit
379 3889 580 3958 urgentissima
602 3904 698 3955 censa,
717 3893 829 3957 praeter
850 3890 1000 3944 articulum
1020 3891 1132 3957 mortis,
1150 3890 1261 3945 scilicet
1280 3908 1316 3945 ae
1335 3893 1465 3961 compleas

285 4006 394 4066 pereae,
416 3994 462 4049 vel
482 3996 609 4066 periculi
631 3997 795 4065 pravissimi
813 4014 843 4051 se
862 4007 983 4067 exponat
1008 3999 1100 4064 casam
1124 3997 1383 4067 escaminges
1407 4014 1464 4053 non

287 4103 416 4173 obligant
437 4120 500 4157 cum
519 4103 653 4158 eiusmodi
673 4103 857 4158 incommodo.

376 4204 417 4279 (2)
437 4208 565 4261 Summus
591 4210 721 4264 Pontifex
747 4227 796 4279 per
820 4209 963 4264 decretum
988 4211 1015 4263 S.
1036 4210 1071 4265 U.
1090 4210 1149 4281 inq.
1168 4212 1215 4266 die
1235 4210 1271 4263 19
1290 4209 1359 4265 Iulii
1381 4212 1463 4265 1866

287 4316 389 4371 edixit:
408 4316 473 4371 ((Ιη
491 4318 675 4387 facultatibus
699 4318 798 4387 quibus
817 4316 956 4387 Episcopi,
980 4318 1086 4387 aliique
1113 4319 1241 4371 locorum
1263 4316 1409 4371 ordinarii
1428 4334 1464 4371 ea

288 4426 463 4480 emessam
481 4425 642 4494 macoma
663 4425 774 4494 porram
798 4426 962 4479 cesaream
986 4426 1020 4478 a
1041 4405 1168 4479 ababuc
1190 4427 1299 4479 caseus
1321 4427 1373 4495 Ap.
1395 4426 1460 4479 sees
