3350 5100
318 276 381 343 106
834 294 920 342 Pecs
943 295 966 341 1.

314 419 431 504 pientis
453 419 554 484 veluti
577 418 741 484 constituti
764 419 798 482 in
822 418 917 504 gnavi
947 417 1141 482 necessitate
1166 421 1199 480 et
1219 421 1298 482 tunc
1324 433 1384 500 pno
1408 414 1492 500 grati

314 543 411 607 animi
434 541 668 628 significatione
690 541 867 606 attenditur
889 540 1029 609 debitum
1052 541 1225 606 amicitiae.
1247 540 1374 604 Etenim
1398 557 1492 602 nemo

313 667 408 739 dicet,
428 667 581 752 pretium
604 669 652 732 rei
675 669 838 733 aestimari
863 687 956 752 posse
979 686 999 730 a
1022 666 1200 750 quantitate
1231 663 1381 749 beneficii
1408 663 1491 746 quod

313 795 472 879 persentit
501 811 641 878 persona
669 794 840 879 emptoris;
864 813 958 860 secus
983 813 1026 858 ex
1051 813 1135 878 pane
1159 791 1213 858 vel
1243 791 1388 854 farmaco
1412 807 1490 853 ven-

313 917 379 983 dito
401 917 433 981 ei
456 917 510 1000 qni
533 919 567 982 in
589 923 739 982 extremo
760 921 912 987 versatur
935 915 1121 981 discrimine
1143 917 1241 987 vitae,
1270 915 1355 999 exigi
1384 919 1492 997 posset

313 1042 533 1128 ingentissima
563 1044 720 1128 pecuniae
751 1062 891 1116 summa;
916 1041 999 1126 quod
1029 1041 1258 1108 alienissimum
1289 1043 1339 1104 est
1365 1058 1385 1102 a
1412 1057 1490 1123 que·

313 1186 448 1250 cumque
471 1168 543 1232 iure
566 1167 674 1232 divino
696 1173 730 1233 et
751 1165 905 1232 humano.
941 1233 944 1238 ,

401 1291 455 1355 77.
479 1293 518 1357 In
540 1293 707 1358 usurarios
736 1311 852 1376 nempe
884 1291 1069 1356 manifestes
1100 1297 1133 1356 et
1156 1291 1299 1355 notories
1329 1293 1386 1354 aut
1416 1307 1490 1354 sen-

312 1417 413 1481 tentia
435 1416 673 1487 condemnatos.
697 1437 767 1501 arg.
785 1435 860 1498 cap.
877 1417 923 1490 11,
940 1417 990 1482 De
1009 1435 1116 1482 acces.
1138 1416 1286 1498 praelat.
1310 1415 1341 1480 X
1358 1414 1412 1503 (V,
1431 1414 1489 1498 31)

312 1539 445 1606 decreta
460 1545 509 1605 est
531 1538 680 1622 infamia
694 1540 790 1606 iuris.
808 1543 851 1606 At
866 1541 949 1606 haec
972 1541 1120 1623 infamia
1140 1541 1227 1608 ium's
1251 1559 1315 1603 non
1338 1548 1388 1636 est
1411 1541 1491 1606 setis

312 1685 468 1751 expressa
480 1667 512 1729 in
525 1670 625 1732 textu.
638 1684 738 1749 qnare
750 1665 968 1731 reducitun'ad
982 1665 1165 1748 infamiam
1176 1665 1270 1748 facti.
1280 1664 1330 1732 cf.
1340 1665 1415 1728 Vol.
1426 1665 1488 1747 111,

312 1787 590 1854 aminoclen
614 1788 746 1854 tenebat
768 1791 1058 1855 excommunicatio
1080 1791 1099 1855 l.
1117 1809 1142 1856 s.
1159 1789 1214 1855 sed
1237 1789 1320 1854 haec
1343 1789 1491 1855 exolevit

311 1913 386 1997 quia
400 1914 433 1976 in
450 1913 556 1978 Genst·
574 1913 638 1997 Ap.
657 1913 754 1980 Sedis
770 1919 927 1978 renovata
947 1913 1098 1980 nonfuit.
1118 1949 1134 1961 -
1153 1915 1272 1980 Clerici
1287 1914 1430 1979 usurarii
1448 1913 1489 1978 ob

311 2037 474 2102 infamiam
498 2038 650 2103 dicuntur
671 2036 743 2103 lieri
774 2039 988 2124 irregulares.
1013 2041 1058 2104 ite
1081 2040 1197 2124 passim
1221 2038 1304 2123 apud
1330 2040 1405 2114 DD.‚
1430 2039 1488 2106 sed

311 2163 386 2246 quia
408 2165 511 2247 magis
531 2163 616 2245 sacti
638 2183 733 2247 quam
757 2158 845 2229 imis
874 2165 956 2228 haec
986 2164 1117 2228 infamia
1140 2164 1288 2229 habenda
1316 2171 1379 2246 est,
1403 2166 1488 2230 irre-

310 2287 466 2372 gularitas
489 2291 538 2352 est
559 2286 763 2371 impropria,
787 2289 879 2354 iuxta
901 2290 1092 2354 sententiam
1112 2288 1184 2353 Inn.
1203 2289 1253 2354 III
1277 2291 1314 2354 in
1334 2287 1484 2376 cit'cap.

313 2433 332 2474 c
347 2431 424 2478 cnm
435 2411 731 2495 perennitatibus
746 2417 777 2478 et
791 2413 944 2500 indicetis
954 2418 1078 2497 portae
1093 2414 1269 2500 dipaitatis
1279 2419 1402 2498 patere
1415 2435 1488 2482 noa

309 2532 452 2600 debeant
468 2556 496 2597 ›.

399 2656 579 2723 Praeterea
600 2657 696 2743 plecti
719 2658 830 2723 valent
853 2661 993 2724 usurarii
1017 2662 1128 2745 poenis
1151 2659 1355 2727 arbitrariis.
