<?xml version="1.0" encoding="UTF-8"?>
<!DOCTYPE html PUBLIC "-//W3C//DTD XHTML 1.0 Transitional//EN"
    "http://www.w3.org/TR/xhtml1/DTD/xhtml1-transitional.dtd">
<html xmlns="http://www.w3.org/1999/xhtml" xml:lang="en" lang="en">
 <head>
  <title>
</title>
<meta http-equiv="Content-Type" content="text/html;charset=utf-8" />
  <meta name='ocr-system' content='tesseract 3.04.00' />
  <meta name='ocr-capabilities' content='ocr_page ocr_carea ocr_par ocr_line ocrx_word'/>
</head>
<body>
  <div class='ocr_page' id='page_1' title='image "./praelectionesin00legagoog_0523.png"; bbox 0 0 3350 5100; ppageno 0'>
   <div class='ocr_carea' id='block_1_1' title="bbox 434 331 1358 408">
    <p class='ocr_par' dir='ltr' id='par_1_1' title="bbox 434 331 1358 408">
     <span class='ocr_line' id='line_1_1' title="bbox 434 331 1358 408; baseline -0.003 -7"><span class='ocrx_word' id='word_1_1' title='bbox 434 355 479 401; x_wconf 77' lang='lat' dir='ltr'>DE</span> <span class='ocrx_word' id='word_1_2' title='bbox 502 354 642 401; x_wconf 75' lang='lat' dir='ltr'>runicus</span> <span class='ocrx_word' id='word_1_3' title='bbox 665 351 908 399; x_wconf 77' lang='lat' dir='ltr'>ORIMINALIBUS</span> <span class='ocrx_word' id='word_1_4' title='bbox 934 351 968 397; x_wconf 86' lang='lat' dir='ltr'>IN</span> <span class='ocrx_word' id='word_1_5' title='bbox 992 351 1109 408; x_wconf 69' lang='lat' dir='ltr'>sercin</span> <span class='ocrx_word' id='word_1_6' title='bbox 1295 331 1358 398; x_wconf 74' lang='lat'>521</span> 
     </span>
    </p>
   </div>
   <div class='ocr_carea' id='block_1_2' title="bbox 98 473 1365 824">
    <p class='ocr_par' dir='ltr' id='par_1_2' title="bbox 98 473 1365 824">
     <span class='ocr_line' id='line_1_2' title="bbox 185 473 1362 562; baseline -0.003 -20"><span class='ocrx_word' id='word_1_7' title='bbox 185 477 268 542; x_wconf 72' lang='lat' dir='ltr'>liius·</span> <span class='ocrx_word' id='word_1_8' title='bbox 279 477 441 562; x_wconf 84' lang='lat' dir='ltr'>regularis</span> <span class='ocrx_word' id='word_1_9' title='bbox 453 477 571 542; x_wconf 87' lang='lat' dir='ltr'>obelus</span> <span class='ocrx_word' id='word_1_10' title='bbox 583 476 755 541; x_wconf 83' lang='lat' dir='ltr'>adversam</span> <span class='ocrx_word' id='word_1_11' title='bbox 767 473 999 549; x_wconf 66' lang='lat' dir='ltr'>valetudinem</span> <span class='ocrx_word' id='word_1_12' title='bbox 1013 475 1075 538; x_wconf 85' lang='lat' dir='ltr'>hoe</span> <span class='ocrx_word' id='word_1_13' title='bbox 1088 475 1189 540; x_wconf 86' lang='lat' dir='ltr'>vetuit</span> <span class='ocrx_word' id='word_1_14' title='bbox 1202 474 1233 540; x_wconf 89' lang='lat' dir='ltr'>S.</span> <span class='ocrx_word' id='word_1_15' title='bbox 1244 475 1362 560; x_wconf 84' lang='lat' dir='ltr'>Oongr.</span> 
     </span>
     <span class='ocr_line' id='line_1_3' title="bbox 185 597 1365 696; baseline -0.002 -30"><span class='ocrx_word' id='word_1_16' title='bbox 185 620 283 685; x_wconf 88' lang='lat' dir='ltr'>super</span> <span class='ocrx_word' id='word_1_17' title='bbox 297 605 385 665; x_wconf 87' lang='lat' dir='ltr'>statu</span> <span class='ocrx_word' id='word_1_18' title='bbox 400 621 472 686; x_wconf 80' lang='lat' dir='ltr'>reg.</span> <span class='ocrx_word' id='word_1_19' title='bbox 488 602 622 667; x_wconf 84' lang='lat' dir='ltr'>decreto</span> <span class='ocrx_word' id='word_1_20' title='bbox 639 601 685 666; x_wconf 79' lang='lat'>12</span> <span class='ocrx_word' id='word_1_21' title='bbox 698 602 775 665; x_wconf 81' lang='lat' dir='ltr'>lun.</span> <span class='ocrx_word' id='word_1_22' title='bbox 792 599 894 681; x_wconf 83' lang='lat'><strong><em>1858,</em></strong></span> <span class='ocrx_word' id='word_1_23' title='bbox 909 619 942 663; x_wconf 85' lang='lat' dir='ltr'>n.</span> <span class='ocrx_word' id='word_1_24' title='bbox 959 599 993 670; x_wconf 84' lang='lat'>5,</span> <span class='ocrx_word' id='word_1_25' title='bbox 1011 597 1098 684; x_wconf 81' lang='lat' dir='ltr'>(ibi):</span> <span class='ocrx_word' id='word_1_26' title='bbox 1117 618 1134 661; x_wconf 78' lang='lat'><strong>&lt;</strong></span> <span class='ocrx_word' id='word_1_27' title='bbox 1152 598 1243 664; x_wconf 83' lang='lat' dir='ltr'>Licet</span> <span class='ocrx_word' id='word_1_28' title='bbox 1257 598 1298 664; x_wconf 88' lang='lat' dir='ltr'>ed</span> <span class='ocrx_word' id='word_1_29' title='bbox 1314 598 1365 696; x_wconf 80' lang='lat' dir='ltr'>de·</span> 
     </span>
     <span class='ocr_line' id='line_1_4' title="bbox 98 723 1365 824; baseline -0.001 -35"><span class='ocrx_word' id='word_1_30' title='bbox 98 819 101 824; x_wconf 21' lang='grc' dir='ltr'>Ι</span> <span class='ocrx_word' id='word_1_31' title='bbox 186 725 383 790; x_wconf 81' lang='lat' dir='ltr'>cernendam</span> <span class='ocrx_word' id='word_1_32' title='bbox 407 726 638 793; x_wconf 74' lang='lat' dir='ltr'><strong><em>dimissionem</em></strong></span> <span class='ocrx_word' id='word_1_33' title='bbox 661 745 768 809; x_wconf 90' lang='lat' dir='ltr'>neque</span> <span class='ocrx_word' id='word_1_34' title='bbox 791 723 974 809; x_wconf 85' lang='lat' dir='ltr'>processus,</span> <span class='ocrx_word' id='word_1_35' title='bbox 1000 743 1105 807; x_wconf 89' lang='lat' dir='ltr'>neque</span> <span class='ocrx_word' id='word_1_36' title='bbox 1128 724 1235 790; x_wconf 90' lang='lat' dir='ltr'>iudicii</span> <span class='ocrx_word' id='word_1_37' title='bbox 1259 724 1365 789; x_wconf 84' lang='lat' dir='ltr'>forma</span> 
     </span>
    </p>
   </div>
   <div class='ocr_carea' id='block_1_3' title="bbox 185 849 1371 4537">
    <p class='ocr_par' dir='ltr' id='par_1_3' title="bbox 185 849 1366 1552">
     <span class='ocr_line' id='line_1_5' title="bbox 187 849 1363 935; baseline -0.001 -20"><span class='ocrx_word' id='word_1_38' title='bbox 187 853 374 934; x_wconf 81' lang='lat' dir='ltr'>requiratur</span> <span class='ocrx_word' id='word_1_39' title='bbox 388 849 444 916; x_wconf 92' lang='lat' dir='ltr'>sed</span> <span class='ocrx_word' id='word_1_40' title='bbox 460 850 500 916; x_wconf 85' lang='lat' dir='ltr'>ad</span> <span class='ocrx_word' id='word_1_41' title='bbox 521 870 591 916; x_wconf 91' lang='lat' dir='ltr'>eam</span> <span class='ocrx_word' id='word_1_42' title='bbox 608 850 739 935; x_wconf 77' lang='lat' dir='ltr'>procedi</span> <span class='ocrx_word' id='word_1_43' title='bbox 755 852 855 935; x_wconf 85' lang='lat' dir='ltr'>possit</span> <span class='ocrx_word' id='word_1_44' title='bbox 870 849 939 914; x_wconf 88' lang='lat' dir='ltr'>sola</span> <span class='ocrx_word' id='word_1_45' title='bbox 958 849 1036 914; x_wconf 87' lang='lat' dir='ltr'>facti</span> <span class='ocrx_word' id='word_1_46' title='bbox 1053 850 1191 914; x_wconf 84' lang='lat' dir='ltr'>veritate</span> <span class='ocrx_word' id='word_1_47' title='bbox 1211 851 1363 933; x_wconf 60' lang='lat' dir='ltr'>Insperata,</span> 
     </span>
     <span class='ocr_line' id='line_1_6' title="bbox 187 943 1366 1060; baseline -0.002 -20"><span class='ocrx_word' id='word_1_48' title='bbox 187 982 294 1040; x_wconf 86' lang='lat' dir='ltr'>tamen</span> <span class='ocrx_word' id='word_1_49' title='bbox 317 943 503 1060; x_wconf 90' lang='lat' dir='ltr'>superiores</span> <span class='ocrx_word' id='word_1_50' title='bbox 526 975 705 1059; x_wconf 86' lang='lat' dir='ltr'>procedere</span> <span class='ocrx_word' id='word_1_51' title='bbox 720 974 838 1039; x_wconf 89' lang='lat' dir='ltr'>debent</span> <span class='ocrx_word' id='word_1_52' title='bbox 860 993 984 1039; x_wconf 88' lang='lat' dir='ltr'>summa</span> <span class='ocrx_word' id='word_1_53' title='bbox 1007 973 1177 1042; x_wconf 85' lang='lat' dir='ltr'>charitate.</span> <span class='ocrx_word' id='word_1_54' title='bbox 1194 973 1366 1058; x_wconf 87' lang='lat' dir='ltr'>prudentia</span> 
     </span>
     <span class='ocr_line' id='line_1_7' title="bbox 186 1093 1364 1180; baseline 0 -19"><span class='ocrx_word' id='word_1_55' title='bbox 186 1103 284 1163; x_wconf 83' lang='lat' dir='ltr'>etex</span> <span class='ocrx_word' id='word_1_56' title='bbox 308 1100 400 1165; x_wconf 87' lang='lat' dir='ltr'>iustis</span> <span class='ocrx_word' id='word_1_57' title='bbox 423 1104 455 1162; x_wconf 90' lang='lat' dir='ltr'>et</span> <span class='ocrx_word' id='word_1_58' title='bbox 478 1097 724 1164; x_wconf 80' lang='lat' dir='ltr'>rationabilibus</span> <span class='ocrx_word' id='word_1_59' title='bbox 750 1097 873 1170; x_wconf 86' lang='lat' dir='ltr'>causis,</span> <span class='ocrx_word' id='word_1_60' title='bbox 898 1115 1098 1180; x_wconf 86' lang='lat' dir='ltr'>quacumque</span> <span class='ocrx_word' id='word_1_61' title='bbox 1122 1097 1263 1161; x_wconf 88' lang='lat' dir='ltr'>humane</span> <span class='ocrx_word' id='word_1_62' title='bbox 1286 1093 1364 1162; x_wconf 81' lang='lat' dir='ltr'>elie-</span> 
     </span>
     <span class='ocr_line' id='line_1_8' title="bbox 186 1221 1364 1305; baseline -0.002 -19"><span class='ocrx_word' id='word_1_63' title='bbox 186 1223 293 1286; x_wconf 81' lang='lat' dir='ltr'>ctione</span> <span class='ocrx_word' id='word_1_64' title='bbox 317 1226 452 1292; x_wconf 84' lang='lat' dir='ltr'>remota,</span> <span class='ocrx_word' id='word_1_65' title='bbox 467 1240 561 1286; x_wconf 86' lang='lat' dir='ltr'>secus</span> <span class='ocrx_word' id='word_1_66' title='bbox 585 1241 697 1284; x_wconf 90' lang='lat' dir='ltr'>eorum</span> <span class='ocrx_word' id='word_1_67' title='bbox 714 1222 914 1286; x_wconf 85' lang='lat' dir='ltr'>conscientia</span> <span class='ocrx_word' id='word_1_68' title='bbox 937 1221 1084 1305; x_wconf 87' lang='lat' dir='ltr'>graviter</span> <span class='ocrx_word' id='word_1_69' title='bbox 1107 1225 1241 1285; x_wconf 88' lang='lat' dir='ltr'>onerata</span> <span class='ocrx_word' id='word_1_70' title='bbox 1264 1239 1364 1284; x_wconf 86' lang='lat' dir='ltr'>rema-</span> 
     </span>
     <span class='ocr_line' id='line_1_9' title="bbox 185 1340 1365 1425; baseline 0 -18"><span class='ocrx_word' id='word_1_71' title='bbox 185 1351 272 1409; x_wconf 89' lang='lat' dir='ltr'>neat.</span> <span class='ocrx_word' id='word_1_72' title='bbox 298 1345 397 1408; x_wconf 85' lang='lat' dir='ltr'>Nemo</span> <span class='ocrx_word' id='word_1_73' title='bbox 413 1352 522 1409; x_wconf 84' lang='lat' dir='ltr'>autern</span> <span class='ocrx_word' id='word_1_74' title='bbox 537 1363 580 1408; x_wconf 85' lang='lat' dir='ltr'>ex</span> <span class='ocrx_word' id='word_1_75' title='bbox 595 1361 694 1408; x_wconf 85' lang='lat' dir='ltr'>causa</span> <span class='ocrx_word' id='word_1_76' title='bbox 713 1340 919 1422; x_wconf 84' lang='lat' dir='ltr'>infirmitatis,</span> <span class='ocrx_word' id='word_1_77' title='bbox 936 1347 1014 1425; x_wconf 85' lang='lat' dir='ltr'>post</span> <span class='ocrx_word' id='word_1_78' title='bbox 1033 1341 1264 1425; x_wconf 73' lang='lat' dir='ltr'>professiones</span> <span class='ocrx_word' id='word_1_79' title='bbox 1278 1349 1365 1408; x_wconf 81' lang='lat' dir='ltr'>volo</span> 
     </span>
     <span class='ocr_line' id='line_1_10' title="bbox 185 1469 1118 1552; baseline -0.001 -19"><span class='ocrx_word' id='word_1_80' title='bbox 185 1490 265 1533; x_wconf 81' lang='lat' dir='ltr'>rum</span> <span class='ocrx_word' id='word_1_81' title='bbox 288 1469 493 1535; x_wconf 76' lang='lat' dir='ltr'>solemnium</span> <span class='ocrx_word' id='word_1_82' title='bbox 514 1469 779 1551; x_wconf 70' lang='lat' dir='ltr'>asperneniente</span> <span class='ocrx_word' id='word_1_83' title='bbox 803 1469 927 1534; x_wconf 83' lang='lat' dir='ltr'>dimitti</span> <span class='ocrx_word' id='word_1_84' title='bbox 945 1470 1072 1552; x_wconf 81' lang='lat' dir='ltr'>polerit</span> <span class='ocrx_word' id='word_1_85' title='bbox 1087 1491 1118 1532; x_wconf 86' lang='lat'>».</span> 
     </span>
    </p>

    <p class='ocr_par' dir='ltr' id='par_1_4' title="bbox 185 1592 1369 3547">
     <span class='ocr_line' id='line_1_11' title="bbox 275 1592 1366 1660; baseline 0 -1"><span class='ocrx_word' id='word_1_86' title='bbox 275 1594 350 1659; x_wconf 79' lang='lat'><strong>508.</strong></span> <span class='ocrx_word' id='word_1_87' title='bbox 375 1593 422 1658; x_wconf 85' lang='lat' dir='ltr'>De</span> <span class='ocrx_word' id='word_1_88' title='bbox 444 1592 551 1657; x_wconf 81' lang='lat' dir='ltr'>forma</span> <span class='ocrx_word' id='word_1_89' title='bbox 572 1592 727 1659; x_wconf 85' lang='lat' dir='ltr'>iudiciali</span> <span class='ocrx_word' id='word_1_90' title='bbox 750 1592 914 1658; x_wconf 86' lang='lat' dir='ltr'>servanda</span> <span class='ocrx_word' id='word_1_91' title='bbox 928 1595 960 1656; x_wconf 92' lang='lat' dir='ltr'>in</span> <span class='ocrx_word' id='word_1_92' title='bbox 978 1595 1137 1658; x_wconf 87' lang='lat' dir='ltr'>eiectlone</span> <span class='ocrx_word' id='word_1_93' title='bbox 1160 1593 1366 1660; x_wconf 84' lang='lat' dir='ltr'>decernenda</span> 
     </span>
     <span class='ocr_line' id='line_1_12' title="bbox 187 1716 1367 1802; baseline 0.004 -19"><span class='ocrx_word' id='word_1_94' title='bbox 187 1719 251 1783; x_wconf 89' lang='lat' dir='ltr'>hoc</span> <span class='ocrx_word' id='word_1_95' title='bbox 273 1720 360 1784; x_wconf 84' lang='lat' dir='ltr'>cavil</span> <span class='ocrx_word' id='word_1_96' title='bbox 383 1718 449 1782; x_wconf 89' lang='lat' dir='ltr'>Leo</span> <span class='ocrx_word' id='word_1_97' title='bbox 473 1716 558 1783; x_wconf 88' lang='lat' dir='ltr'>XIII</span> <span class='ocrx_word' id='word_1_98' title='bbox 582 1718 616 1780; x_wconf 84' lang='lat' dir='ltr'>ln</span> <span class='ocrx_word' id='word_1_99' title='bbox 639 1717 829 1802; x_wconf 89' lang='lat' dir='ltr'>nuperrimo</span> <span class='ocrx_word' id='word_1_100' title='bbox 853 1717 991 1782; x_wconf 86' lang='lat' dir='ltr'>Decrelo</span> <span class='ocrx_word' id='word_1_101' title='bbox 1016 1718 1143 1798; x_wconf 83' lang='lat' dir='ltr'>Auctis,</span> <span class='ocrx_word' id='word_1_102' title='bbox 1168 1717 1230 1782; x_wconf 91' lang='lat' dir='ltr'>diei</span> <span class='ocrx_word' id='word_1_103' title='bbox 1254 1719 1277 1783; x_wconf 74' lang='lat'><em>4</em></span> <span class='ocrx_word' id='word_1_104' title='bbox 1300 1717 1367 1788; x_wconf 84' lang='lat' dir='ltr'>No·</span> 
     </span>
     <span class='ocr_line' id='line_1_13' title="bbox 185 1842 1364 1928; baseline -0.001 -20"><span class='ocrx_word' id='word_1_105' title='bbox 185 1843 294 1909; x_wconf 85' lang='lat' dir='ltr'>cemb.</span> <span class='ocrx_word' id='word_1_106' title='bbox 309 1842 421 1925; x_wconf 81' lang='lat'><em>1892;</em></span> <span class='ocrx_word' id='word_1_107' title='bbox 435 1844 458 1924; x_wconf 63' lang='grc' dir='ltr'><strong>ἓ</strong></span> <span class='ocrx_word' id='word_1_108' title='bbox 473 1842 512 1907; x_wconf 88' lang='lat'>6:</span> <span class='ocrx_word' id='word_1_109' title='bbox 532 1863 550 1904; x_wconf 65' lang='grc' dir='ltr'><em>α</em></span> <span class='ocrx_word' id='word_1_110' title='bbox 567 1843 797 1927; x_wconf 86' lang='lat' dir='ltr'>Dispositiones</span> <span class='ocrx_word' id='word_1_111' title='bbox 813 1847 985 1907; x_wconf 83' lang='lat' dir='ltr'>contentae</span> <span class='ocrx_word' id='word_1_112' title='bbox 1001 1845 1034 1906; x_wconf 91' lang='lat' dir='ltr'>in</span> <span class='ocrx_word' id='word_1_113' title='bbox 1051 1842 1182 1909; x_wconf 89' lang='lat' dir='ltr'>decreto</span> <span class='ocrx_word' id='word_1_114' title='bbox 1198 1843 1229 1910; x_wconf 89' lang='lat' dir='ltr'>S.</span> <span class='ocrx_word' id='word_1_115' title='bbox 1247 1844 1364 1928; x_wconf 86' lang='lat' dir='ltr'>Gongr.</span> 
     </span>
     <span class='ocr_line' id='line_1_14' title="bbox 188 1966 1365 2054; baseline 0 -20"><span class='ocrx_word' id='word_1_116' title='bbox 188 1968 333 2049; x_wconf 77' lang='lat' dir='ltr'>Consilii,</span> <span class='ocrx_word' id='word_1_117' title='bbox 345 1969 433 2032; x_wconf 86' lang='lat' dir='ltr'>iussn</span> <span class='ocrx_word' id='word_1_118' title='bbox 445 1987 491 2032; x_wconf 79' lang='lat' dir='ltr'>sa</span> <span class='ocrx_word' id='word_1_119' title='bbox 503 1987 566 2033; x_wconf 90' lang='lat' dir='ltr'>me.</span> <span class='ocrx_word' id='word_1_120' title='bbox 580 1966 703 2033; x_wconf 88' lang='lat' dir='ltr'>Urbani</span> <span class='ocrx_word' id='word_1_121' title='bbox 718 1966 802 2033; x_wconf 88' lang='lat' dir='ltr'>VIII</span> <span class='ocrx_word' id='word_1_122' title='bbox 815 1966 900 2033; x_wconf 82' lang='lat' dir='ltr'>edito</span> <span class='ocrx_word' id='word_1_123' title='bbox 915 1966 967 2032; x_wconf 89' lang='lat' dir='ltr'>die</span> <span class='ocrx_word' id='word_1_124' title='bbox 979 1967 1019 2034; x_wconf 82' lang='lat'>21</span> <span class='ocrx_word' id='word_1_125' title='bbox 1035 1968 1155 2033; x_wconf 85' lang='lat' dir='ltr'>mensis</span> <span class='ocrx_word' id='word_1_126' title='bbox 1167 1968 1252 2054; x_wconf 91' lang='lat' dir='ltr'>Sept.</span> <span class='ocrx_word' id='word_1_127' title='bbox 1270 1967 1365 2042; x_wconf 80' lang='lat'>1624,</span> 
     </span>
     <span class='ocr_line' id='line_1_15' title="bbox 187 2091 1367 2178; baseline 0.003 -23"><span class='ocrx_word' id='word_1_128' title='bbox 187 2094 361 2177; x_wconf 88' lang='lat' dir='ltr'>incipiente</span> <span class='ocrx_word' id='word_1_129' title='bbox 378 2092 489 2158; x_wconf 63' lang='lat' dir='ltr'>Sama</span> <span class='ocrx_word' id='word_1_130' title='bbox 507 2093 734 2178; x_wconf 71' lang='lat' dir='ltr'>Conpreyeiio</span> <span class='ocrx_word' id='word_1_131' title='bbox 750 2112 790 2157; x_wconf 84' lang='lat' dir='ltr'>ae</span> <span class='ocrx_word' id='word_1_132' title='bbox 806 2093 839 2157; x_wconf 93' lang='lat' dir='ltr'>in</span> <span class='ocrx_word' id='word_1_133' title='bbox 855 2091 987 2157; x_wconf 88' lang='lat' dir='ltr'>decreto</span> <span class='ocrx_word' id='word_1_134' title='bbox 1007 2092 1150 2158; x_wconf 87' lang='lat' dir='ltr'>eiusdem</span> <span class='ocrx_word' id='word_1_135' title='bbox 1168 2094 1200 2160; x_wconf 90' lang='lat' dir='ltr'>S.</span> <span class='ocrx_word' id='word_1_136' title='bbox 1217 2093 1263 2168; x_wconf 81' lang='grc'>0.,</span> <span class='ocrx_word' id='word_1_137' title='bbox 1279 2097 1367 2160; x_wconf 87' lang='lat' dir='ltr'>iussu</span> 
     </span>
     <span class='ocr_line' id='line_1_16' title="bbox 188 2215 1367 2303; baseline 0.003 -23"><span class='ocrx_word' id='word_1_138' title='bbox 188 2235 232 2280; x_wconf 90' lang='lat' dir='ltr'>sa.</span> <span class='ocrx_word' id='word_1_139' title='bbox 250 2236 311 2282; x_wconf 90' lang='lat' dir='ltr'>me.</span> <span class='ocrx_word' id='word_1_140' title='bbox 329 2218 510 2281; x_wconf 87' lang='lat' dir='ltr'>Innocentii</span> <span class='ocrx_word' id='word_1_141' title='bbox 527 2217 593 2281; x_wconf 94' lang='lat' dir='ltr'>Xll</span> <span class='ocrx_word' id='word_1_142' title='bbox 618 2215 704 2283; x_wconf 90' lang='lat' dir='ltr'>edito</span> <span class='ocrx_word' id='word_1_143' title='bbox 724 2216 776 2281; x_wconf 87' lang='lat' dir='ltr'>die</span> <span class='ocrx_word' id='word_1_144' title='bbox 792 2216 835 2281; x_wconf 83' lang='lat'>24</span> <span class='ocrx_word' id='word_1_145' title='bbox 853 2217 972 2281; x_wconf 86' lang='lat' dir='ltr'>mensis</span> <span class='ocrx_word' id='word_1_146' title='bbox 989 2217 1062 2282; x_wconf 90' lang='lat' dir='ltr'>Iulii</span> <span class='ocrx_word' id='word_1_147' title='bbox 1081 2217 1367 2303; x_wconf 62' lang='lat' dir='ltr'>mantuanense</span> 
     </span>
     <span class='ocr_line' id='line_1_17' title="bbox 188 2339 1367 2425; baseline 0.003 -20"><span class='ocrx_word' id='word_1_148' title='bbox 188 2339 405 2411; x_wconf 67' lang='lat' dir='ltr'>instantibus,</span> <span class='ocrx_word' id='word_1_149' title='bbox 430 2361 470 2405; x_wconf 90' lang='lat' dir='ltr'>ac</span> <span class='ocrx_word' id='word_1_150' title='bbox 493 2343 526 2406; x_wconf 93' lang='lat' dir='ltr'>in</span> <span class='ocrx_word' id='word_1_151' title='bbox 549 2341 621 2405; x_wconf 85' lang='lat' dir='ltr'>aliis</span> <span class='ocrx_word' id='word_1_152' title='bbox 651 2341 793 2404; x_wconf 89' lang='lat' dir='ltr'>decretis</span> <span class='ocrx_word' id='word_1_153' title='bbox 821 2341 1029 2425; x_wconf 85' lang='lat' dir='ltr'>generalibus</span> <span class='ocrx_word' id='word_1_154' title='bbox 1046 2341 1166 2424; x_wconf 80' lang='lat' dir='ltr'>quibus</span> <span class='ocrx_word' id='word_1_155' title='bbox 1197 2343 1367 2408; x_wconf 87' lang='lat' dir='ltr'>methodus</span> 
     </span>
     <span class='ocr_line' id='line_1_18' title="bbox 188 2464 1367 2551; baseline 0.002 -23"><span class='ocrx_word' id='word_1_156' title='bbox 188 2464 356 2531; x_wconf 87' lang='lat' dir='ltr'>ordinatur</span> <span class='ocrx_word' id='word_1_157' title='bbox 385 2485 406 2528; x_wconf 91' lang='lat' dir='ltr'>a</span> <span class='ocrx_word' id='word_1_158' title='bbox 436 2464 663 2551; x_wconf 87' lang='lat' dir='ltr'>Superioribus</span> <span class='ocrx_word' id='word_1_159' title='bbox 699 2464 857 2531; x_wconf 90' lang='lat' dir='ltr'>Ordlnum</span> <span class='ocrx_word' id='word_1_160' title='bbox 894 2467 1102 2551; x_wconf 83' lang='lat' dir='ltr'>Regularium</span> <span class='ocrx_word' id='word_1_161' title='bbox 1139 2465 1299 2531; x_wconf 85' lang='lat' dir='ltr'>servanda</span> <span class='ocrx_word' id='word_1_162' title='bbox 1333 2469 1367 2531; x_wconf 91' lang='lat' dir='ltr'>iu</span> 
     </span>
     <span class='ocr_line' id='line_1_19' title="bbox 188 2590 1368 2677; baseline 0 -22"><span class='ocrx_word' id='word_1_163' title='bbox 188 2590 388 2677; x_wconf 85' lang='lat' dir='ltr'>expellendis</span> <span class='ocrx_word' id='word_1_164' title='bbox 421 2591 562 2674; x_wconf 80' lang='lat' dir='ltr'>propriIs</span> <span class='ocrx_word' id='word_1_165' title='bbox 595 2590 747 2662; x_wconf 85' lang='lat' dir='ltr'>alumnis,</span> <span class='ocrx_word' id='word_1_166' title='bbox 780 2590 897 2655; x_wconf 89' lang='lat' dir='ltr'>nedum</span> <span class='ocrx_word' id='word_1_167' title='bbox 931 2593 962 2655; x_wconf 91' lang='lat' dir='ltr'>in</span> <span class='ocrx_word' id='word_1_168' title='bbox 994 2612 1051 2657; x_wconf 89' lang='lat' dir='ltr'>suo</span> <span class='ocrx_word' id='word_1_169' title='bbox 1087 2591 1206 2657; x_wconf 88' lang='lat' dir='ltr'>robore</span> <span class='ocrx_word' id='word_1_170' title='bbox 1238 2598 1368 2657; x_wconf 84' lang='lat' dir='ltr'>manent</span> 
     </span>
     <span class='ocr_line' id='line_1_20' title="bbox 187 2715 1366 2801; baseline 0.001 -21"><span class='ocrx_word' id='word_1_171' title='bbox 187 2716 242 2781; x_wconf 91' lang='lat' dir='ltr'>sed</span> <span class='ocrx_word' id='word_1_172' title='bbox 266 2715 448 2779; x_wconf 88' lang='lat' dir='ltr'>servandae</span> <span class='ocrx_word' id='word_1_173' title='bbox 471 2716 679 2799; x_wconf 88' lang='lat' dir='ltr'>imponuntur</span> <span class='ocrx_word' id='word_1_174' title='bbox 702 2716 798 2779; x_wconf 87' lang='lat' dir='ltr'>etiam</span> <span class='ocrx_word' id='word_1_175' title='bbox 820 2715 1041 2801; x_wconf 88' lang='lat' dir='ltr'>superioribus</span> <span class='ocrx_word' id='word_1_176' title='bbox 1064 2716 1288 2781; x_wconf 89' lang='lat' dir='ltr'>Institutorum</span> <span class='ocrx_word' id='word_1_177' title='bbox 1312 2737 1366 2781; x_wconf 88' lang='lat' dir='ltr'>vo·</span> 
     </span>
     <span class='ocr_line' id='line_1_21' title="bbox 188 2838 1367 2923; baseline 0 -18"><span class='ocrx_word' id='word_1_178' title='bbox 188 2845 294 2905; x_wconf 88' lang='lat' dir='ltr'>torum</span> <span class='ocrx_word' id='word_1_179' title='bbox 318 2838 519 2921; x_wconf 85' lang='lat' dir='ltr'>simplicium,</span> <span class='ocrx_word' id='word_1_180' title='bbox 543 2840 668 2922; x_wconf 86' lang='lat' dir='ltr'>quoties</span> <span class='ocrx_word' id='word_1_181' title='bbox 695 2843 813 2923; x_wconf 80' lang='lat' dir='ltr'>agatur</span> <span class='ocrx_word' id='word_1_182' title='bbox 835 2838 875 2905; x_wconf 92' lang='lat' dir='ltr'>de</span> <span class='ocrx_word' id='word_1_183' title='bbox 898 2840 1005 2923; x_wconf 88' lang='lat' dir='ltr'>aliquo</span> <span class='ocrx_word' id='word_1_184' title='bbox 1037 2841 1166 2905; x_wconf 84' lang='lat' dir='ltr'>alumno</span> <span class='ocrx_word' id='word_1_185' title='bbox 1194 2846 1269 2905; x_wconf 85' lang='lat' dir='ltr'>vote</span> <span class='ocrx_word' id='word_1_186' title='bbox 1292 2844 1367 2905; x_wconf 88' lang='lat' dir='ltr'>sim·</span> 
     </span>
     <span class='ocr_line' id='line_1_22' title="bbox 189 2958 1368 3047; baseline 0.001 -23"><span class='ocrx_word' id='word_1_187' title='bbox 189 2961 286 3045; x_wconf 91' lang='lat' dir='ltr'>plicia</span> <span class='ocrx_word' id='word_1_188' title='bbox 308 2958 436 3043; x_wconf 87' lang='lat' dir='ltr'>quidem</span> <span class='ocrx_word' id='word_1_189' title='bbox 460 2958 516 3023; x_wconf 88' lang='lat' dir='ltr'>sed</span> <span class='ocrx_word' id='word_1_190' title='bbox 539 2964 697 3043; x_wconf 88' lang='lat' dir='ltr'>perpetua</span> <span class='ocrx_word' id='word_1_191' title='bbox 720 2960 868 3043; x_wconf 82' lang='lat' dir='ltr'>professo</span> <span class='ocrx_word' id='word_1_192' title='bbox 888 2962 940 3025; x_wconf 85' lang='lat' dir='ltr'>vel</span> <span class='ocrx_word' id='word_1_193' title='bbox 964 2963 1047 3027; x_wconf 87' lang='lat' dir='ltr'>votis</span> <span class='ocrx_word' id='word_1_194' title='bbox 1070 2962 1269 3047; x_wconf 90' lang='lat' dir='ltr'>simplicibus</span> <span class='ocrx_word' id='word_1_195' title='bbox 1291 2970 1368 3029; x_wconf 88' lang='lat' dir='ltr'>tem·</span> 
     </span>
     <span class='ocr_line' id='line_1_23' title="bbox 189 3084 1369 3170; baseline 0.001 -20"><span class='ocrx_word' id='word_1_196' title='bbox 189 3086 340 3170; x_wconf 89' lang='lat' dir='ltr'>poraneis</span> <span class='ocrx_word' id='word_1_197' title='bbox 355 3084 510 3149; x_wconf 88' lang='lat' dir='ltr'>adstricto</span> <span class='ocrx_word' id='word_1_198' title='bbox 525 3104 564 3147; x_wconf 85' lang='lat' dir='ltr'>ao</span> <span class='ocrx_word' id='word_1_199' title='bbox 581 3086 614 3147; x_wconf 90' lang='lat' dir='ltr'>in</span> <span class='ocrx_word' id='word_1_200' title='bbox 629 3086 733 3149; x_wconf 87' lang='lat' dir='ltr'>sacris</span> <span class='ocrx_word' id='word_1_201' title='bbox 748 3088 882 3169; x_wconf 86' lang='lat' dir='ltr'>insuper</span> <span class='ocrx_word' id='word_1_202' title='bbox 898 3085 1063 3153; x_wconf 90' lang='lat' dir='ltr'>ordinibus</span> <span class='ocrx_word' id='word_1_203' title='bbox 1079 3089 1252 3154; x_wconf 85' lang='lat' dir='ltr'>constituto</span> <span class='ocrx_word' id='word_1_204' title='bbox 1267 3086 1369 3152; x_wconf 81' lang='lat' dir='ltr'>dimit</span> 
     </span>
     <span class='ocr_line' id='line_1_24' title="bbox 188 3208 1369 3297; baseline 0.002 -21"><span class='ocrx_word' id='word_1_205' title='bbox 188 3210 300 3285; x_wconf 90' lang='lat' dir='ltr'>tendo;</span> <span class='ocrx_word' id='word_1_206' title='bbox 324 3211 369 3275; x_wconf 83' lang='lat' dir='ltr'>ita</span> <span class='ocrx_word' id='word_1_207' title='bbox 392 3215 427 3274; x_wconf 86' lang='lat' dir='ltr'>ut</span> <span class='ocrx_word' id='word_1_208' title='bbox 449 3208 565 3273; x_wconf 90' lang='lat' dir='ltr'>horum</span> <span class='ocrx_word' id='word_1_209' title='bbox 590 3210 752 3275; x_wconf 89' lang='lat' dir='ltr'>neminem</span> <span class='ocrx_word' id='word_1_210' title='bbox 768 3216 801 3275; x_wconf 84' lang='lat' dir='ltr'>et</span> <span class='ocrx_word' id='word_1_211' title='bbox 817 3212 876 3295; x_wconf 87' lang='lat' dir='ltr'>ipsi</span> <span class='ocrx_word' id='word_1_212' title='bbox 896 3210 1059 3277; x_wconf 89' lang='lat' dir='ltr'>dimittere</span> <span class='ocrx_word' id='word_1_213' title='bbox 1082 3213 1214 3297; x_wconf 83' lang='lat' dir='ltr'>possint,</span> <span class='ocrx_word' id='word_1_214' title='bbox 1232 3219 1266 3277; x_wconf 90' lang='lat' dir='ltr'>ut</span> <span class='ocrx_word' id='word_1_215' title='bbox 1282 3232 1369 3278; x_wconf 90' lang='lat' dir='ltr'>nnnc</span> 
     </span>
     <span class='ocr_line' id='line_1_25' title="bbox 189 3333 1369 3422; baseline 0 -21"><span class='ocrx_word' id='word_1_216' title='bbox 189 3337 308 3403; x_wconf 87' lang='lat' dir='ltr'>dictum</span> <span class='ocrx_word' id='word_1_217' title='bbox 333 3341 389 3406; x_wconf 80' lang='lat' dir='ltr'>est,</span> <span class='ocrx_word' id='word_1_218' title='bbox 414 3335 476 3399; x_wconf 90' lang='lat' dir='ltr'>nisi</span> <span class='ocrx_word' id='word_1_219' title='bbox 499 3333 539 3399; x_wconf 94' lang='lat' dir='ltr'>ob</span> <span class='ocrx_word' id='word_1_220' title='bbox 570 3334 696 3419; x_wconf 90' lang='lat' dir='ltr'>culpam</span> <span class='ocrx_word' id='word_1_221' title='bbox 727 3355 860 3419; x_wconf 85' lang='lat' dir='ltr'>gravem</span> <span class='ocrx_word' id='word_1_222' title='bbox 893 3342 1064 3401; x_wconf 84' lang='lat' dir='ltr'>externam</span> <span class='ocrx_word' id='word_1_223' title='bbox 1089 3342 1121 3401; x_wconf 86' lang='lat' dir='ltr'>et</span> <span class='ocrx_word' id='word_1_224' title='bbox 1148 3336 1307 3422; x_wconf 85' lang='lat' dir='ltr'>publicam</span> <span class='ocrx_word' id='word_1_225' title='bbox 1337 3343 1369 3402; x_wconf 90' lang='lat' dir='ltr'>et</span> 
     </span>
     <span class='ocr_line' id='line_1_26' title="bbox 189 3460 928 3547; baseline -0.001 -21"><span class='ocrx_word' id='word_1_226' title='bbox 189 3464 249 3526; x_wconf 92' lang='lat' dir='ltr'>nisi</span> <span class='ocrx_word' id='word_1_227' title='bbox 273 3460 441 3546; x_wconf 88' lang='lat' dir='ltr'>culpabilis</span> <span class='ocrx_word' id='word_1_228' title='bbox 464 3461 625 3526; x_wconf 85' lang='lat' dir='ltr'>sitellam</span> <span class='ocrx_word' id='word_1_229' title='bbox 648 3461 928 3547; x_wconf 79' lang='lat' dir='ltr'>incorrigibilis».</span> 
     </span>
    </p>

    <p class='ocr_par' dir='ltr' id='par_1_5' title="bbox 189 3584 1371 4537">
     <span class='ocr_line' id='line_1_27' title="bbox 279 3584 1368 3652; baseline 0.001 -2"><span class='ocrx_word' id='word_1_230' title='bbox 279 3586 331 3650; x_wconf 81' lang='lat' dir='ltr'>Ex</span> <span class='ocrx_word' id='word_1_231' title='bbox 354 3585 496 3650; x_wconf 89' lang='lat' dir='ltr'>decretis</span> <span class='ocrx_word' id='word_1_232' title='bbox 518 3605 598 3649; x_wconf 82' lang='lat' dir='ltr'>vero</span> <span class='ocrx_word' id='word_1_233' title='bbox 623 3584 744 3650; x_wconf 89' lang='lat' dir='ltr'>Urbani</span> <span class='ocrx_word' id='word_1_234' title='bbox 761 3586 844 3651; x_wconf 87' lang='lat' dir='ltr'>VlIl</span> <span class='ocrx_word' id='word_1_235' title='bbox 864 3590 896 3650; x_wconf 89' lang='lat' dir='ltr'>et</span> <span class='ocrx_word' id='word_1_236' title='bbox 918 3586 1101 3651; x_wconf 86' lang='lat' dir='ltr'>Innocentii</span> <span class='ocrx_word' id='word_1_237' title='bbox 1117 3586 1184 3652; x_wconf 89' lang='lat' dir='ltr'>XII</span> <span class='ocrx_word' id='word_1_238' title='bbox 1199 3587 1239 3651; x_wconf 86' lang='lat' dir='ltr'>ad</span> <span class='ocrx_word' id='word_1_239' title='bbox 1256 3586 1368 3651; x_wconf 85' lang='lat' dir='ltr'>decre·</span> 
     </span>
     <span class='ocr_line' id='line_1_28' title="bbox 189 3710 1370 3795; baseline -0.001 -20"><span class='ocrx_word' id='word_1_240' title='bbox 189 3717 258 3775; x_wconf 88' lang='lat' dir='ltr'>tum</span> <span class='ocrx_word' id='word_1_241' title='bbox 274 3710 445 3775; x_wconf 62' lang='lat' dir='ltr'>mentionis</span> <span class='ocrx_word' id='word_1_242' title='bbox 463 3715 498 3774; x_wconf 89' lang='lat' dir='ltr'>ut</span> <span class='ocrx_word' id='word_1_243' title='bbox 514 3710 715 3780; x_wconf 81' lang='lat' dir='ltr'>deveniatur.</span> <span class='ocrx_word' id='word_1_244' title='bbox 733 3711 911 3793; x_wconf 89' lang='lat' dir='ltr'>requiritur</span> <span class='ocrx_word' id='word_1_245' title='bbox 930 3712 960 3795; x_wconf 81' lang='lat' dir='ltr'>l)</span> <span class='ocrx_word' id='word_1_246' title='bbox 976 3710 1264 3795; x_wconf 70' lang='lat' dir='ltr'>incorripibiliias.</span> <span class='ocrx_word' id='word_1_247' title='bbox 1285 3734 1303 3773; x_wconf 71' lang='lat' dir='ltr'>s</span> <span class='ocrx_word' id='word_1_248' title='bbox 1320 3712 1370 3775; x_wconf 93' lang='lat' dir='ltr'>In·</span> 
     </span>
     <span class='ocr_line' id='line_1_29' title="bbox 190 3831 1370 3928; baseline 0.002 -34"><span class='ocrx_word' id='word_1_249' title='bbox 190 3831 420 3916; x_wconf 81' lang='lat' dir='ltr'>corrIgibilitas</span> <span class='ocrx_word' id='word_1_250' title='bbox 443 3838 493 3896; x_wconf 91' lang='lat' dir='ltr'>est</span> <span class='ocrx_word' id='word_1_251' title='bbox 515 3833 548 3896; x_wconf 92' lang='lat' dir='ltr'>in</span> <span class='ocrx_word' id='word_1_252' title='bbox 565 3832 688 3902; x_wconf 87' lang='lat' dir='ltr'>eodem,</span> <span class='ocrx_word' id='word_1_253' title='bbox 705 3834 759 3916; x_wconf 92' lang='lat' dir='ltr'>qui</span> <span class='ocrx_word' id='word_1_254' title='bbox 777 3852 856 3897; x_wconf 88' lang='lat' dir='ltr'>vere</span> <span class='ocrx_word' id='word_1_255' title='bbox 873 3832 992 3897; x_wconf 89' lang='lat' dir='ltr'>dicitur</span> <span class='ocrx_word' id='word_1_256' title='bbox 1015 3832 1254 3918; x_wconf 77' lang='lat' dir='ltr'>incorrigibilis,</span> <span class='ocrx_word' id='word_1_257' title='bbox 1272 3834 1299 3896; x_wconf 89' lang='lat' dir='ltr'>si</span> <span class='ocrx_word' id='word_1_258' title='bbox 1318 3837 1370 3928; x_wconf 81' lang='lat' dir='ltr'>ter</span> 
     </span>
     <span class='ocr_line' id='line_1_30' title="bbox 190 3932 1369 4043; baseline 0.001 -23"><span class='ocrx_word' id='word_1_259' title='bbox 190 3958 357 4020; x_wconf 86' lang='lat' dir='ltr'>convictus</span> <span class='ocrx_word' id='word_1_260' title='bbox 380 3962 412 4020; x_wconf 88' lang='lat' dir='ltr'>et</span> <span class='ocrx_word' id='word_1_261' title='bbox 435 3959 564 4040; x_wconf 88' lang='lat' dir='ltr'>punitus</span> <span class='ocrx_word' id='word_1_262' title='bbox 586 3956 625 4021; x_wconf 91' lang='lat' dir='ltr'>de</span> <span class='ocrx_word' id='word_1_263' title='bbox 641 3956 746 4021; x_wconf 86' lang='lat' dir='ltr'>tribus</span> <span class='ocrx_word' id='word_1_264' title='bbox 765 3956 920 4043; x_wconf 80' lang='lat' dir='ltr'>gravibus</span> <span class='ocrx_word' id='word_1_265' title='bbox 944 3963 975 4021; x_wconf 89' lang='lat' dir='ltr'>et</span> <span class='ocrx_word' id='word_1_266' title='bbox 994 3956 1158 4021; x_wconf 85' lang='lat' dir='ltr'>atrocibus</span> <span class='ocrx_word' id='word_1_267' title='bbox 1181 3932 1369 4021; x_wconf 90' lang='lat' dir='ltr'>criminibus</span> 
     </span>
     <span class='ocr_line' id='line_1_31' title="bbox 190 4080 1370 4166; baseline 0 -21"><span class='ocrx_word' id='word_1_268' title='bbox 190 4085 224 4145; x_wconf 91' lang='lat' dir='ltr'>et</span> <span class='ocrx_word' id='word_1_269' title='bbox 237 4080 392 4165; x_wconf 87' lang='lat' dir='ltr'>probatus</span> <span class='ocrx_word' id='word_1_270' title='bbox 407 4100 466 4165; x_wconf 89' lang='lat' dir='ltr'>per</span> <span class='ocrx_word' id='word_1_271' title='bbox 477 4102 536 4145; x_wconf 84' lang='lat' dir='ltr'>sex</span> <span class='ocrx_word' id='word_1_272' title='bbox 552 4100 679 4146; x_wconf 88' lang='lat' dir='ltr'>meuses</span> <span class='ocrx_word' id='word_1_273' title='bbox 694 4082 727 4144; x_wconf 92' lang='lat' dir='ltr'>in</span> <span class='ocrx_word' id='word_1_274' title='bbox 740 4080 929 4146; x_wconf 81' lang='lat' dir='ltr'>carceribus</span> <span class='ocrx_word' id='word_1_275' title='bbox 946 4083 978 4145; x_wconf 90' lang='lat' dir='ltr'>in</span> <span class='ocrx_word' id='word_1_276' title='bbox 994 4082 1113 4147; x_wconf 88' lang='lat' dir='ltr'>ieiunio</span> <span class='ocrx_word' id='word_1_277' title='bbox 1127 4086 1158 4146; x_wconf 90' lang='lat' dir='ltr'>et</span> <span class='ocrx_word' id='word_1_278' title='bbox 1174 4082 1370 4166; x_wconf 85' lang='lat' dir='ltr'>poenitentia</span> 
     </span>
     <span class='ocr_line' id='line_1_32' title="bbox 190 4204 1371 4291; baseline 0 -22"><span class='ocrx_word' id='word_1_279' title='bbox 190 4224 254 4269; x_wconf 92' lang='lat' dir='ltr'>non</span> <span class='ocrx_word' id='word_1_280' title='bbox 278 4204 339 4269; x_wconf 85' lang='lat' dir='ltr'>fuit</span> <span class='ocrx_word' id='word_1_281' title='bbox 362 4204 551 4269; x_wconf 85' lang='lat' dir='ltr'>emendatus</span> <span class='ocrx_word' id='word_1_282' title='bbox 565 4204 621 4269; x_wconf 87' lang='lat' dir='ltr'>sed</span> <span class='ocrx_word' id='word_1_283' title='bbox 637 4207 744 4269; x_wconf 85' lang='lat' dir='ltr'>animo</span> <span class='ocrx_word' id='word_1_284' title='bbox 769 4205 918 4273; x_wconf 86' lang='lat' dir='ltr'>iodurato</span> <span class='ocrx_word' id='word_1_285' title='bbox 934 4204 1042 4271; x_wconf 86' lang='lat' dir='ltr'>adbuc</span> <span class='ocrx_word' id='word_1_286' title='bbox 1057 4212 1248 4291; x_wconf 85' lang='lat' dir='ltr'>perseverat</span> <span class='ocrx_word' id='word_1_287' title='bbox 1265 4206 1297 4269; x_wconf 92' lang='lat' dir='ltr'>in</span> <span class='ocrx_word' id='word_1_288' title='bbox 1312 4226 1371 4270; x_wconf 88' lang='lat' dir='ltr'>sua</span> 
     </span>
     <span class='ocr_line' id='line_1_33' title="bbox 191 4315 1370 4415; baseline 0 -20"><span class='ocrx_word' id='word_1_289' title='bbox 191 4330 395 4395; x_wconf 83' lang='lat' dir='ltr'>contumacia</span> <span class='ocrx_word' id='word_1_290' title='bbox 409 4352 440 4393; x_wconf 87' lang='lat'>›.</span> <span class='ocrx_word' id='word_1_291' title='bbox 466 4330 628 4409; x_wconf 65' lang='lat' dir='ltr'>narrans,</span> <span class='ocrx_word' id='word_1_292' title='bbox 646 4315 779 4396; x_wconf 67' lang='lat' dir='ltr'>aeorici.</span> <span class='ocrx_word' id='word_1_293' title='bbox 794 4350 826 4393; x_wconf 81' lang='lat' dir='ltr'>v.</span> <span class='ocrx_word' id='word_1_294' title='bbox 844 4331 958 4404; x_wconf 66' lang='lat' dir='ltr'>saecu,</span> <span class='ocrx_word' id='word_1_295' title='bbox 976 4352 1010 4396; x_wconf 75' lang='lat' dir='ltr'>o.</span> <span class='ocrx_word' id='word_1_296' title='bbox 1029 4330 1083 4397; x_wconf 89' lang='lat'>13.</span> <span class='ocrx_word' id='word_1_297' title='bbox 1109 4331 1142 4415; x_wconf 82' lang='lat'>2)</span> <span class='ocrx_word' id='word_1_298' title='bbox 1158 4332 1284 4398; x_wconf 74' lang='lat' dir='ltr'>Erectio</span> <span class='ocrx_word' id='word_1_299' title='bbox 1299 4329 1370 4396; x_wconf 73' lang='lat' dir='ltr'>fieri</span> 
     </span>
     <span class='ocr_line' id='line_1_34' title="bbox 190 4451 1371 4537; baseline 0.003 -21"><span class='ocrx_word' id='word_1_300' title='bbox 190 4455 302 4537; x_wconf 90' lang='lat' dir='ltr'>nequit</span> <span class='ocrx_word' id='word_1_301' title='bbox 324 4455 383 4517; x_wconf 87' lang='lat' dir='ltr'>nisi</span> <span class='ocrx_word' id='word_1_302' title='bbox 410 4474 430 4518; x_wconf 88' lang='lat' dir='ltr'>a</span> <span class='ocrx_word' id='word_1_303' title='bbox 454 4451 668 4519; x_wconf 77' lang='lat' dir='ltr'>GeneraIIbus</span> <span class='ocrx_word' id='word_1_304' title='bbox 690 4454 742 4517; x_wconf 86' lang='lat' dir='ltr'>vel</span> <span class='ocrx_word' id='word_1_305' title='bbox 769 4452 1038 4521; x_wconf 79' lang='lat' dir='ltr'>Prouincialibus.</span> <span class='ocrx_word' id='word_1_306' title='bbox 1063 4456 1096 4537; x_wconf 88' lang='grc'>3)</span> <span class='ocrx_word' id='word_1_307' title='bbox 1121 4456 1292 4521; x_wconf 81' lang='lat' dir='ltr'>Generalis</span> <span class='ocrx_word' id='word_1_308' title='bbox 1315 4461 1371 4521; x_wconf 88' lang='lat' dir='ltr'>aut</span> 
     </span>
    </p>
   </div>
   <div class='ocr_carea' id='block_1_4' title="bbox 0 0 1686 5100">
    <p class='ocr_par' dir='ltr' id='par_1_6' title="bbox 0 0 1686 5100">
     <span class='ocr_line' id='line_1_35' title="bbox 0 0 1686 5100; baseline 0 0"><span class='ocrx_word' id='word_1_309' title='bbox 0 0 1686 5100; x_wconf 95' lang='lat' dir='ltr'> </span> 
     </span>
    </p>
   </div>
  </div>
 </body>
</html>
