3350 5100
537 325 583 374 nn
605 325 759 374 nemoris
783 325 826 373 nr
849 323 969 373 ronrus
1295 299 1340 365 95

250 447 305 512 69.
330 449 370 513 In
392 447 506 515 eodem
527 447 612 515 libro
627 448 659 512 V
677 450 804 515 Decret.
822 449 921 536 Greg.
937 445 989 514 IX
1011 449 1119 534 egitur
1141 446 1181 512 de
1203 443 1340 526 dirersis

160 570 352 638 criminibus
370 591 453 658 quse
468 573 621 641 iustitiam
637 570 804 642 offendunt
819 571 1028 656 eumdemque
1043 575 1236 658 pervertunt
1252 569 1339 636 Reli·

161 697 302 782 gionem.
326 697 411 763 Sene
434 697 469 763 in
491 698 585 764 titulo
608 698 651 761 17
675 718 729 764 res
753 703 803 764 est
827 695 917 763 <De
938 693 1145 780 raptoribus,
1167 694 1340 762 incendio·

160 823 226 888 riis
255 829 290 889 et
309 823 531 891 violatoribus
552 825 784 893 Ecclesiomm
808 845 840 900 ›;
864 826 897 892 in
920 825 967 891 tit.
993 824 1035 890 18
1061 842 1079 886 e
1102 820 1156 889 De
1181 821 1286 906 furtis
1307 840 1340 898 ›;

163 949 196 1011 in
211 949 260 1012 tit.
277 947 319 1013 19
338 948 593 1025 «Dcmrisn
610 949 769 1015 iutit20
786 947 1280 1032 ‹Decriminesotri>;intit
1297 945 1338 1012 21

167 1072 249 1138 «De
258 1073 441 1160 sortitepiis
452 1095 483 1137 ».
497 1075 647 1140 Iamrero
659 1073 763 1160 qnoed
775 1073 929 1140 eiusmodi
943 1073 1080 1140 crimine
1095 1071 1173 1138 illud
1183 1073 1219 1138 in
1230 1073 1342 1158 primis

162 1195 363 1279 advertatur,
376 1197 470 1265 *hoec
492 1198 616 1265 habere
638 1207 803 1288 aspectum
826 1219 908 1287 pure
930 1200 1057 1266 civilem
1074 1218 1132 1266 seu
1147 1196 1343 1264 subiicienda

162 1339 235 1385 esse
263 1321 537 1388 animadversioni
566 1326 734 1409 potestatis
761 1324 883 1397 civilis,
908 1323 1008 1389 veluti
1036 1322 1144 1406 furta,
1173 1321 1340 1394 incendio,

162 1445 246 1526 falsi
268 1445 455 1530 nemerim
476 1448 549 1513 iure
571 1467 654 1513 vero
682 1448 899 1514 decretalium
929 1447 1043 1514 fuisse·
1059 1447 1202 1513 coercita
1231 1446 1343 1532 poenis

161 1570 284 1636 eccles.
307 1576 418 1657 utpote
441 1578 582 1655 peccato
605 1575 808 1660 gravissime.
831 1573 944 1660 poenis
967 1574 1096 1639 externi
1123 1571 1187 1638 fori
1214 1589 1341 1657 compe-

163 1693 299 1777 scenda,
324 1715 385 1782 pro
407 1717 561 1764 mensure
583 1704 742 1764 externae
765 1697 1017 1765 deordinntionis
1046 1697 1195 1764 inductae
1217 1697 1252 1762 in
1275 1699 1343 1782 ipsa

162 1819 253 1882 civiti
275 1821 450 1896 societate;
473 1823 580 1906 pronti
605 1822 843 1907 explicavimus
866 1821 941 1888 Vol.
966 1821 1026 1896 ΙΙΙ,
1051 1841 1081 1886 n.
1108 1819 1160 1886 49.

253 1942 443 2020 Praeterea,
459 1945 487 2010 si
502 1945 626 2011 furtum
642 1947 796 2031 excipies,
813 1944 963 2012 incendia
979 1949 1011 2009 et
1027 1962 1136 2010 rerum
1158 1963 1222 2009 non
1238 1943 1343 2010 eccle-

162 2068 368 2132 siastirerum
383 2067 598 2156 direptionem
613 2077 672 2138 ent
686 2071 846 2157 rapinam,
861 2070 926 2135 alia
941 2069 1078 2135 crimina
1094 2069 1194 2133 veluti
1215 2067 1343 2151 sotrum

165 2193 201 2257 in
221 2193 342 2258 litteris
366 2195 578 2279 Apostolicis‚
605 2196 779 2282 sortitepio
809 2201 843 2261 et
868 2215 1002 2270 usurae,
1031 2192 1245 2260 submittendo
1269 2199 1344 2260 sunt

159 2317 274 2400 poenis
296 2317 539 2392 ecclesiasticis,
568 2321 685 2406 quippe
706 2320 760 2384 vel
783 2319 906 2384 directe
937 2324 1129 2404 pervertunt
1152 2319 1343 2384 exercitium

161 2442 332 2524 potestatis
354 2443 471 2507 eccles.
495 2443 595 2508 veluti
614 2443 744 2526 falsum
766 2442 823 2523 (de
845 2463 908 2526 quo
931 2445 994 2508 iem
1018 2444 1156 2528 egimus)
1179 2448 1211 2507 et
1233 2439 1344 2508 fideles

162 2567 361 2651 pertrahunt
386 2570 420 2633 in
450 2588 598 2635 errorem
622 2570 728 2654 quoad
760 2577 934 2656 praecepte
964 2590 1090 2635 morum
1115 2576 1147 2636 et
1170 2568 1261 2647 fldei;
1293 2572 1344 2636 vel

159 2688 333 2756 honestam
356 2692 487 2759 vivendi
511 2695 671 2760 rationem
687 2692 845 2777 inficiunt,
866 2696 911 2759 uti
927 2694 1093 2780 sortilegio
1117 2701 1149 2760 et
1171 2695 1254 2760 aliae
1269 2694 1345 2760 divi·

160 2821 312 2885 nationes
328 2837 412 2903 quae
426 2820 690 2905 superstitionem
706 2820 818 2885 fovent
833 2796 867 2884 in
882 2818 999 2906 populo
1022 2838 1096 2885 cum
1110 2823 1201 2886 tento
1224 2821 1343 2886 anima-

158 3074 256 3117 tomen
275 3064 306 3117 in
325 3064 404 3135 Papo
423 3076 450 3119 et
468 3065 577 3137 Leqoto
592 3067 732 3137 procedit,
751 3082 808 3120 non
831 3066 861 3117 in
883 3064 1043 3129 Ordines-io,
1061 3066 1091 3118 in
1114 3080 1168 3133 quo
1187 3080 1243 3118 non
1261 3067 1345 3119 detur

159 3173 307 3242 subreptio
325 3174 377 3227 ced
394 3173 498 3227 dicitur
515 3176 674 3244 procedere
699 3183 775 3229 motu
800 3173 919 3243 proprio
943 3176 972 3225 et
997 3169 1129 3226 Ecclesiis
1147 3186 1203 3225 non
1221 3172 1347 3241 personis

159 3275 317 3345 providere,
336 3276 410 3331 sicut
429 3277 506 3347 Papo
524 3281 553 3332 et
576 3276 700 3347 Legetns
718 3282 747 3331 et
772 3278 812 3331 sic
832 3276 954 3346 provisio
972 3275 1111 3329 Ordinerii
1129 3292 1185 3329 non
1203 3280 1296 3346 potest
1314 3277 1347 3329 de

158 3383 343 3453 subreptIone
361 3383 520 3453 impugnari
535 3397 560 3440 ›.
581 3384 688 3437 Auctor
711 3382 764 3451 ipsi
790 3382 882 3451 Pepee
911 3386 1054 3453 comperet
1077 3381 1137 3437 eius
1158 3382 1281 3451 Legatos
1299 3384 1347 3453 qui

159 3487 223 3541 eius
240 3488 355 3543 nomine
373 3492 403 3542 et
421 3489 592 3543 anctoritate
612 3489 778 3543 rescribunt.
798 3518 810 3529 ·
830 3488 922 3543 Ratio
943 3489 1060 3543 iuridice
1080 3504 1152 3559 quse
1173 3488 1349 3558 probabilem

159 3594 252 3648 reddit
270 3594 344 3649 benc
362 3594 527 3662 doctrinam,
545 3602 588 3651 est
607 3596 682 3666 qnia,
703 3597 744 3650 uti
767 3594 853 3650 hebet
872 3594 1033 3651 Thesaurus
1044 3614 1070 3649 υ.
1085 3596 1199 3651 Gratiae
1217 3612 1239 3649 o.
1267 3594 1346 3660 VIII,

157 3702 302 3757 Ordiuerii
320 3716 407 3759 (non
425 3706 559 3759 dicuntur
576 3706 698 3773 praciam
716 3708 827 3775 facere
842 3706 904 3759 sed
918 3722 953 3759 eor
966 3704 1053 3775 officio
1062 3704 1216 3774 procidere
1230 3719 1260 3767 »ς
1280 3702 1352 3771 siqui

158 3804 224 3858 dem
241 3820 298 3859 non
316 3804 423 3860 moveri
441 3805 544 3861 debent
563 3821 598 3860 ex
616 3807 745 3876 precibus
758 3807 883 3877 petentis
902 3804 950 3861 sed
968 3808 1003 3861 ob
1024 3805 1212 3875 cognitionem
1230 3804 1281 3869 rei,
1294 3818 1345 3872 pro

158 3925 211 3963 sno
228 3911 329 3974 officio,
343 3910 525 3981 exploratum.
539 3940 552 3953 -
567 3911 644 3983 Pepe
662 3930 697 3967 ex
715 3913 841 3977 adverso,
855 3912 957 3983 quippe
971 3912 1096 3981 superior
1115 3910 1175 3963 iure
1194 3910 1347 3971 communi,

157 4023 291 4071 censetur
309 4019 397 4073 etiem
415 4019 537 4088 gretiam
553 4021 648 4074 fecere
672 4024 770 4074 contre
789 4020 832 4073 ius
853 4034 1002 4073 commune
1021 4034 1069 4071 seu
1089 4016 1240 4071 concedere
1259 4016 1346 4085 privi-

158 4122 276 4191 legium.
295 4152 309 4165 ·
327 4125 420 4186 Quare
436 4126 539 4181 vitium
563 4128 735 4197 obreptionis
756 4132 787 4183 et
805 4126 997 4195 subreptionis
1022 4130 1089 4178 tunc
1107 4123 1217 4179 videtur
1238 4124 1346 4179 attendi

160 4230 192 4283 in
210 4230 354 4299 rescriptis
374 4230 587 4301 Episcopidibus
608 4249 664 4287 non
682 4248 764 4293 secus
783 4249 816 4286 ec
835 4233 864 4285 in
884 4229 1047 4295 pontificiis,
1069 4230 1179 4301 quando
1196 4230 1349 4300 Episcopus

161 4340 256 4404 potest
273 4338 424 4396 concedere
443 4338 600 4409 privilegis„
619 4368 633 4381 -
652 4338 729 4397 Haec
747 4340 876 4411 quaestio
897 4340 1025 4409 practica
1049 4344 1100 4404 est,
1121 4339 1201 4393 iuxta
1222 4354 1256 4393 ee
1277 4353 1348 4409 qnee

157 4438 247 4495 docet
265 4440 389 4499 Snnchez
408 4444 454 4500 tit.
477 4446 506 4508 8,
528 4446 572 4499 De
589 4455 654 4498 mot.
677 4446 784 4516 Disput.
805 4446 850 4498 21.
