3350 5100
418 319 461 365 DE
486 318 625 366 malene
649 319 892 367 calmacianus
917 317 952 366 IN
977 318 1094 366 SPEOIE
1274 299 1338 364 537

122 507 128 516 ,
163 443 367 508 decretorum
391 441 665 528 approbationem.
695 441 868 508 Audientia
891 459 950 526 pro
974 441 1036 506 hae
1059 442 1223 508 relatione
1245 441 1342 506 hodie

164 566 304 632 habetur
326 566 411 632 feria
433 567 493 630 Vl.

253 691 331 758 530.
355 691 415 756 Est
437 692 603 776 proprium
626 690 723 756 huius
747 690 1017 774 Congregationis
1040 695 1075 754 ut
1099 688 1287 754 Cardinales
1311 695 1344 754 et

165 813 331 882 Officiales
361 835 473 880 omnes
503 834 566 881 nec
596 835 661 880 non
693 814 901 882 consultores
930 816 1146 878 inramentum
1178 817 1344 898 praestent
1393 817 1396 826 '

165 941 309 1006 solemne
324 947 358 1008 et
370 941 590 1006 severioribus
612 941 726 1026 poenis
748 941 977 1004 communitum
999 957 1128 1024 semper
1144 945 1176 1003 et
1191 940 1223 1002 in
1241 939 1344 1004 omni·

164 1065 225 1130 bus
247 1065 462 1131 conservandi
485 1071 666 1140 secretum;
696 1084 756 1151 per
785 1063 1039 1128 antonomasiam
1070 1062 1263 1148 appellatum
1295 1069 1344 1128 est

165 1194 331 1254 secretum
355 1187 389 1252 S.
416 1188 533 1274 Officii.
556 1191 626 1255 Imo
655 1191 786 1274 negotia
808 1208 828 1252 a
851 1189 884 1254 S.
908 1185 1024 1253 Officio
1055 1188 1223 1253 commissa
1246 1185 1344 1253 Ordi-

166 1314 267 1378 nam'is
282 1313 484 1398 expedienda
498 1319 555 1377 aut
568 1312 759 1398 exequenda
782 1332 911 1397 semper
926 1311 1147 1378 secumserunt
1162 1312 1248 1376 hanc
1271 1331 1343 1376 con·

167 1437 328 1510 ditionem,
354 1457 469 1523 nempe
492 1440 553 1503 ista
576 1437 705 1524 agenda
729 1457 801 1502 esse
822 1437 881 1502 sub
905 1441 1032 1502 secreto
1056 1438 1090 1504 S.
1119 1435 1237 1521 Officii.

256 1563 331 1628 531.
346 1564 487 1628 Necesse
499 1568 549 1627 est
560 1563 727 1648 explicare
742 1564 776 1628 in
792 1583 855 1647 quo
871 1565 1024 1628 consistat
1035 1560 1209 1628 Secretum
1222 1564 1257 1628 S.
1273 1562 1348 1647 Opti·

171 1691 215 1756 cii
229 1692 305 1772 quia
320 1709 385 1752 non
402 1693 452 1754 est
463 1694 622 1753 secretum
635 1707 718 1773 pure
732 1690 913 1754 consistens
928 1689 960 1752 in
976 1686 1131 1754 naturali
1150 1686 1346 1773 obligatione

168 1833 233 1878 non
257 1811 417 1898 pandendi
441 1832 495 1876 res
518 1817 551 1876 et
573 1814 705 1896 negotia
727 1813 858 1876 maioris
886 1813 1038 1877 momenti
1070 1811 1183 1895 quibas
1212 1811 1346 1877 manife-

170 1940 260 2004 statis
275 1938 501 2004 detrimentum
520 1939 605 2023 capit
628 1939 697 2023 ipsa
713 1935 925 2022 Respublica;
950 1957 1006 2002 seu
1023 1957 1087 2002 non
1113 1943 1161 2002 est
1184 1941 1344 2002 secretum

168 2065 328 2130 naturate
349 2061 406 2127 sed
429 2068 479 2127 est
501 2068 662 2127 secretum
685 2062 762 2127 iure
780 2062 926 2144 pontivo
957 2063 1163 2128 constitutum
1188 2062 1245 2128 sub
1269 2081 1346 2146 gra·

169 2187 308 2252 vissimis
331 2187 548 2253 sanctionibus
564 2223 582 2236 -
601 2185 752 2253 Officium
776 2187 807 2253 S.
826 2189 1045 2272 inquisitionis
1062 2205 1118 2253 seu
1139 2182 1172 2250 S.
1193 2185 1347 2272 Officium

172 2315 221 2374 est
250 2313 330 2375 tanti
363 2310 515 2396 ponderis
545 2331 606 2396 pro
635 2312 814 2377 christiana
846 2311 1025 2395 Republica
1055 2317 1090 2376 ut
1120 2311 1182 2373 iam
1215 2309 1347 2374 Bonifa-

169 2436 240 2499 cius
261 2435 346 2500 VIII
370 2436 403 2499 in
426 2435 474 2498 tit.
500 2434 551 2500 De
573 2435 699 2500 haeret.
723 2436 761 2500 in
785 2435 808 2499 6
839 2453 913 2516 cap.
939 2434 989 2498 20
1015 2434 1201 2498 facultatem
1232 2434 1348 2498 lecerit

168 2560 337 2645 Episcopis
360 2564 416 2624 aut
439 2558 685 2642 Inquisitoribus
713 2540 886 2624 adhibendi
910 2561 943 2623 in
967 2558 1167 2643 explicandis
1197 2557 1249 2622 his
1271 2577 1347 2643 pro-

75 2755 81 2766 ,
168 2683 321 2753 cessibns.
338 2702 494 2768 personas
518 2683 649 2747 idoneas
672 2688 704 2747 et
726 2682 845 2768 probas
869 2700 1004 2765 quarum
1029 2700 1135 2764 opera
1159 2686 1291 2748 utantur·
1315 2688 1348 2746 et

170 2810 319 2879 canalio,
343 2808 469 2873 adiecta
491 2813 600 2872 tamen
616 2806 811 2892 obligeti0ne
836 2808 873 2871 iis
898 2808 1044 2892 personis
1059 2806 1222 2872 servandi
1237 2825 1346 2873 seere-

172 2939 252 3013 lum,
277 2932 628 3000 eacommunieatione
649 2932 687 2996 in
709 2932 892 2998 violatores
923 2931 1129 2997 camminata
1158 2931 1232 3013 ipso
1254 2931 1349 3013 faeta

169 3056 400 3122 incurrentia:
423 3074 464 3121 en
488 3055 590 3121 verba
606 3056 713 3121 Const.
732 3075 749 3117 ‹
767 3057 811 3121 Et
831 3062 869 3122 ut
893 3056 1090 3124 eorumdem
1110 3060 1350 3123 accusatorum

171 3188 203 3248 et
224 3182 356 3247 testium
376 3182 542 3264 periculis
557 3181 731 3267 efficacius
746 3188 952 3248 occurratur
975 3187 1006 3247 et
1021 3181 1154 3247 cautius
1176 3181 1213 3246 in
1235 3182 1349 3267 inqui-

169 3308 301 3374 sitionis
322 3307 457 3393 nepotio
477 3308 688 3390 procedatur
705 3308 899 3390 praesentis
925 3306 1176 3373 Constitutionis
1206 3306 1351 3373 auetori-

171 3440 238 3500 tate
263 3434 494 3516 permittimus
520 3434 613 3518 quad
635 3435 825 3517 Episcopus
855 3436 906 3501 vet
931 3433 1154 3518 Inquisitores
1183 3437 1351 3499 secretam

167 3563 313 3640 possunt
334 3558 486 3624 indicere
507 3558 575 3624 iltis
597 3557 721 3642 quibus
743 3554 796 3643 (ut
813 3558 1045 3641 praemissum
1069 3555 1130 3642 est)
1150 3576 1348 3639 processum

173 3679 366 3747 huiusmodi
390 3680 610 3763 applicabunt
631 3687 665 3746 et
685 3682 723 3746 in
745 3701 802 3748 eos
823 3682 854 3747 si
877 3700 1009 3747 arcana
1032 3678 1165 3748 cornitii
1187 3698 1248 3745 seu
1266 3696 1351 3761 pro-

172 3822 283 3869 cessus
304 3803 370 3869 sibi
392 3804 454 3871 aab
476 3812 603 3871 secreto
627 3804 671 3871 ab
693 3806 820 3871 eisdem
836 3806 1005 3889 Episcopo
1020 3806 1072 3870 oet
1089 3804 1351 3889 Inquisitoribus

167 3927 352 4009 patefacto,
365 3933 507 4011 praeter
528 3948 649 3995 eorum
671 3930 843 3996 licentiam
867 3931 945 3995 aliis
964 3930 1202 4013 patefecerint,
1220 3948 1353 3995 cacom-

171 4053 414 4118 munieationis
428 4054 629 4119 sententiam
645 4074 750 4138 mam
773 4074 819 4121 ea
841 4055 960 4121 secreti
974 4054 1156 4121 motatione
1170 4054 1244 4137 ipsa
1260 4054 1351 4136 facto

172 4176 350 4241 incurrent
362 4173 405 4260 (si
415 4176 541 4241 eisdem
554 4177 719 4259 eapedire
732 4177 913 4264 uidebitur)
926 4179 1167 4262 promutpare;
1177 4178 1227 4243 sia
1240 4182 1352 4243 tamen

173 4302 265 4385 quod
288 4300 511 4385 Inquisitores
533 4301 741 4384 menapum
763 4305 816 4368 oet
831 4304 1021 4385 Episcopus
1038 4301 1261 4387 inquisitores
1282 4320 1353 4366 non
1439 4302 1443 4309 “

175 4427 469 4491 eaeommunicent
493 4426 557 4491 liae
579 4426 622 4491 de
644 4443 770 4507 eausa;
792 4426 853 4491 sed
867 4426 934 4508 ipsi
958 4445 1002 4491 ear
1017 4426 1168 4491 iniuncto
1193 4443 1238 4491 ea
1259 4443 1354 4491 nunc
