3350 5100
346 291 418 359 252
865 314 948 362 raas
979 313 1015 362 11.

444 435 516 500 187.
542 435 638 501 Modo
667 435 872 522 ingredimur
895 437 1091 503 salebrosam
1119 438 1351 522 quaestionem,
1375 437 1529 502 nimirum

349 557 392 623 de
415 561 672 646 praescriptione
694 562 832 628 actionis
856 562 1045 628 circinatis
1075 565 1110 627 in
1139 563 1213 627 iure
1235 561 1353 628 eccles.
1378 563 1417 626 ln
1441 565 1529 626 ante·
1628 543 1629 546 ¹

348 703 476 751 cessum
497 685 698 752 advenimus
711 687 957 753 fundamentum
981 689 1247 774 praescriptionis
1270 687 1307 754 in
1331 707 1370 753 re
1389 686 1483 753 cicili
1498 691 1531 752 et

260 851 264 858 -
352 811 509 875 rationem
533 831 615 883 esse,
633 812 751 876 civium
774 814 922 879 excitare
945 812 1109 879 solertiam
1134 815 1166 878 in
1191 811 1289 878 rebus
1311 813 1378 878 anis
1400 811 1530 896 pergri-
1629 816 1630 874 t

350 930 461 996 rendis
484 939 517 999 et
539 933 670 998 illorum
692 935 808 1018 punire
832 935 994 1019 ignaviam
1017 936 1071 1018 qui
1096 932 1265 1019 negligunt
1289 952 1343 998 res
1365 951 1441 998 snas
1469 931 1530 998 sibi
1629 917 1630 922 ἵ

350 1058 502 1142 persequi
523 1077 564 1123 ac
586 1056 933 1134 vindicare;nxrnn1r
955 1060 1047 1125 enim
1069 1058 1279 1164 reipublicae
1301 1057 1458 1124 domimo
1480 1075 1533 1124 aa

348 1201 430 1246 rana
452 1187 546 1248 certa
568 1201 661 1265 esse3
684 1202 756 1268 arg.
781 1185 801 1248 t.
827 1185 855 1264 1,
879 1185 914 1267 ff.
940 1183 990 1250 De
1012 1201 1131 1266 usurp.
1156 1188 1188 1249 et
1210 1201 1304 1252 aruc.

440 1305 617 1380 Quaeritur
631 1307 725 1373 modo
740 1325 783 1372 an
799 1309 1015 1394 praescriptio
1031 1309 1068 1374 in
1083 1328 1122 1375 re
1141 1308 1314 1375 criminali
1334 1306 1530 1372 fundamen-

349 1435 416 1495 tum
441 1428 560 1496 babeat
573 1433 607 1496 in
624 1431 736 1513 eadem
759 1453 869 1498 rerum
894 1435 1097 1507 necessitate,
1114 1452 1231 1518 nempe
1254 1432 1326 1498 ideo
1348 1431 1529 1517 praescribi

349 1555 510 1621 actionem
536 1556 755 1629 criminalem,
778 1559 896 1642 quippe
921 1558 975 1622 ille
999 1560 1089 1624 cuius
1116 1563 1188 1623 erat
1210 1557 1298 1623 illam
1325 1557 1530 1629 instaurare,

350 1701 410 1766 per
425 1687 550 1746 certum
565 1689 691 1767 tempus
706 1683 891 1769 neglexerit
907 1703 964 1748 suo
980 1685 1025 1748 uti
1043 1685 1123 1748 iure.
1141 1717 1159 1730 -
1179 1684 1328 1748 lamvero
1349 1683 1425 1766 quia
1443 1683 1531 1748 aetio
1631 1678 1632 1684 ’

349 1805 541 1872 ονίηιίπαῑίε
563 1805 660 1871 distat
682 1827 702 1871 a
724 1807 815 1872 civiti
837 1812 991 1890 quantum
1016 1805 1134 1870 bonum
1160 1803 1322 1890 publicum
1345 1823 1365 1868 a
1388 1805 1528 1889 privato,

349 1929 506 1996 absonum
535 1937 584 1996 est
606 1931 787 2014 admittere,
810 1933 1075 2019 praescriptionis
1099 1927 1248 1996 effectum
1276 1931 1407 2014 utrique
1429 1929 1531 1994 fuisse

349 2051 503 2118 tributum
527 2073 548 2116 a
570 2055 642 2119 iure
663 2055 800 2139 positivo
823 2054 864 2120 ob
888 2054 1033 2120 eamdem
1057 2073 1198 2120 causam.
1216 2053 1338 2118 -Sane
1361 2055 1410 2118 ius
1433 2069 1528 2117 accu-

347 2177 441 2248 sandi
466 2179 609 2264 pertinet
632 2179 672 2245 ad
695 2179 945 2264 rempublicam
970 2199 1052 2263 quae
1074 2178 1171 2244 hodie
1197 2197 1258 2263 per
1287 2179 1528 2263 magistratum,

350 2308 567 2388 promotorem
590 2301 744 2385 fiscalem,
761 2304 917 2369 eiusmodi
944 2305 1105 2369 actionem
1128 2305 1298 2368 instaurat.
1319 2301 1382 2368 Hic
1405 2321 1449 2366 ex
1473 2319 1530 2366 suo

349 2449 486 2495 munere
501 2448 657 2495 accusare
680 2428 784 2510 debet,
801 2433 834 2494 et
849 2431 876 2494 si
892 2429 1028 2515 negligit
1043 2448 1209 2501 accusare,
1227 2428 1393 2512 delinquit.
1418 2427 1528 2501 Quare

348 2558 375 2623 si
394 2559 464 2622 eius
486 2557 688 2642 negligentia
710 2558 744 2621 in
762 2556 946 2621 accusando
962 2562 1094 2641 pareret
1118 2556 1408 2640 praescriptionem
1431 2556 1530 2620 actio

348 2684 408 2763 nis,
420 2681 540 2766 duplex
556 2680 732 2746 haberetur
744 2681 929 2747 discrimen.
944 2681 1138 2766 Respublica
1153 2681 1253 2746 veluti
1268 2684 1373 2743 ratam
1387 2678 1527 2745 haberet

347 2812 443 2891 atque
469 2805 624 2892 probaret
649 2808 858 2892 magistratus
889 2807 1119 2892 negligentiam
1147 2812 1178 2870 et
1204 2804 1321 2871 deinde
1351 2804 1527 2871 scelestum

346 2934 453 2997 civem
476 2951 496 2995 a
518 2950 623 3017 poena
646 2932 820 2998 immunem
835 2931 1050 2997 dimitteret·
1076 2932 1128 2996 Ex
1152 2931 1291 2996 adverso
1313 2932 1386 2995 iure
1409 2932 1526 2995 merito

346 3055 388 3121 de
403 3056 490 3121 civili
514 3057 642 3120 actione
664 3056 826 3129 statuitur,
844 3057 948 3121 civem
969 3076 1027 3120 suo
1043 3058 1103 3121 iuri
1130 3056 1293 3141 praesumi
1317 3055 1530 3120 renunciasse

346 3182 403 3263 qui
425 3182 583 3245 actionem
599 3185 689 3245 tanto
711 3185 858 3265 tempore
882 3182 1065 3247 instaurare
1089 3180 1250 3265 neglexit;
1274 3184 1330 3243 aut
1352 3179 1468 3244 saltem
1485 3177 1526 3243 de

348 3320 406 3368 sua
429 3302 551 3369 desidia
574 3304 664 3368 illum
688 3305 804 3389 puniri,
822 3325 883 3390 per
898 3306 1102 3369 amissionem
1118 3306 1165 3369 rei
1189 3324 1210 3367 a
1233 3322 1418 3389 possessore
1434 3322 1529 3389 prae·

346 3430 497 3512 scriptae.
521 3447 658 3510 aequum
682 3448 752 3491 esse
776 3434 870 3493 cavet
886 3430 943 3493 teor
961 3428 1059 3512 28ff.
1084 3428 1130 3493 tit.
1149 3428 1198 3494 De
1220 3427 1311 3493 narb.
1327 3424 1443 3512 cignis.
1462 3432 1530 3493 sta-

347 3558 458 3618 tuens:
471 3553 533 3619 vir
546 3559 594 3618 eat
609 3554 700 3618 anim
715 3563 753 3617 nt
766 3572 838 3619 non
853 3552 1009 3618 videatur
1028 3552 1181 3617 atmnare
1204 3552 1264 3636 qui
1283 3552 1418 3635 paritio·
1441 3570 1526 3616 uru-

348 3676 435 3759 napi.
455 3712 472 3725 -
491 3676 704 3742 Nihilominus
720 3677 805 3740 actio
820 3694 947 3759 quoque
963 3675 1149 3745 criminalis.
1168 3676 1284 3760 quippe
1307 3676 1453 3741 continet
1475 3676 1527 3740 ine

349 3800 547 3887 reipublicae
560 3801 737 3885 proprium,
752 3799 950 3865 resarciendi
964 3799 1113 3864 damnum
1130 3800 1318 3866 mediatum
1334 3818 1377 3865 ex
1389 3801 1528 3866 crimine

346 3926 551 4013 proveniens.
568 3944 749 4009 congruum
774 3930 823 3990 est
845 3932 879 3990 ut
895 3924 1001 4007 aliquo
1018 3930 1088 4008 post
1112 3930 1257 4009 tempore
1279 3924 1527 4010 praescribatur

346 4052 422 4135 quia
444 4050 595 4116 damnum
619 4051 815 4126 mediatum,
832 4058 945 4135 suapte
961 4055 1088 4123 natura,
1106 4057 1214 4116 tractu
1228 4051 1384 4135 temporis
1405 4070 1526 4116 evane-

346 4179 408 4240 scit
430 4196 486 4241 seu
510 4182 616 4241 cessat
638 4176 693 4239 illa
720 4174 843 4240 ordinis
867 4176 994 4239 socialis
1026 4175 1226 4261 perturbatio
1251 4176 1389 4241 erimine
1413 4174 1527 4251 iulata;

346 4298 432 4363 unde
458 4297 527 4363 fluit
550 4301 755 4385 principium,
780 4320 916 4384 poenam
939 4318 977 4363 eo
1001 4318 1072 4363 esse
1103 4298 1319 4365 efficaciorem
1343 4318 1406 4383 quo
1430 4300 1526 4367 citius

346 4424 491 4506 seqnitur
514 4423 676 4488 delictum.
695 4459 712 4471 -
731 4423 805 4488 Alia
828 4426 910 4488 ratio
932 4426 1089 4508 repetitur
1112 4444 1155 4489 ex
1170 4424 1244 4506 ipso
1269 4424 1455 4497 criminoso,
1473 4426 1526 4508 qui
