3350 5100
325 263 392 328 496
831 283 915 334 rans
940 286 991 332 111.

324 411 459 491 propter
474 406 516 470 sit
530 406 746 472 accusandum
771 406 871 472 veluti
895 409 1017 474 nulium
1044 409 1281 475 matrimonium
1303 413 1506 474 contractum

324 531 411 594 iuter
425 549 559 614 sponsos
582 530 645 594 boc
668 530 896 616 impedimento
919 529 1051 600 affectos
1068 531 1227 617 iidemque
1244 531 1380 617 cogendi
1397 539 1505 598 essent

323 660 360 720 ut
382 660 550 720 cessarent
571 675 591 720 a
614 655 804 722 scandaloso
828 657 1059 723 conturbernio
1083 659 1142 722 nisi
1172 657 1372 742 prospiciant
1387 659 1503 742 ⁸matri-

323 781 431 844 monio
453 780 690 848 reuotidondo.
716 781 840 848 Verum
863 781 1022 848 adversus
1044 783 1130 847 hanc
1153 781 1390 865 inquisitionem
1414 778 1503 846 fisca·

323 907 386 970 lem
417 913 531 990 ageret
560 906 643 972 alius
673 916 842 993 promotor
872 907 1007 980 fiscalis,
1040 908 1192 974 defensor
1225 915 1318 974 matr.
1351 907 1409 974 sub
1439 907 1502 974 alio

323 1035 466 1114 aspectu,
483 1049 599 1115 nempe
612 1037 650 1097 ut
665 1029 857 1096 defenderet
878 1033 1074 1097 matrimonii
1098 1031 1254 1098 valorem.
1280 1033 1352 1098 Hoc
1368 1030 1503 1098 adverto

323 1161 359 1217 ut
381 1161 505 1240 pateat,
529 1154 735 1222 defensorem
766 1163 861 1222 matr.
886 1176 957 1222 esse
987 1161 1233 1242 procuratorem
1262 1154 1422 1228 fiscalem,
1446 1157 1501 1222 sed

323 1297 387 1343 non
414 1298 539 1344 onmem
571 1279 748 1345 absorbere
778 1281 946 1347 actionem
977 1281 1148 1366 fiscalem
1175 1281 1238 1346 imo
1270 1281 1371 1366 ipsum
1403 1301 1500 1346 unum

320 1407 444 1467 tantum
461 1408 585 1487 partem
601 1403 697 1469 buius
708 1404 844 1469 actionis
858 1403 996 1484 referre,
1009 1405 1160 1470 nimirum
1173 1405 1260 1470 tueri
1271 1406 1501 1472 matrimoniis

322 1527 484 1608 valerem,
501 1529 611 1611 utique
633 1548 693 1613 pro
718 1529 879 1611 ueritotc3
901 1535 1043 1594 attamen
1059 1529 1098 1594 ad
1119 1531 1221 1614 ipsum
1246 1549 1409 1614 nunquam
1433 1549 1501 1616 spe·

270 1714 277 1724 ,
321 1634 413 1716 ctare
442 1657 548 1737 potest
573 1653 835 1719 matrimonium
860 1672 1026 1720 accusare.
1052 1655 1122 1720 Hoc
1149 1673 1229 1718 vero
1258 1659 1402 1750 praestat
1433 1655 1500 1740 ipse

320 1782 486 1860 promotor
501 1779 673 1863 pomerolis
685 1775 754 1842 flaci
770 1778 823 1843 vel
840 1779 907 1862 ipse
920 1778 1017 1843 iudex
1034 1797 1079 1844 em
1090 1775 1213 1864 officio,
1227 1779 1508 1862 quotiescumque,-

321 1921 385 1966 uua
408 1903 461 1967 vel
483 1902 548 1966 alia
570 1905 699 1968 ratione
722 1923 785 1968 nou
810 1909 959 1989 suppetat
982 1923 1082 1988 opera
1105 1905 1200 1970 huius
1223 1905 1395 1992 ueneratio
1425 1921 1501 1989 pro·

320 2028 452 2091 motoris
476 2025 542 2093 fisc.
568 2028 602 2091 iu
626 2028 718 2093 curia
740 2028 941 2094 dioecesana.

409 2152 483 2217 470.
507 2151 603 2218 Modo
618 2154 651 2216 in
667 2154 775 2236 specie
790 2151 934 2217 dicamus
949 2151 1106 2235 quomodo
1121 2153 1284 2218 accusatio
1302 2154 1496 2218 instituatur.

320 2280 356 2343 In
381 2278 493 2362 primis
515 2275 707 2342 advertatur
733 2276 857 2341 admitti
881 2295 1006 2360 quoque
1025 2281 1300 2359 procuratorem,
1324 2279 1376 2360 qui
1401 2285 1500 2342 ‘accu-

294 2399 474 2467 sationem
499 2400 655 2486 proferat
672 2435 690 2448 ·
708 2398 820 2475 Quoad
843 2399 989 2474 modum,
1014 2405 1143 2484 praesto
1167 2405 1216 2464 est
1242 2399 1296 2466 cit.
1323 2400 1498 2464 instructio

319 2528 349 2594 S.
368 2523 477 2594 Officii
499 2527 587 2592 huuc
610 2531 717 2592 actum
743 2527 787 2591 ita
810 2523 1002 2608 ordinans&
1019 2526 1053 2589 4:
1081 2525 1183 2589 «Ista
1206 2525 1370 2591 accusatio
1387 2543 1496 2591 coram

318 2650 460 2736 legitimo
476 2648 652 2716 Ordinatio
668 2649 888 2714 ecclesiastico
905 2646 974 2713 fleri
992 2647 1098 2728 debet,
1114 2647 1289 2731 etquidem
1307 2650 1341 2712 io
1358 2649 1495 2733 scripto:

318 2776 343 2840 si
356 2780 509 2839 oretenus
520 2772 607 2839 facta
619 2774 728 2855 fuerit,
741 2773 898 2839 iudicialis
912 2771 1076 2839 reddenda
1092 2774 1156 2837 erit
1167 2774 1259 2837 iuxta
1272 2790 1401 2835 normas
1413 2790 1497 2836 com-

318 2901 406 2965 muni
429 2902 501 2964 iure
523 2898 667 2973 traditas,
692 2898 817 2964 scilicet
840 2896 1010 2963 efficiendo
1030 2903 1066 2963 ut
1080 2905 1252 2964 accusator
1273 2916 1345 2962 eam
1370 2900 1497 2980 repetat

317 3042 428 3088 coram
440 3021 603 3086 tribunali
628 3025 661 3086 et
683 3040 703 3085 a
725 3021 923 3086 cancellario
942 3022 976 3085 in
992 3021 1073 3086 actis
1096 3018 1264 3105 redigatur
1281 3040 1312 3083 a.
1328 3020 1350 3101 ἓ
1365 3019 1402 3083 5;
1421 3041 1441 3080 ‹
1457 3019 1495 3083 In

317 3164 355 3210 ea
370 3152 502 3231 praeter
516 3129 703 3210 accuratam
719 3143 796 3208 iacti
814 3143 1057 3228 expositionem,
1075 3140 1259 3207 enarranda
1276 3147 1373 3206 erunt
1388 3141 1496 3205 omnia

315 3269 467 3335 adiuncta
489 3270 673 3333 necessaria
688 3273 721 3334 et
740 3270 846 3333 omnia
869 3266 990 3333 indicia
1013 3268 1260 3341 concurrentia;
1277 3263 1439 3331 iudicandi
1462 3274 1496 3331 et

315 3392 500 3459 nominandi
522 3399 622 3460 testes
638 3392 678 3457 de
694 3412 732 3456 re
747 3393 907 3474 instructi,
924 3398 959 3457 ut
975 3392 1037 3457 boc
1060 3391 1154 3456 modo
1177 3389 1386 3455 fundamenta
1401 3408 1495 3455 accu-

315 3520 447 3586 sationis
476 3524 715 3605 cognoscantur
737 3523 771 3583 et
792 3519 846 3582 via
876 3518 1030 3583 tribunali
1061 3522 1226 3582 sternatur
1251 3517 1379 3581 veritati
1404 3514 1494 3581 dete-

315 3648 482 3734 gendae».
496 3647 722 3712 Accusationis
734 3651 825 3711 actus
837 3646 1004 3711 constituit
1016 3642 1164 3710 libellum
1175 3640 1364 3725 supplicem
1376 3642 1494 3705 iustan·
1538 3735 1542 3744 1

314 3774 378 3835 tiae
395 3769 656 3841 introductitium,
669 3788 712 3833 ex
728 3787 791 3852 quo
805 3766 904 3832 iudex
920 3767 1086 3852 cognoscit
1101 3785 1143 3830 an
1160 3768 1228 3851 ipse
1245 3766 1287 3830 sit
1302 3768 1494 3847 competens
1599 3759 1602 3765 ’

313 3904 347 3963 et
361 3916 403 3961 an
415 3894 585 3961 accusato
598 3891 755 3978 probabili
771 3892 929 3959 innitatur
945 3889 1164 3958 fundamento.
1184 3892 1264 3956 Nam
1280 3891 1305 3955 si
1319 3894 1493 3961 constaret,

313 4019 551 4084 accusationem
575 4034 646 4081 esse
672 4017 813 4101 ineptam
837 4022 870 4080 et
893 4013 982 4080 nullo
1006 4014 1111 4079 evinci
1133 4032 1196 4079 nec
1220 4010 1377 4098 probabili
1401 4030 1493 4097 argu-

313 4146 421 4206 mento
436 4139 488 4204 rel
505 4139 633 4214 indicio,
651 4137 850 4223 respuendus
866 4144 915 4203 est
930 4138 1145 4202 accusationis
1168 4141 1258 4203 actus
1278 4135 1399 4219 absque
1415 4133 1492 4199 ulte·

312 4266 391 4330 riori
409 4266 622 4347 inquisitione.
640 4262 736 4328 Nulla
751 4267 800 4329 est
815 4263 1032 4328 determinata
1049 4260 1199 4335 formula,
1212 4279 1277 4345 qua
1292 4260 1493 4345 concipiatur

312 4390 372 4453 iste
395 4386 523 4453 libellus
546 4394 579 4452 et
601 4388 734 4452 exarari
758 4386 844 4451 valet
876 4388 987 4472 lingua
1010 4386 1197 4452 vernacula.
1221 4384 1491 4466 Quotiescumque
