3350 5100
544 309 587 356 ns
612 309 766 358 punieris
790 309 833 356 nr
862 309 981 358 posuis
1307 291 1352 356 39

167 428 376 497 nanciscendi
400 433 538 498 alterum
561 433 622 498 sibi
644 432 829 514 obnoxium,
846 434 936 517 quasi
954 435 1130 518 gratuitum
1153 432 1349 513 debitorem,

168 557 323 621 nimirum
354 555 394 621 ob
424 559 509 642 grati
539 557 638 622 animi
668 575 816 630 sensum,
847 563 927 621 tunc
956 556 1048 622 adesi
1081 557 1233 630 simonie,
1261 558 1352 622 iuxic

169 681 268 766 Prop.
293 683 338 746 45
360 683 575 768 proscriptam
598 681 639 748 ab
665 684 735 746 lun.
756 681 814 754 XI,
833 701 896 765 qua
919 682 1102 748 dicebatur:
1122 704 1142 745 ‹
1157 681 1254 748 Dore
1271 688 1349 750 tem·

165 806 291 888 parate
310 824 377 887 pro
392 806 575 888 spirituali,
592 826 662 873 non
678 812 727 872 est
743 807 901 881 domnia,
920 807 1059 892 quando
1075 809 1265 891 temporale
1278 827 1350 874 non

168 929 276 996 datur
304 935 483 1014 tamquam
508 930 667 1014 pretium,
695 930 756 996 sed
782 931 966 996 dumtaxat
987 937 1164 1016 tamquam
1188 949 1349 998 uorrvuu

168 1053 370 1136 conferendi
392 1057 445 1122 cet
476 1055 642 1140 efficierudi
665 1055 846 1138 spirituale
853 1076 867 1138 ;
890 1057 943 1121 oet
972 1056 1076 1121 eliam
1102 1057 1241 1142 quando
1268 1061 1350 1122 tem-

164 1177 291 1258 porale
320 1176 363 1242 sit
392 1179 505 1244 solum
533 1177 687 1264 praecito
711 1177 943 1262 compensatio
965 1198 1033 1262 pro
1055 1179 1239 1261 spirituali,
1255 1179 1308 1245 vel
1332 1197 1352 1242 e

169 1305 293 1367 eontra
309 1321 340 1365 ›.
365 1301 446 1367 Nam
470 1303 504 1366 in
527 1302 618 1367 hisee
642 1302 769 1368 casibus
791 1302 884 1368 adest
905 1303 1046 1370 intentio
1071 1309 1103 1366 ei
1125 1304 1265 1386 affectus
1286 1301 1352 1368 sol·

169 1425 266 1490 vendi
283 1427 425 1510 aliquod
441 1427 599 1500 delitum,
615 1447 673 1493 seu
696 1428 874 1513 peragendi
886 1428 1206 1511 compunctionem,
1218 1432 1276 1494 aut
1290 1425 1351 1491 sibi

170 1551 380 1636 comparandi
404 1553 580 1638 gratiosum
612 1552 807 1620 debitorem.
833 1553 996 1627 Quocirca
1024 1554 1097 1618 iure
1126 1553 1242 1617 merito
1269 1551 1353 1616 hacc

170 1674 269 1740 habet
298 1673 334 1741 D'
344 1675 514 1751 Annibale,
539 1678 571 1741 in
601 1677 637 1742 P.
664 1678 726 1759 111,
749 1675 803 1742 Dc
826 1677 902 1742 sim
926 1696 961 1742 n.
987 1677 1052 1743 98.·
1077 1698 1096 1739 ‹
1118 1675 1192 1742 Neo
1213 1677 1352 1742 demum

170 1799 288 1882 refert,
313 1805 431 1866 utrum
460 1802 607 1868 alterum
626 1820 695 1885 pro
722 1802 830 1868 altero
858 1801 960 1866 detur
982 1821 1027 1867 eu
1048 1807 1151 1885 pacto
1176 1801 1276 1867 tacito
1299 1802 1352 1866 eet

171 1923 256 1988 inito
281 1942 361 1989 cum
382 1925 451 1990 alio
471 1943 618 2007 prorsus
641 1929 828 2006 entrance,
844 1923 960 1998 immo,
977 1924 1038 1990 etsi
1060 1943 1161 1991 omne
1184 1924 1271 1990 abac
1290 1943 1352 2007 pa·

172 2053 276 2128 ctum,
301 2047 331 2112 si
354 2049 455 2114 detur
476 2046 542 2132 (oet
561 2048 799 2132 promittatur)
813 2051 887 2116 sola
902 2050 1086 2116 intentione
1109 2050 1251 2116 alterius
1273 2069 1352 2117 cum

174 2175 283 2240 altero
303 2175 536 2257 permutandi,
561 2176 599 2240 in
619 2176 698 2258 soro
722 2176 946 2242 cmusdentiae
971 2194 1042 2242 non
1064 2175 1171 2241 deerit
1193 2176 1350 2242 umento.

171 2299 216 2364 Et
237 2299 377 2383 quando
399 2298 481 2364 haec
498 2279 685 2378 moraliter,
703 2300 786 2365 etin
803 2299 929 2384 primis
951 2299 1225 2366 etimoratorum
1250 2300 1354 2366 homi·

173 2441 258 2488 num
282 2441 384 2488 senisu
411 2427 441 2488 ct
464 2423 624 2504 opinione
650 2423 827 2489 aestimari
854 2423 992 2505 delent,
1016 2424 1145 2509 quotics
1174 2424 1353 2506 spirituale

176 2550 283 2615 datur
301 2570 369 2633 pro
391 2570 432 2614 re
455 2551 646 2633 temporali,
669 2570 740 2616 non
764 2556 952 2617 euanmur
975 2551 1051 2635 qun
1074 2550 1167 2635 quod
1186 2569 1252 2632 per
1275 2556 1353 2615 tem-

170 2672 296 2758 porale
318 2674 522 2747 huiusmodi,
535 2675 690 2741 intendat
712 2675 759 2740 ad
781 2675 879 2741 aliud
900 2674 1079 2757 spirituale
1099 2674 1290 2757 peruenire.
1307 2674 1352 2739 Et

173 2819 251 2865 cum
282 2798 386 2864 datur
415 2798 548 2882 aliquid
578 2799 764 2881 temporale
793 2798 1009 2863 intercessori
1038 2798 1253 2877 immediato,
1277 2796 1354 2863 licet

173 2922 360 3004 temporale
387 2939 454 3003 pro
478 2921 659 3004 temperati
683 2922 783 2987 detur
809 2918 907 3007 (quia
928 2920 1121 2987 intercessio
1148 2924 1197 2985 est
1218 2918 1352 3003 dipuid

173 3045 383 3131 nemorale),
395 3044 619 3111 nihilominus
634 3046 781 3112 simonia
798 3045 860 3111 mlo
874 3044 992 3118 aberit,
1005 3050 1065 3109 aut
1076 3064 1119 3110 ne
1130 3044 1192 3109 oio
1203 3043 1353 3127 quidem,

172 3261 215 3311 est
234 3257 268 3310 ad
287 3256 361 3325 greti
381 3257 467 3311 enimi
486 3258 721 3326 significationem
740 3258 775 3323 ei,
795 3260 920 3311 ceterum
939 3256 1031 3325 digno,
1044 3258 1170 3310 conterre
1188 3255 1355 3309 beneficium

172 3365 270 3419 eccles.
284 3365 331 3435 qni
351 3364 443 3419 officis
461 3364 612 3434 praestitit.
625 3394 639 3407 ·
657 3362 794 3425 Quocirca
812 3364 947 3419 inservire
966 3363 1103 3433 Episcopo
1121 3363 1226 3432 ubsque
1243 3361 1355 3428 solario,

172 3461 216 3527 vol
237 3489 300 3525 curu
319 3472 427 3525 modico
445 3472 549 3526 salerio
566 3474 617 3527 sul
637 3490 670 3527 ea
688 3486 746 3542 spe,
767 3488 821 3524 non
841 3472 894 3525 sibi
912 3469 1055 3539 obligandi
1074 3470 1197 3523 animum
1217 3468 1355 3538 Episcopi,

172 3575 219 3644 qui
232 3573 384 3644 aliquando
396 3575 522 3627 conterat
534 3572 710 3635 beneficium,
723 3573 770 3626 sod
783 3572 946 3626 ostendendi
957 3572 1093 3641 Episcopo
1109 3572 1248 3641 propriam
1258 3571 1354 3625 volun·

172 3684 260 3734 tutem
280 3678 314 3733 ud
335 3679 447 3735 labores
464 3686 601 3763 peratum,
613 3685 643 3734 el
661 3679 727 3734 hino
743 3680 871 3734 idoneam
889 3680 1051 3734 muneribus
1068 3678 1276 3744 ecclesiasticis,
1288 3695 1356 3733 seue

175 3804 229 3841 nou
239 3792 283 3841 est
296 3787 490 3853 simoniacum,
499 3787 546 3841 sed
556 3804 600 3841 res
613 3792 657 3841 est
669 3803 741 3857 quse
755 3803 844 3856 neque
858 3804 875 3840 e
887 3786 998 3840 clericis
1011 3786 1146 3855 praestari
1159 3786 1249 3849 debet,
1265 3801 1355 3856 neque

174 3893 208 3945 sb
224 3892 369 3962 Episcopis
389 3892 522 3961 permitti,
535 3894 637 3963 quippe
650 3892 766 3959 redolet,
776 3893 819 3947 vei
840 3893 924 3947 facile
936 3895 1013 3947 fovet
1024 3894 1149 3947 animum
1160 3892 1353 3946 simoniacum.
1445 3889 1448 3896 '

174 3998 239 4054 luds
258 3998 284 4052 S.
301 3998 422 4052 Carolus
442 3999 625 4053 Eorromseus
649 4000 677 4053 in
698 3998 803 4053 Concil,
823 3999 936 4053 Mediol.
951 3999 984 4065 11,
1003 4000 1032 4054 in
1051 3999 1145 4053 Consi.
1168 3998 1200 4052 13
1222 3999 1356 4053 adversus

176 4104 350 4169 simoniacos,
369 4109 476 4171 monet,
497 4110 525 4159 st
544 4107 701 4160 obtestatur
720 4107 881 4176 Episcopos,
904 4106 1029 4177 aliosque
1052 4107 1152 4176 quibus
1173 4112 1217 4162 est
1234 4106 1355 4160 facultas

176 4210 311 4264 beneficis
330 4209 500 4275 conterendi,
514 4216 545 4264 ut
554 4210 741 4263 familiaribus
760 4211 818 4264 suis
837 4214 942 4265 certum
956 4211 1111 4265 mercedem
1127 4212 1308 4277 constituant,
1319 4227 1355 4264 ne

175 4314 218 4369 illi
237 4331 361 4385 congruo
379 4316 519 4385 stipendio
537 4316 675 4383 destituti,
688 4316 798 4371 inhient
817 4318 1122 4388 beneficiistumquem
1141 4318 1183 4371 sui
1203 4318 1307 4372 laboris
1325 4321 1354 4372 et

178 4423 266 4492 operis
285 4423 431 4494 mercedi„
