3350 5100
444 332 488 378 na
513 331 652 379 rumoris
677 329 920 378 oerumsureus
946 329 981 376 ru
1006 328 1121 376 serrem
1310 313 1376 380 553

194 453 332 510 elationes
348 460 447 508 contra
464 452 655 508 confessarios
672 453 860 507 sollicitantes
879 451 1054 520 poenitentes
1073 452 1107 505 ad
1125 452 1233 520 turpia:
1253 459 1281 508 et
1294 469 1377 522 saepe

195 559 306 625 accidit,
325 559 403 614 utin
422 559 682 614 denunciatiouibus
701 558 768 627 ipsis
786 557 954 612 inducantur
976 555 1050 613 aliae
1076 559 1252 626 poenitentes
1271 557 1316 613 vel
1336 560 1392 612 uti·

196 671 275 722 certo
291 667 326 720 ad
345 667 438 735 turpia
456 665 635 731 sollicitatae,
654 665 702 721 vel
721 669 831 719 tautum
850 681 885 718 ex
904 664 1014 719 iudiciis
1032 663 1169 728 inductae,
1191 681 1262 735 quae
1285 671 1376 724 tamen

195 772 363 842 obligationi
381 772 417 826 de
434 771 647 828 denuntiatione
672 772 826 827 emittenda
850 772 929 826 iuxta
954 769 1054 826 Sacros
1078 769 1204 827 Cauoues
1226 773 1295 826 satis
1322 789 1376 827 uon

195 881 331 935 feceruut
350 879 392 935 Ne
404 883 501 934 autem
512 879 618 936 crimen
631 884 690 934 tam
702 880 845 934 inondum
859 881 963 950 absque
975 878 1077 934 debitis
1092 879 1378 934 animadversionibus

195 991 323 1052 marreat,
342 987 429 1042 Sacra
448 986 639 1056 congregatio
663 986 698 1040 ad
723 987 866 1042 tramitem
891 986 1116 1056 Apostolicorum
1140 985 1377 1040 Constitutiouum

195 1093 295 1147 indicit
307 1093 432 1148 locorum
444 1092 606 1158 Ordinariis‚
617 1098 648 1147 ut
660 1090 789 1148 inductas
801 1093 977 1162 poenitentes
989 1097 1146 1162 opportuno
1159 1093 1280 1148 examini
1293 1093 1364 1146 subii

195 1199 281 1266 ciant,
299 1204 332 1253 ut
349 1199 415 1254 iude
433 1198 540 1269 legales
559 1200 739 1268 probationes
757 1200 786 1252 in
806 1198 1029 1268 processualibus
1049 1198 1152 1252 tabulis
1170 1199 1315 1254 resultent.

285 1305 390 1360 Verum
409 1306 584 1376 experientia
603 1310 777 1375 compertum
797 1311 840 1360 est
859 1305 1014 1358 huiusmodi
1034 1306 1163 1360 examina
1181 1321 1236 1360 uon
1256 1306 1296 1360 ita
1309 1307 1378 1359 scite

195 1427 245 1466 seu
271 1411 402 1481 legaliter
426 1413 529 1466 assumi
548 1428 565 1464 a
583 1411 724 1466 lodicibus
747 1411 900 1482 delegatis3
920 1413 960 1466 ita
985 1417 1016 1466 ut
1039 1413 1150 1481 saepius
1174 1427 1272 1468 causas
1296 1412 1378 1482 ipsas,

196 1517 321 1588 alioquin
343 1517 488 1588 graviores
507 1518 583 1574 etin
602 1518 733 1571 damnum
751 1535 784 1573 sc
802 1517 964 1572 scandalum
988 1517 1113 1572 fidelium
1140 1522 1295 1582 vertentes,
1314 1533 1376 1587 pro·
1438 1581 1447 1596 ἱ

196 1625 276 1695 aequi
294 1624 390 1678 datum
408 1641 465 1678 nou
483 1625 528 1679 sit.

286 1733 462 1802 Quapropter
478 1749 515 1786 ne
532 1733 563 1786 in
581 1738 723 1800 posterum
741 1749 777 1787 ex
796 1733 953 1787 enunciatis
978 1733 1131 1788 defectibus
1150 1733 1178 1786 iu
1204 1732 1377 1787 examinibus

197 1838 368 1894 assumendis
387 1855 488 1894 causae
506 1844 605 1892 contra
616 1837 802 1894 sollicitantes
820 1839 941 1894 iniectae
961 1844 1133 1905 remaneant,
1145 1838 1231 1894 Sacra
1244 1838 1377 1910 Suprema

198 1945 267 2000 haec
286 1945 475 2015 Congregatio
499 1950 698 2015 opportunum,
719 1946 804 1998 immo
821 1945 1010 2000 necessarium
1035 1951 1130 2002 censet
1153 1945 1279 2000 locorum
1297 1945 1378 1999 Ordi-

198 2051 285 2105 nariis
302 2051 516 2106 instructionem
541 2053 621 2106 iuxta
638 2052 751 2106 decreta
769 2068 802 2106 ac
820 2051 1011 2108 ordinationes
1029 2053 1099 2107 alias
1121 2052 1211 2108 editas
1234 2059 1377 2108 exaratam

197 2155 396 2222 transmittere,
410 2172 466 2226 qua
480 2156 610 2210 examina
622 2155 824 2224 poenitentium
841 2172 890 2224 per
902 2156 1046 2225 generalia
1066 2158 1120 2210 rite
1131 2164 1159 2211 et
1171 2156 1303 2226 legaliter
1317 2173 1377 2225 pro·

196 2262 275 2332 sequi
293 2262 415 2316 valeant.

286 2370 511 2424 Praenotandum
530 2369 604 2440 quod
621 2371 708 2424 nimia
726 2370 976 2438 circumspectione
996 2369 1127 2424 utendum
1146 2378 1189 2425 est
1207 2371 1237 2424 in
1253 2370 1378 2439 personis

197 2477 232 2530 ad
250 2492 367 2531 examen
385 2476 552 2542 invitandis3
570 2477 674 2531 etenim
687 2491 743 2531 nou
761 2492 871 2545 semper
890 2480 1076 2545 opportunum
1095 2476 1149 2530 erit
1166 2492 1214 2530 eas
1232 2474 1266 2529 ad
1286 2474 1377 2545 publi-

197 2601 260 2639 cum
273 2584 465 2639 (lancellariae
483 2586 576 2639 locum
595 2585 752 2650 convenire,
766 2584 931 2653 praesertim
944 2584 966 2637 si
980 2584 1102 2638 examini
1120 2584 1309 2639 subiiciendae
1322 2585 1379 2637 sint

198 2694 243 2747 vel
262 2693 386 2762 puellae,
406 2692 451 2747 vel
470 2697 619 2759 uxoratae,
637 2696 687 2745 aut
705 2690 853 2745 famulatui
872 2689 1013 2753 addictam
1033 2696 1098 2745 tuuc
1121 2691 1195 2745 enim
1221 2690 1377 2746 consultum

199 2801 254 2854 erit
272 2816 320 2854 eas
337 2799 383 2854 vel
402 2800 430 2852 in
448 2801 587 2863 sacrario,
604 2798 650 2852 rel
669 2798 726 2852 alio
750 2798 829 2853 iuxta
854 2796 1017 2867 prudentem
1043 2797 1181 2851 Ordinarii
1207 2814 1255 2853 seu
1279 2797 1379 2853 Iudicis

197 2905 422 2959 aestimationem
447 2909 530 2958 caute
554 2919 709 2959 convocare
727 2903 760 2957 ad
780 2920 876 2958 earum
896 2920 1013 2958 examen
1032 2904 1234 2959 assumendum.
1258 2904 1335 2965 Quod
1355 2906 1378 2957 si

198 3010 399 3066 examinandae
423 3009 468 3064 vel
492 3012 521 3063 in
546 3011 725 3065 Monasteriis
746 3014 795 3064 aut
817 3010 991 3065 Nosocomiis
1016 3028 1065 3065 seu
1091 3012 1119 3065 in
1145 3011 1198 3080 piis
1222 3010 1377 3081 puellarum

197 3117 325 3171 domibus
343 3116 474 3183 existant,
486 3122 554 3172 tuuc
573 3132 675 3185 magna
693 3133 756 3170 cum
773 3116 923 3186 diligentia
943 3125 971 3171 et
990 3117 1105 3173 diversis
1117 3118 1214 3173 diebus
1232 3119 1310 3173 iuxta
1323 3120 1377 3172 cir·

197 3222 381 3276 cumstantias
398 3222 555 3291 peculiares
572 3222 713 3277 vocandae
731 3226 821 3277 eruut.

287 3330 402 3399 insuper
419 3330 643 3386 animadvertant
661 3328 769 3385 ludices
780 3330 816 3384 ad
829 3330 958 3385 examina
977 3331 1142 3386 assumenda
1157 3331 1291 3401 deputati,
1306 3332 1377 3403 quod

198 3436 227 3488 in
246 3452 341 3491 eorum
361 3440 390 3492 et
402 3434 570 3491 cancellarii
588 3452 638 3489 seu
657 3435 766 3489 Notarii
786 3436 845 3507 (qui
857 3452 966 3507 semper
985 3435 1174 3491 Ecclesiastici
1188 3453 1248 3491 esse
1264 3436 1377 3506 debent)

200 3543 371 3612 praesentia,
388 3541 574 3596 examinanda
597 3540 739 3596 exclusive
758 3545 919 3611 compareat
937 3541 1042 3611 absque
1060 3541 1150 3603 socia,
1169 3543 1273 3613 absque
1292 3546 1378 3597 teste:

197 3652 302 3705 etenim
320 3651 415 3703 omnia
432 3652 484 3703 sub
502 3648 659 3703 inviolabili
678 3655 787 3704 secreto
805 3649 901 3719 perfici
920 3664 1033 3705 necessa
1053 3654 1103 3703 est.

287 3756 409 3812 Tandem
428 3756 462 3811 de
480 3757 590 3810 actibus
608 3756 671 3810 inde
690 3757 840 3825 assumptis
856 3755 995 3809 Ordinarii
1014 3756 1117 3811 debent
1135 3756 1326 3811 transmittere
1344 3757 1377 3809 sd

200 3861 271 3913 hanc
289 3860 452 3929 Supremam
469 3859 722 3929 congregationem
741 3857 885 3928 exemplar
902 3858 1094 3914 authenticum
1107 3862 1136 3914 et
1149 3876 1212 3913 cum
1231 3874 1281 3913 suo
1293 3861 1377 3929 origi·

108 4026 112 4036 Ι
200 3964 257 4019 nali
275 3965 419 4019 collatum.

288 4070 371 4125 Hisce
383 4071 539 4141 generatim
552 4074 733 4141 praemonitis
750 4073 926 4127 subnectitur
939 4088 1035 4126 norma
1052 4073 1188 4127 examinis
1206 4072 1377 4127 conficiendi.

443 4213 553 4267 Nor-rw
571 4214 709 4268 acuminis
725 4231 781 4285 per
796 4214 944 4283 pcnerolia
962 4218 1133 4269 assumendi.

287 4340 391 4408 Vigore
410 4340 547 4409 epistolae
565 4339 668 4393 Sacrae
687 4338 838 4409 Supremas
863 4341 1095 4411 congregationis
1118 4341 1199 4396 datae
1223 4342 1274 4395 sub
1299 4342 1378 4396 die...-

198 4445 256 4514 (val
276 4447 372 4515 vigore
391 4446 501 4501 Decreti
521 4445 705 4500 illustrissimi
725 4462 759 4500 ac
778 4446 1012 4502 Revereudissimi
1033 4447 1142 4501 Domini
1160 4448 1379 4518 Archiepiscopi‚
