3350 5100
524 316 569 362 nn
593 315 733 363 ionicus
756 314 1000 363 cniuinnnrsns
1283 296 1346 363 271

167 440 228 503 Hic
244 439 369 505 Doctor
384 459 440 523 op.
457 418 509 506 cit.
523 440 563 505 P.
577 439 599 502 1
605 440 639 515 V,
656 439 743 505 Sect.
757 441 785 512 Ι,
802 460 837 505 n.
855 438 905 505 30
920 438 1032 507 tradit:
1052 462 1070 505 c
1086 441 1159 505 Alia
1176 441 1260 505 enim
1276 446 1351 506 suut

165 583 248 647 quae
271 571 346 649 post
367 584 404 629 se
426 564 615 649 relinquunt
640 564 780 648 vestigia
802 563 959 650 quaedam
982 584 1064 649 quaa
1094 565 1247 633 dicuntur
1267 564 1351 649 facti

162 689 400 770 pammentis
407 708 422 772 ,·
434 694 466 753 et
477 688 551 761 alia,
568 708 651 774 quae
666 708 731 755 non
745 689 933 772 relinquunt
944 690 1091 775 vestigia,
1105 709 1188 775 quae
1199 689 1351 757 dicuntur

163 812 249 891 facti
272 813 492 879 transeuntis.
516 814 642 879 Delicta
662 813 748 897 sacti
767 815 1004 898 permanentis
1028 820 1103 879 sunt
1132 814 1348 897 homicidium,

165 937 385 1003 incendium...
409 945 443 1005 et
465 940 499 1005 in
527 941 598 1005 istis
620 958 686 1005 non
709 946 816 1025 potest
840 939 984 1006 deveniri
1009 941 1049 1007 ad
1078 943 1294 1027 cognitionem
1317 948 1350 1009 et

164 1062 384 1129 definitionem
408 1084 526 1131 cauma
549 1067 610 1131 nisi
634 1072 762 1131 constet
780 1067 822 1132 de
839 1086 982 1150 corpore
1005 1066 1118 1133 delicti
1139 1088 1200 1153 per
1222 1066 1349 1133 eviden-

165 1190 245 1253 tiam
267 1188 347 1253 facti
370 1195 427 1254 aut
447 1208 508 1274 per
530 1194 663 1254 testes...
691 1188 846 1256 Probatio
878 1195 985 1255 autem
1010 1192 1165 1273 corporis
1188 1190 1299 1258 delicti
1322 1195 1349 1257 si

164 1313 206 1377 sit
227 1311 315 1393 sacti
333 1312 571 1396 permanentis
598 1310 671 1378 fleri
701 1311 797 1378 debet
819 1314 916 1398 plene
946 1318 979 1378 et
1005 1312 1134 1398 liquide,
1158 1316 1298 1381 maxime
1321 1319 1347 1381 si

162 1439 206 1502 sit
224 1436 335 1503 facilis
357 1437 573 1522 probationis;
597 1438 623 1503 si
647 1457 727 1503 vero
751 1440 794 1503 sit
814 1437 900 1519 facti
923 1440 1130 1505 banscuntis
1153 1446 1186 1505 et
1208 1438 1348 1507 difficilis

163 1560 376 1645 probationis,
400 1560 473 1627 fiori
496 1561 592 1629 debet
614 1582 675 1649 per
697 1563 816 1629 iudicia
840 1570 872 1629 et
895 1565 1145 1629 coniecturas».

255 1688 358 1752 Facta
380 1706 473 1772 quae,
497 1688 732 1774 utplurimum
756 1689 789 1753 in
813 1688 875 1754 for.
891 1688 1008 1755 eccles.
1033 1690 1128 1755 hodie
1151 1692 1347 1756 accusationi

161 1810 344 1893 subiacent,
367 1819 443 1877 sunt
462 1810 548 1894 sacti
572 1812 788 1885 transeuntis,
802 1813 904 1877 veluti
928 1833 992 1877 non
1017 1813 1223 1879 observantia
1238 1834 1348 1881 mune

162 1958 239 2002 rum
261 1937 472 2018 clericalium,
497 1937 742 2022 parochialium.
759 1938 1007 2019 canonicalium,
1020 1938 1167 2025 aliaeque
1189 1942 1220 2006 id
1245 1961 1346 2027 genus

160 2062 248 2148 legis
269 2062 461 2127 violationes
484 2064 555 2127 aive
577 2063 677 2126 semel
701 2064 826 2148 positae
857 2064 928 2127 sive
959 2064 1086 2149 saepius
1112 2066 1279 2151 repetitae.
1304 2068 1347 2134 At

160 2185 318 2251 delictum
332 2185 418 2267 faeti
429 2184 668 2267 permanentis
683 2186 852 2251 constituit
867 2184 995 2251 libellus
1011 2186 1161 2261 famosus,
1179 2186 1255 2255 item
1270 2210 1345 2256 oon-

159 2308 353 2385 cubinatus,
376 2311 517 2393 itemque
540 2327 606 2373 non
637 2308 848 2374 observantia
870 2330 1050 2382 munerum.
1072 2310 1198 2395 quando
1229 2314 1291 2379 ista
1313 2316 1347 2379 in

158 2440 240 2499 actu
254 2437 478 2518 perseverent,
494 2432 594 2497 veluti
615 2431 806 2497 continuata
827 2432 974 2498 absentia
997 2435 1132 2519 parochi
1147 2454 1167 2499 a
1182 2436 1253 2502 loco
1269 2438 1347 2503 resi·

157 2558 302 2624 dentiae.
327 2555 436 2624 Hodie
458 2558 571 2623 forsan
595 2560 671 2643 quia
693 2561 824 2624 rariora
847 2565 921 2626 sunt
943 2561 978 2625 in
1000 2562 1073 2628 toro
1096 2563 1212 2628 eccles.
1229 2563 1346 2629 delicta

155 2686 248 2768 sacti
265 2686 512 2769 pomoranis,
537 2687 641 2750 minus
667 2687 701 2750 in
724 2706 816 2750 more
841 2692 891 2752 est
914 2686 1011 2753 dictio
1037 2724 1055 2736 -
1080 2709 1205 2773 corpus
1234 2691 1346 2757 delicti

160 2846 180 2858 -
204 2809 261 2874 sed
285 2811 333 2874 rei
356 2809 535 2876 substantia
558 2830 623 2874 non
647 2809 747 2875 deest.
764 2812 802 2876 In
829 2812 906 2876 Inst.
930 2814 984 2877 cit.
1001 2812 1032 2878 S.
1050 2814 1084 2878 Ο.
1101 2813 1170 2878 EE.
1187 2819 1220 2879 et
1236 2815 1306 2880 RR.
1326 2851 1343 2864 -

158 2954 291 3018 carptas
321 2935 434 3001 delicti
458 2970 475 2984 -
500 2935 683 3020 appellatur
715 2934 806 3003 basis
830 2935 915 3019 sacti
944 2937 1119 3006 criminosi
1146 2940 1178 3004 in
1202 2945 1267 3006 art.
1291 2941 1343 3024 15,

157 3061 218 3143 qui
233 3061 279 3125 ita
294 3079 364 3124 rem
381 3060 540 3145 explicat:
560 3061 693 3127 «Basia
705 3058 791 3143 facti
808 3061 984 3128 criminosi
995 3063 1152 3130 constitui
1160 3071 1268 3147 potest
1280 3085 1345 3150 per

156 3185 248 3266 facti
262 3185 464 3251 relationem
483 3204 501 3249 e
518 3204 681 3266 processu
701 3187 919 3269 desumptam
933 3187 1133 3255 authenticis
1146 3189 1343 3258 roboratam

158 3310 465 3396 inforumtiouibus
492 3317 553 3376 aut
582 3311 850 3392 confessionibus
879 3315 1198 3383 eatraiudicialibus
1227 3319 1279 3383 oet
1304 3325 1344 3385 te·

158 3440 266 3505 stium
289 3435 556 3520 depositionibus
576 3441 609 3502 et
632 3437 748 3520 quoad
777 3439 911 3503 titulum
940 3441 1220 3526 transqressionis
1239 3462 1343 3525 prac-

159 3564 260 3648 cepti
274 3564 338 3628 iste
349 3567 480 3628 constat
491 3581 558 3645 per
570 3581 697 3630 nocam
710 3563 952 3630 exhibitionem
965 3566 1091 3632 decreti
1103 3573 1135 3633 ct
1147 3573 1243 3634 actus
1253 3569 1343 3634 indi-

159 3686 284 3754 ctionis
304 3685 417 3751 modis
439 3685 630 3752 enunciatis
649 3686 886 3770 perfectorum
902 3709 930 3750 a.
1189 3763 1193 3772 Ι

252 3808 407 3873 Probatio
437 3805 546 3873 autem
576 3829 659 3893 quae
694 3812 875 3894 requiritur
900 3845 917 3859 -
942 3812 984 3877 de
1014 3831 1157 3895 corpore
1187 3813 1299 3880 delicti
1324 3850 1341 3864 -

159 3935 349 4000 necessario
372 3917 513 4018 praevita'
532 3937 768 4016 contestationi,
793 3955 873 4001 sane
896 3956 961 4000 non
984 3943 1033 4002 est
1057 3937 1198 4003 eiusdem
1221 3939 1342 4006 valoris

37 4143 41 4151 .
159 4067 193 4125 et
216 4056 382 4124 efficaciae
405 4078 446 4122 ac
469 4077 508 4122 ea
532 4060 687 4142 requisita
711 4059 752 4124 ad
774 4062 967 4126 sententiam
992 4061 1295 4128 condemnatoriam.
1323 4099 1340 4112 -

160 4181 326 4267 Siquidem
348 4185 435 4246 totus
458 4201 630 4267 processus
652 4189 807 4248 versatur
830 4203 929 4269 super
953 4203 1096 4268 corpore
1118 4185 1229 4252 delicti
1259 4189 1342 4256 eius·

159 4327 226 4392 que
240 4311 390 4380 auctore,
407 4307 465 4372 sed
479 4307 520 4372 lis
536 4315 585 4372 est
601 4309 829 4373 contestationi
853 4313 981 4374 matura
1001 4327 1097 4393 quum
1113 4312 1190 4376 satis
1206 4319 1340 4384 constat.

160 4443 227 4497 tum
250 4432 291 4498 de
315 4453 380 4497 uno
403 4438 471 4497 tum
494 4431 534 4496 de
556 4432 672 4514 altero,
695 4433 735 4498 ad
760 4433 951 4519 prudentem
975 4437 1223 4503 accusationem.
