3350 5100
321 278 386 345 688
743 298 850 347 11111111
872 297 1079 348 1111111111

324 420 362 472 10.
383 418 534 475 Coercetur
552 421 762 475 mercimonium
781 422 871 493 quoad
891 422 1085 494 eleemosynas
1103 423 1284 477 Missarum.
1322 462 1329 475 .
1362 440 1428 493 pop.
1469 421 1505 476 13

326 528 363 579 il.
384 527 567 597 Explicantur
576 529 771 599 suspensiones
784 529 801 583 l.
812 546 833 601 a.
846 535 1005 585 reservatae
1019 530 1096 585 Rom
1107 531 1238 586 Pontifici
1248 531 1377 586 decretae

428 634 456 688 in
476 636 552 689 nsoic
569 638 733 690 ordinantes
745 640 774 691 st
787 636 814 689 in
828 637 903 691 male
916 639 1067 692 ordinatos.
1082 637 1208 707 Regulus
1222 637 1378 707 generales.
1415 651 1433 692 a
1472 636 1508 690 17

326 742 365 793 12.
385 740 534 810 Suspensio
554 742 570 794 l.
592 761 612 795 s.
632 743 661 795 in
679 746 841 797 ordinantes
859 746 962 813 absque
981 745 1063 799 tituto
1066 784 1378 799 ........
1416 760 1433 800 a
1474 742 1508 797 18

324 847 364 902 13.
383 850 414 901 11
433 848 595 903 ordinantes
608 850 748 903 subditum
762 850 886 906 alienum
898 852 1003 923 absque
1015 851 1247 906 dimissiorialibus
1268 852 1379 918 litteris,

431 956 476 1010 rel
497 958 636 1025 proprium
656 959 761 1028 absque
780 958 1020 1025 dimissorislibus,
1032 976 1117 1030 quum
1130 958 1184 1014 bae
1197 958 1282 1014 semel
1296 974 1380 1028 expe-

434 1067 532 1115 tuntur
566 1103 1378 1121 ...................
1416 1083 1433 1116 n
1475 1065 1511 1118 19

326 1167 365 1221 tt.
388 1166 583 1221 percelluntur
610 1170 792 1239 suspensione
819 1169 835 1223 l.
862 1188 884 1222 s.
913 1175 1055 1225 reservata
1083 1171 1116 1224 tt.
1142 1171 1172 1223 P.
1198 1173 1321 1225 ordinati
1343 1172 1379 1226 ab

430 1276 522 1329 alieno
542 1275 690 1347 Episcopo,
709 1280 736 1331 ei
752 1294 809 1331 non
827 1278 927 1331 ablotis
947 1278 1047 1331 litteris
1059 1279 1316 1347 testimonialibus&
1333 1276 1377 1333 rel

430 1384 465 1435 ab
486 1382 623 1453 Episcopo
643 1400 788 1446 cacomm.,
808 1401 941 1454 susspenso
959 1385 1122 1437 nontinntim
1140 1386 1336 1439 denunciato.
1372 1422 1379 1435 .
1417 1400 1434 1437 n
1472 1383 1511 1437 23

329 1488 367 1540 15.
389 1488 428 1541 Ex
442 1487 579 1557 singulari
592 1490 652 1543 iure
665 1488 799 1544 dioecesis
819 1477 959 1556 romanae,
972 1492 1095 1546 eiusdem
1115 1492 1217 1561 speciei
1236 1490 1381 1560 suspensio

434 1596 537 1649 indicte
557 1602 599 1649 est
618 1600 646 1651 in
665 1598 741 1651 male
760 1600 922 1652 ordinantes
940 1600 1059 1653 etntolc
1078 1602 1247 1653 ordinatos.
1286 1638 1291 1648 .
1330 1638 1336 1650 .
1375 1637 1381 1649 .
1418 1612 1435 1650 1
1473 1598 1511 1649 at

844 1792 940 1850 01111
963 1792 994 1846 ll.

490 1964 520 1995 ne
536 1964 641 1997 ΒῙΙΟΝΙΛ
659 1966 671 1996 l.
690 1965 844 2000 cottarronn
862 1967 890 1997 ΕΤ
908 1966 953 1998 USU
971 1965 1054 1998 RBRUH
1072 1966 1204 1999 SACRARUM
1223 1964 1347 1998 nectunt.

334 2129 371 2181 16.
392 2128 431 2182 De
451 2130 546 2197 poeuis
565 2128 631 2183 latis
649 2130 677 2182 in
697 2130 888 2184 simoniacos.
926 2171 932 2183 .
967 2182 971 2186 ,
971 2168 1334 2184 .........
1369 2147 1436 2199 pop.
1475 2128 1512 2181 27

332 2232 1338 2305 1111111111111111,1111111111οιριίοηιινρωρεηοε.
1377 2275 1384 2288 .
1421 2251 1438 2290 n
1475 2234 1513 2287 28

334 2342 372 2396 18.
394 2341 570 2397 Potissimum
590 2342 748 2411 explicatur
765 2345 906 2397 obiectum
925 2345 1067 2401 simoniae.
1110 2382 1383 2396 .......
1422 2359 1439 2396 n
1475 2341 1515 2395 29

335 2450 372 2503 19.
392 2450 516 2503 Simonis
534 2450 591 2503 alia
610 2452 680 2505 iuris
698 2452 787 2504 diuini
806 2450 951 2505 allaturis
970 2453 1153 2505 ecclesiastici
1153 2489 1382 2503 ......
1420 2463 1438 2504 n
1475 2445 1513 2499 30

330 2555 372 2608 20.
391 2555 534 2615 Quaenam
559 2557 616 2609 sint
642 2573 685 2611 res
703 2556 879 2625 spirituales,
898 2556 1035 2627 aquibus
1052 2555 1173 2610 arcenda
1191 2560 1234 2608 est
1258 2553 1386 2608 simonia.
1423 2569 1439 2604 n
1476 2548 1510 2604 3l

331 2664 374 2717 21.
394 2663 526 2728 Simonis,
544 2665 603 2719 sive
621 2664 708 2718 divini
727 2665 785 2718 sive
804 2662 917 2719 humani
937 2664 1021 2726 iuris,
1041 2668 1084 2718 est
1102 2669 1151 2716 aut
1171 2663 1317 2727 mentalis,
1336 2668 1386 2715 aut

439 2770 665 2836 conventionalia,
678 2774 728 2824 aut
746 2772 906 2833 reatinam
921 2773 1019 2823 mixta
1033 2801 1044 2810 -
1061 2769 1285 2824 conventionalia
1304 2767 1387 2820 simo·

440 2878 502 2931 nise
521 2877 628 2944 species
647 2881 690 2931 ost
708 2879 921 2946 confidentioiis.
946 2877 1088 2938 Quomodo
1111 2876 1181 2930 baec
1199 2876 1335 2930 consistat
1358 2875 1387 2928 in

441 2983 529 3052 pactis
547 2988 747 3038 reseruationis
754 3019 1386 3037 ...............
1424 2995 1441 3034 »
1476 2977 1516 3033 32

333 3091 375 3142 22.
395 3088 465 3150 Quid
484 3087 605 3156 speciale
625 3089 728 3144 habeat
746 3089 837 3160 quoad
856 3105 959 3160 poenas
978 3088 1158 3143 incurrendae
1159 3126 1388 3141 ......
1425 3099 1443 3140 1
1478 3082 1515 3137 34

335 3193 377 3247 23.
398 3193 500 3249 Utrum
514 3193 648 3249 redimere
661 3201 791 3250 vexatam
805 3194 975 3264 prohibitum
992 3196 1030 3263 sit
1042 3201 1073 3250 et
1083 3195 1195 3267 quaudo
1208 3199 1271 3250 isare
1284 3193 1388 3247 diemo.
1427 3209 1444 3242 a
1477 3191 1516 3243 ib.

335 3303 377 3355 24.
399 3301 437 3355 De
456 3304 587 3357 mercede
605 3304 741 3371 praestita
760 3318 810 3372 pro
824 3304 919 3358 labore
938 3303 1086 3358 ministerii
1107 3303 1251 3369 saeuiant
1270 3317 1321 3371 pro
1338 3317 1391 3370 ape

442 3408 477 3460 sb
490 3408 587 3460 amicis
599 3408 840 3479 interpositaque
851 3409 956 3461 utimur
968 3409 1003 3462 ad
1014 3425 1058 3462 res
1066 3425 1160 3462 sacras
1173 3405 1388 3477 consequendas.
1426 3417 1444 3458 ›
1480 3401 1519 3454 36

337 3513 379 3567 25
399 3511 428 3565 lu
443 3513 633 3582 permutandis
647 3516 729 3568 rebus
741 3515 935 3598 spiritualibus
945 3515 1019 3568 iuter
1031 3532 1060 3569 se
1073 3531 1128 3569 non
1138 3513 1298 3567 admittitur
1309 3511 1391 3565 simo·
1482 3565 1487 3572 ,

443 3623 499 3688 uia,
518 3629 548 3676 nt
566 3623 685 3676 simonia
703 3625 773 3677 iuris
799 3625 982 3678 ecclesiastici
1006 3623 1164 3678 admittitur
1188 3621 1340 3692 aliquando
1363 3620 1391 3672 iu

444 3730 634 3798 permutandis
653 3731 736 3783 rebus
756 3730 956 3799 temporalibus
974 3729 1168 3799 spiritualibus
1186 3728 1309 3790 adnexis
1341 3766 1347 3780 .
1386 3766 1392 3778 .
1430 3743 1446 3776 n
1482 3723 1520 3778 37

338 3836 379 3889 26.
400 3834 514 3897 Quando
532 3838 635 3890 bonrum
654 3835 802 3905 spirituale
820 3840 850 3890 et
867 3835 1022 3904 temporale
1042 3837 1088 3887 uni
1108 3836 1254 3904 eidemque
1276 3831 1394 3896 11111111,

447 3958 500 3996 111
519 3943 705 3996 committitur
724 3943 844 3997 simonia
845 3978 1392 3996 .............
1430 3951 1448 3990 »
1484 3933 1523 3992 ³8

299 4051 302 4060 '
339 4049 381 4102 27.
403 4049 443 4102 Ex
460 4051 694 4118 propositionibus
712 4049 756 4115 45,
769 4050 804 4102 16
824 4050 859 4102 sb
878 4050 936 4102 1111.
951 4049 989 4102 111
1009 4048 1148 4102 damnatis
1166 4045 1302 4117 sequitur,
1320 4056 1393 4098 com·

447 4156 521 4210 mitti
542 4155 688 4210 simoniam
714 4172 776 4209 cum
803 4154 957 4225 temporale
976 4155 1058 4208 datur
1084 4160 1226 4225 tamquam
1252 4155 1393 4216 morienna,

447 4268 496 4316 1111
514 4273 654 4333 tamqnam
673 4265 796 4334 protuitn
815 4264 1014 4332 compensatio,
1028 4266 1077 4316 aut
1096 4259 1251 4331 temporale
1270 4263 1313 4314 est
1330 4259 1395 4328 finis

448 4369 535 4436 ipsius
553 4369 592 4424 rei
613 4369 769 4438 spiritualis
806 4403 1391 4420 ..............
1430 4379 1445 4414 n
1482 4363 1520 4416 ib.
