3350 5100
333 279 398 346 398
841 298 925 344 rans
949 299 998 344 ιιι.

333 423 448 488 idonea
463 445 494 486 ι.
521 423 590 488 Art.
606 422 686 487 398:
706 441 723 482 ι
741 421 773 486 Si
798 426 905 494 testes,
931 419 1108 503 dequibus
1131 421 1224 484 modo
1247 441 1355 485 sermo
1380 421 1504 486 habitus

332 553 389 619 est,
414 549 445 610 in
470 548 597 632 singula
619 547 782 631 explicata
805 545 909 611 classe
936 546 1046 632 plures
1069 550 1144 610 sunt
1166 561 1262 630 quam
1292 545 1355 611 duo
1378 553 1412 610 et
1433 552 1504 610 sunt

332 677 505 746 contestes,
528 671 647 737 sufficit
675 671 754 738 duos
777 691 819 736 ex
843 671 894 735 his
924 691 1043 736 vocare
1073 691 1133 756 pro
1163 671 1290 755 singulo
1320 671 1418 736 iacto.
1450 671 1506 738 Ast

332 799 484 864 defensor
506 798 649 864 accusati
673 799 807 883 exigere
830 802 936 882 potest
950 801 986 860 ut
999 815 1113 861 omnes
1135 802 1294 861 vocentur
1308 817 1405 879 quum
1422 796 1504 860 arbi·

332 929 437 992 tretur
460 922 535 989 inde
558 943 677 988 eruere
700 924 898 987 variationes
920 926 976 986 aut
999 920 1271 988 contradictiones
1285 922 1318 986 in
1333 922 1506 988 attestatio

333 1049 424 1114 nibus
442 1071 471 1111 a.
496 1047 614 1115 Iudicis
636 1053 743 1114 autem
767 1054 816 1112 est
837 1047 1009 1112 admittere
1032 1047 1084 1112 vel
1101 1049 1215 1132 partim
1241 1068 1396 1132 respuere
1412 1067 1506 1113 accu-

332 1175 393 1239 sati
417 1173 613 1259 petitionem.
640 1207 656 1220 -
683 1173 734 1236 Ex
758 1171 851 1236 novis
872 1170 1129 1236 attestationibus
1159 1172 1306 1235 variatur
1325 1159 1507 1256 ‘aliquando

333 1301 385 1365 vel
407 1299 491 1382 facti
512 1299 640 1381 species
663 1298 714 1362 vel
739 1297 855 1363 titulus
878 1295 1113 1377 accusationis,
1138 1297 1181 1361 uti
1206 1297 1347 1361 advertit
1361 1302 1425 1361 art.
1444 1295 1506 1361 429

333 1429 386 1492 cit.
411 1426 480 1491 cod.
505 1427 604 1510 Greg.
635 1425 700 1508 qui,
729 1425 814 1488 inter
845 1424 919 1503 alia,
943 1424 1063 1495 statuit,
1092 1424 1128 1488 id
1158 1422 1251 1508 quod
1279 1423 1435 1507 seqnitur
1465 1442 1508 1488 eae

332 1552 428 1619 navis
450 1550 710 1634 probationibus
740 1551 923 1633 efformare
955 1549 1062 1615 basim
1093 1548 1220 1629 indicii,
1244 1549 1401 1634 quamuis
1428 1549 1508 1612 inde

333 1674 498 1741 habeatnr
520 1673 699 1742 diuersitas
721 1673 758 1739 in
781 1674 878 1739 tituto
902 1675 1128 1740 accusationis
1151 1678 1252 1740 antea
1282 1679 1507 1756 contestatam·

332 1803 362 1863 et
389 1797 514 1864 caindo
538 1775 621 1863 nata
636 1815 724 1864 nouo
751 1797 977 1866 accusationis
1005 1797 1099 1862 tituto
1126 1795 1413 1879 conformandam
1437 1815 1507 1862 esse

331 1921 541 1988 senteutiam.
1333 1998 1336 2007 Ι

422 2047 496 2112 330.
523 2049 560 2113 ln
584 2067 724 2128 summa,
756 2047 839 2114 haec
862 2055 911 2114 est
934 2049 1017 2116 ratio
1047 2048 1251 2134 procedendi.
1284 2051 1507 2114 Accusationis

333 2171 368 2236 fit
391 2170 495 2236 finalis
517 2173 709 2238 contestatio
732 2192 791 2255 per
814 2171 993 2257 appositum
1016 2169 1158 2236 libellum
1181 2192 1244 2255 quo
1267 2173 1298 2236 ei
1313 2171 1507 2237 denuncian-

332 2303 394 2378 tur,
418 2316 478 2382 per
501 2315 651 2382 suprema
673 2298 789 2383 capita,
813 2303 1006 2382 argumenta
1028 2317 1111 2380 quae
1134 2298 1223 2362 illum
1246 2302 1409 2363 accusant
1436 2301 1505 2365 Non

333 2419 368 2486 lit
382 2420 464 2487 haec
487 2421 676 2486 contestatio
700 2422 759 2486 nisi
784 2421 892 2486 audito
915 2426 1098 2506 promotore
1123 2419 1234 2493 fiscali,
1254 2423 1304 2506 qui
1327 2422 1506 2507 perpendet

332 2567 372 2613 an
399 2546 559 2631 inquisitio
582 2550 710 2611 secreta
733 2566 770 2611 eo
794 2546 835 2611 sit
858 2526 1016 2632 producta
1039 2553 1073 2611 ut
1094 2546 1247 2631 expediat
1268 2552 1504 2615 accusationem

332 2674 438 2738 edere.
466 2674 642 2737 Accusatus
666 2692 724 2756 per
747 2672 1013 2737 contestationem
1044 2672 1192 2757 agnoscit
1213 2675 1347 2746 crimen,
1376 2674 1416 2738 de
1443 2696 1503 2757 quo

332 2799 512 2885 postulatur
535 2804 567 2862 et
590 2816 710 2882 poenas
734 2799 762 2862 ei
787 2796 850 2862 hoc
872 2797 964 2862 titulo
987 2797 1197 2863 comminatas
1212 2801 1286 2864 etsi
1306 2801 1413 2864 statim
1438 2802 1506 2865 vult

330 2924 510 2989 contrarias
533 2922 828 2987 animadversiones
844 2922 966 3004 iacere,
982 2922 1122 2994 auditur,
1139 2922 1195 2987 sed
1218 2924 1293 3005 quia
1316 2943 1379 2987 non
1399 2924 1504 2988 adhuc

330 3050 498 3135 cognoscit
515 3054 637 3113 textum
655 3047 855 3134 singularum
878 3048 1117 3113 attestationum
1132 3052 1190 3113 aut
1204 3048 1501 3120 instrumentorum,

330 3175 458 3259 plenam
481 3173 710 3249 defensionem,
736 3175 786 3238 his
809 3193 875 3238 non
898 3173 1062 3259 perlectis,
1078 3171 1241 3239 conticere
1258 3194 1320 3237 non
1340 3174 1436 3239 valet.
1453 3174 1502 3268 lid

331 3300 393 3366 hoc
405 3300 543 3385 postulat
553 3305 701 3365 actorum
712 3300 1047 3371 communicationem,
1060 3303 1094 3363 at
1106 3298 1187 3365 haec
1200 3318 1264 3363 non
1276 3297 1312 3365 fit
1324 3299 1383 3363 nisi
1397 3300 1502 3382 pubii-

259 3516 264 3525 .
331 3432 404 3493 cato
424 3444 597 3509 processu.
623 3426 708 3491 Huic
738 3425 945 3509 publicationi
976 3425 1155 3492 consentiat
1183 3430 1311 3510 oportet
1341 3431 1502 3509 promotor
1619 3445 1628 3504 ;

330 3549 457 3623 fiscalis,
475 3552 527 3615 cui
542 3571 562 3615 a
577 3550 640 3616 iud.
659 3552 865 3631 instructore,
882 3569 941 3634 pro
958 3552 1142 3615 necessario
1158 3552 1318 3632 examine,
1333 3550 1502 3616 traduntur

330 3680 402 3741 acta
425 3679 458 3740 et
479 3679 626 3741 actorum
649 3676 823 3741 restrictus
846 3674 899 3759 qui
923 3674 1049 3740 facilius
1065 3673 1171 3739 reddit
1193 3694 1342 3739 examen.
1360 3675 1412 3741 Ex
1435 3676 1500 3761 ipsa
1622 3753 1626 3768 Ι

330 3800 555 3885 publicatione,
572 3818 743 3886 processus
759 3805 809 3866 est
824 3800 1031 3886 legitimatus
1045 3802 1078 3863 et
1094 3804 1218 3864 tentum
1234 3801 1256 3863 ii
1272 3804 1371 3865 testes
1387 3819 1501 3864 vocan-
1622 3817 1627 3826 ·

331 3934 384 3991 tur
407 3926 445 3991 ad
469 3925 703 4010 repetitionem
725 3932 780 3991 aut
804 3924 1121 4007 consumationem,
1138 3926 1191 4009 qui
1215 3926 1247 3988 in
1269 3927 1408 4011 repetito
1430 3944 1499 3990 exa·

330 4052 416 4116 mine
428 4056 484 4116 aut
494 4049 640 4117 admissis
652 4052 747 4116 iactis
764 4050 1069 4136 interrogationibus
1082 4058 1332 4136 praesumuntur
1347 4052 1501 4116 inservire
1625 4048 1630 4060 '

330 4178 458 4241 veritati
483 4174 689 4261 detegendae.
708 4212 723 4225 -
743 4176 896 4242 Libenter
912 4177 1118 4261 excipiuntur
1141 4195 1160 4240 a
1183 4176 1288 4241 iudice
1309 4176 1384 4241 novi
1407 4180 1500 4240 testes

331 4322 372 4368 ex
388 4307 480 4388 parte
496 4301 653 4375 commati,
672 4322 734 4367 non
755 4304 802 4368 ita
817 4302 912 4368 facile
929 4322 971 4367 ex
987 4307 1079 4387 parte
1095 4301 1312 4369 coamatores.
1326 4338 1339 4348 ·
1354 4302 1400 4367 De
1415 4301 1499 4365 bisce
1627 4287 1631 4376 ζ

329 4431 421 4495 navis
432 4428 688 4500 attestationibus
704 4427 740 4495 fit
751 4450 876 4520 quoque
889 4429 1075 4518 publicatio
1091 4428 1131 4497 ad
1147 4430 1333 4500 instantiam
1349 4430 1496 4499 accusati.
1627 4509 1631 4522 Ι
