3350 5100
527 309 571 355 nn
598 307 753 355 nnmcms
776 309 819 355 nn
842 307 961 354 posuis
1268 287 1333 355 103

153 431 339 494 commercii
361 450 419 496 sen
443 430 590 516 publicae
613 432 860 497 existimationis
883 429 988 514 quoad
1007 429 1152 495 valorem
1177 432 1332 515 pecuniae

152 560 317 620 mutuatae
330 555 388 640 (l).
403 556 451 622 Gi.
465 556 660 630 Lebmlmhb
677 558 698 622 t.
714 558 768 624 cit.
782 591 801 605 ·
814 557 847 622 S.
861 554 1010 624 Officium
1026 555 1226 642 approbante
1243 557 1334 642 Papa

152 679 211 743 Pio
234 679 331 752 Vlll,
355 679 412 745 die
432 679 475 746 18
496 677 586 766 Any.
609 672 892 765 1830resp0i1du
914 699 984 746 non
1007 697 1078 746 esse
1093 679 1333 764 inquietandos

151 808 204 890 qui
227 806 291 870 hoc
313 806 419 876 titulo,
442 808 477 870 in
504 806 673 891 exigendis
695 805 856 872 fructibus
879 825 922 871 ex
945 811 1065 878 mutuo,
1090 805 1275 872 utebantur.

239 930 294 994 75.
319 931 401 994 Item
424 931 474 994 ius
496 932 667 1015 positivum
683 932 903 996 Romanorum
920 931 1120 1015 recognovit,
1136 949 1251 995 usuras
1266 949 1332 994 non

151 1053 263 1120 deberi
286 1057 321 1119 ui
343 1057 462 1135 mutui,
486 1055 542 1120 sed
566 1056 759 1141 repetendas
791 1076 862 1121 esse
885 1073 927 1120 ex
951 1053 1077 1120 adiecta
1106 1054 1330 1138 stipulatione;

150 1199 221 1264 arg.
236 1179 327 1243 Prel.
343 1181 424 1245 lnst.
450 1179 576 1251 Quibus
597 1180 709 1246 modis
730 1199 770 1246 re
793 1186 878 1246 cent.
904 1179 967 1246 obi.
992 1183 1026 1243 et
1047 1178 1118 1250 1.2‚
1141 1177 1245 1262 ffiDe
1259 1177 1328 1244 reb.

149 1305 258 1387 meniu
273 1323 338 1370 non
354 1323 449 1370 secus
463 1305 616 1370 statuitur
631 1306 665 1368 in
681 1302 850 1370 codicibus
865 1303 1056 1388 populorum
1073 1301 1235 1377 civilium;
1253 1300 1329 1368 Ood,

149 1431 218 1496 (liv.
243 1429 358 1496 Gellio.
382 1449 413 1493 e.
440 1429 534 1495 1892.
561 1431 600 1496 lt
626 1429 722 1501 1819,
746 1431 839 1494 Aust.
863 1427 930 1494 983
953 1427 1009 1514 (2).

238 1660 279 1731 (l)
297 1660 339 1714 Ol.
358 1659 439 1714 Senti
458 1659 486 1713 in
503 1661 532 1713 lt.
552 1663 592 1713 tit.
610 1677 638 1712 n.
657 1660 694 1712 14
712 1675 768 1730 seq.
786 1659 898 1714 videtui·
914 1659 1028 1713 titulum
1049 1659 1121 1728 lepis
1140 1657 1215 1712 velle
1233 1657 1331 1712 distin·

146 1783 236 1835 gnere
254 1767 290 1819 eb
309 1764 373 1818 eliis
392 1764 484 1819 titulis
501 1765 695 1819 communibus
713 1765 760 1819 sed
779 1767 883 1819 frustra
902 1765 1020 1819 laboret.

238 1871 278 1942 (2)
299 1871 441 1926 Benedict
460 1871 527 1924 xlv
544 1871 574 1923 in
598 1870 652 1924 litt.
671 1885 689 1924 ‹
709 1872 762 1923 Vin
778 1871 943 1940 peruenit>
967 1874 984 1934 ἓ
1007 1869 1025 1924 3
1044 1870 1177 1926 advertit:
1196 1882 1214 1926 <
1232 1869 1330 1941 Neque

146 1979 216 2031 item
235 1982 366 2046 negetur,
389 1991 469 2046 posse
492 1975 635 2030 multoties
661 1976 807 2044 pecuniam
831 1977 866 2029 eb
892 1991 1058 2046 unoquoque
1082 1993 1160 2030 suem
1186 1993 1235 2046 per
1260 1975 1331 2042 elios

145 2085 257 2139 diverse
274 2099 387 2151 prorsus
407 2099 424 2136 e
442 2083 532 2136 mutui
551 2088 653 2137 nature
671 2087 833 2136 contractus
848 2087 922 2138 reete
935 2083 1069 2136 collocari
1088 2087 1119 2137 et
1136 2083 1258 2152 impendi
1271 2083 1330 2139 sive

145 2191 182 2244 ed
195 2197 347 2260 proventus
358 2190 412 2242 sibi
426 2205 532 2242 annuos
545 2188 748 2259 conquirendos
761 2189 820 2243 sive
830 2189 916 2244 etiem
930 2188 963 2242 sd
976 2186 1084 2242 licitum
1094 2195 1281 2244 mei-ceturam
1283 2228 1330 2244 .....

146 2297 323 2366 honesteque
346 2294 445 2348 itidem
469 2294 547 2347 lucra
571 2294 749 2364 percipienda
767 2308 793 2351 t.
812 2294 884 2348 Inibi
906 2295 1008 2350 Bened.
1027 2294 1094 2348 XIV
1119 2295 1214 2350 modos
1237 2294 1330 2350 innuit

145 2404 249 2474 quibus
265 2404 297 2456 in
309 2401 437 2456 Ecclesia
455 2416 542 2472 usque
553 2399 663 2455 licitum
681 2402 736 2454 init
748 2401 893 2471 percipere
905 2401 1014 2456 lucrum
1027 2418 1076 2471 per
1089 2400 1234 2456 honestem
1248 2417 1330 2470 pecu·
1415 2415 1418 2421 ·

144 2513 211 2567 uiae
222 2510 455 2581 negotiationem,
468 2508 599 2562 nimirum
613 2524 663 2578 per
675 2525 783 2573 censue,
796 2525 846 2578 per
860 2511 975 2575 cambia,
989 2525 1038 2579 per
1056 2511 1231 2563 contractum
1244 2512 1330 2565 socie·

145 2622 217 2673 taus.
231 2646 248 2657 -
261 2616 367 2671 Census
386 2622 430 2670 est
447 2616 537 2670 recise
554 2619 604 2669 eut
612 2616 776 2686 personalis
789 2646 813 2668 -.
828 2615 934 2671 Census
948 2614 1032 2669 realis
1044 2625 1084 2669 est
1097 2618 1141 2669 ius
1153 2618 1329 2687 percipiendi

66 2799 70 2803 Δ
143 2728 253 2781 reditus
264 2741 303 2779 ece
311 2724 432 2795 mendic
443 2725 555 2793 aliqum,-
572 2727 602 2777 et
620 2723 736 2792 proinde
748 2739 841 2777 emere
855 2722 907 2777 boc
920 2724 963 2777 ius
976 2722 1084 2776 nullam
1097 2722 1224 2778 continet
1236 2722 1328 2779 lehem

144 2831 292 2893 simoniae,
303 2830 396 2900 prouti
411 2832 545 2899 probetur
563 2846 598 2885 ex
616 2829 710 2883 Censt
723 2830 841 2884 Martini
855 2830 880 2882 V
893 2830 1010 2885 liutran.
1025 2830 1040 2883 1
1053 2830 1095 2884 De
1108 2846 1179 2900 emp.
1199 2840 1225 2884 et
1242 2833 1327 2885 nenti.

143 2945 219 2994 inm
239 2956 377 2994 commun.
397 2943 479 2992 etex
498 2937 594 2991 Const.
613 2937 656 2991 Pii
676 2938 701 2989 V
723 2938 791 2993 Cum
809 2954 888 2992 onus.
908 2936 1014 2992 Census
1037 2940 1080 2993 est
1100 2938 1261 3008 personatis
1279 2938 1327 3009 qui

144 3047 329 3102 constituitur
346 3062 403 3101 non
421 3062 504 3114 super
523 3060 553 3099 re
571 3043 669 3115 ulique
684 3045 831 3099 fructifera
856 3044 903 3100 sed
925 3060 1008 3113 supet·
1033 3061 1151 3114 persone
1174 3045 1329 3100 venditoris

144 3155 192 3225 qui
210 3154 265 3207 sibi
284 3158 315 3207 et
332 3153 391 3206 suis
408 3151 558 3207 heredibus
576 3152 779 3222 obligationem
798 3152 917 3221 imponit
941 3150 1066 3207 solvendi
1089 3156 1195 3207 centem
1218 3153 1327 3223 pensio·

145 3278 207 3317 nem
227 3277 263 3315 ex
281 3259 420 3314 industrie
437 3263 467 3314 et
484 3258 582 3313 lsboue
599 3275 658 3313 suo.
678 3259 759 3313 Acris
779 3259 906 3329 quaestio
924 3260 998 3314 intei-
1014 3258 1078 3327 bn,
1097 3276 1133 3313 nn
1154 3258 1200 3313 hic
1219 3277 1327 3327 census,

144 3387 178 3423 ex
197 3369 260 3423 inre
284 3371 417 3434 naturae,
436 3370 511 3422 esset
534 3366 643 3436 species
667 3366 757 3420 mutui
781 3368 834 3419 sub
858 3366 950 3423 usuris
967 3372 997 3422 et
1015 3366 1080 3422 binc
1100 3366 1270 3438 prohibitus:
1291 3370 1326 3421 ci.

144 3475 246 3530 Βουοά
264 3474 331 3529 xvi
350 3475 369 3526 l.
389 3475 434 3528 cit.
453 3473 525 3535 Quin
549 3472 667 3542 periculi
693 3472 793 3542 plenus
817 3479 861 3529 est
886 3473 931 3528 bic
956 3478 1134 3539 contractus,
1153 3475 1326 3543 proscriptus

143 3584 198 3637 init
222 3599 240 3636 e
257 3582 309 3636 Pio
328 3580 465 3635 V'Const
488 3581 558 3636 Cum
582 3598 659 3634 enm.
679 3608 693 3622 -
716 3579 745 3633 Si
769 3595 835 3635 vero
861 3581 964 3634 alicubi
989 3579 1060 3634 beec
1084 3579 1178 3634 Const
1202 3595 1258 3633 uon
1283 3584 1326 3634 est

144 3694 266 3759 recepte,
283 3688 326 3742 nti
344 3687 427 3743 decet
445 3684 547 3742 Bened.
566 3687 632 3742 XIV
651 3688 674 3740 t.
694 3690 739 3741 cit.
758 3690 827 3741 tunc
844 3687 1047 3743 observandum
1066 3691 1109 3741 eet
1128 3686 1172 3739 ius
1187 3685 1327 3752 naturale,

143 3795 225 3866 quod,
235 3795 316 3849 iuxte
332 3793 504 3848 sententium
517 3794 620 3849 Bened.
632 3793 700 3847 xiv
720 3794 738 3846 l.
753 3796 807 3861 cit,
826 3793 976 3862 proscribit
993 3792 1067 3847 bunc
1086 3795 1270 3855 contractum,
1282 3790 1325 3845 uti

143 3902 242 3969 mutui,
254 3902 307 3955 sub
319 3900 413 3955 usuris
429 3900 554 3969 leuvetis,
567 3905 750 3955 contractum.
765 3899 869 3955 Verum
888 3916 944 3954 uon
962 3916 1058 3955 omnes
1077 3898 1132 3952 DD.
1146 3896 1325 3963 conveniunt,

143 4025 258 4063 censum
271 4007 455 4078 personalem
473 4024 534 4062 esse
554 4012 680 4061 mutuum
698 4007 751 4061 sub
770 4007 871 4069 usuris,
889 4009 919 4061 et
931 4005 997 4059 binc
1010 4004 1182 4076 prohibitum
1201 4003 1323 4059 naturali

143 4116 215 4177 inre,
231 4114 287 4169 imo
299 4115 472 4169 contrarium
484 4114 567 4169 docet
580 4111 736 4169 Lehmkubl
753 4114 771 4165 i.
786 4132 807 4167 c.
822 4142 836 4155 ·
849 4111 955 4168 Census
974 4116 1017 4167 est
1035 4114 1137 4165 notuit
1155 4128 1206 4167 sue
1225 4128 1324 4183 perpe·

143 4220 276 4286 tuunsed
293 4237 330 4275 ex
347 4220 532 4275 conventione
551 4222 585 4274 nt
601 4220 788 4284 redimibilie5
807 4219 830 4274 si
850 4220 924 4275 enim
942 4219 1054 4274 ineatur
1067 4234 1165 4273 census
1184 4218 1218 4273 ed
1235 4221 1323 4275 vitem

142 4326 246 4379 dicitnr
261 4327 406 4381 vitalitium
427 4356 443 4367 -
464 4328 608 4382 cambium
627 4331 672 4380 est
689 4327 859 4395 permutatio
872 4325 1006 4397 pecuniae
1018 4342 1081 4379 cum
1095 4325 1238 4380 moderato
1250 4343 1325 4380 cem·

143 4431 234 4503 psoris
250 4432 329 4487 lucro
347 4432 420 4504 quod
438 4433 528 4487 tribus
554 4432 643 4487 modis
667 4433 728 4488 fieri
754 4449 842 4504 usque
868 4433 1031 4503 permissum
1055 4432 1125 4495 suin
1145 4430 1189 4488 vel
1215 4432 1325 4488 scilicet
