3350 5100
1105 10 1652 240 ’τ’

354 506 629 584 propterquam
652 501 959 567 enccmmnnicatic
978 500 1193 584 proseratur.
1219 503 1427 584 Eaemptum
1456 522 1540 568 vero

359 624 554 691 huiusmodi
575 628 768 707 scripturae
791 632 946 691 teneatur
973 625 1269 693 encommnnicuto
1285 627 1425 693 tradere
1442 626 1543 710 infra

356 769 517 833 mensem
544 751 574 816 si
605 750 710 833 suerit
739 752 975 836 requisitus...
1000 750 1042 815 lit
1066 750 1150 816 haec
1178 751 1299 817 eadem
1330 751 1368 815 in
1397 771 1541 835 mspen·

358 873 510 941 sionna
525 874 696 941 interdicti
710 875 883 941 sententiis
896 875 1054 941 volumus
1077 874 1253 941 obseruari
1269 898 1301 937 ›.
1325 875 1543 941 Nihilominus

357 1004 516 1065 oretenus
537 1000 603 1063 lata
626 1018 765 1063 censura
787 1000 876 1063 valet
898 999 1069 1064 dummodo
1092 969 1225 1066 monitio
1249 1002 1485 1083 praecesserim
1500 1003 1544 1065 si·

356 1121 485 1206 quidem
511 1121 663 1186 Pontifex
686 1142 807 1206 poenas
823 1123 914 1187 ictae
927 1127 1010 1187 sent.
1028 1122 1094 1187 sert
1116 1123 1213 1206 (quae
1236 1122 1480 1205 obsoleverunt)
1504 1125 1540 1188 in

356 1244 477 1309 iudices
493 1245 651 1310 violantes
667 1244 750 1309 hauc
774 1244 879 1330 legem
903 1250 938 1309 et
959 1243 1075 1309 deiude
1095 1250 1206 1309 cavet:
1228 1266 1245 1305 ι
1262 1244 1431 1326 Superior
1444 1264 1541 1327 cero,

356 1372 403 1436 ad
425 1390 529 1455 quem
547 1370 750 1448 resumitur,
773 1370 975 1435 sententiam
997 1370 1111 1451 ipsam
1131 1369 1206 1435 sine
1228 1369 1426 1454 difficultate
1447 1372 1542 1437 reta·

354 1514 489 1560 anns...
514 1516 545 1558 a.
575 1496 672 1579 Atqui
700 1514 765 1557 non
786 1496 969 1559 retaautnr
996 1496 1157 1558 sententia
1186 1496 1294 1559 natta.
1320 1528 1338 1543 ·
1363 1494 1396 1562 Si
1428 1496 1542 1579 aliqua

359 352 425 417 514
866 376 948 422 ruas
981 378 1031 423 ιιι.

354 1621 464 1703 gravis
488 1624 603 1705 urgeat
627 1620 810 1689 necessitas.
836 1638 878 1681 ua
902 1618 1014 1683 illicita
1037 1617 1163 1702 quidem
1188 1618 1325 1683 dicenda
1354 1627 1437 1685 esset
1463 1641 1539 1685 sen-

353 1744 455 1806 tentia
478 1762 643 1808 censurae
666 1748 823 1809 oretenns
845 1743 927 1807 tata.
951 1742 1000 1809 cf.
1025 1740 1234 1814 D'Annibale
1259 1743 1287 1806 l.
1310 1762 1345 1806 n.
1369 1740 1456 1808 329.

444 1866 518 1933 490.
534 1868 707 1939 Cessurae,
721 1867 820 1933 semel
836 1886 877 1931 ac
888 1867 1065 1953 irrepatae
1076 1871 1161 1947 surii7
1173 1867 1406 1933 executionem
1420 1886 1539 1934 secum

353 1992 502 2072 trahunt,
520 2011 591 2077 arg.
609 2012 636 2057 c.
652 1990 711 2065 53.
736 1992 797 2075 51,
822 1993 870 2056 ιιι.
896 1992 947 2056 De
960 1993 1086 2074 appell.
1110 1992 1146 2057 X
1149 2011 1164 2075 ;
1187 1998 1221 2055 et
1241 1992 1416 2076 appellatio
1439 1991 1541 2057 datur

352 2124 475 2183 motum
500 2120 531 2183 in
556 2118 755 2197 desolative,
780 2138 845 2181 nou
868 2118 902 2181 iu
923 2118 1131 2200 mnpnidoc.
1154 2116 1229 2212 ιιιοι.
1249 2117 1307 2187 ιιι.
1332 2137 1363 2181 u.
1388 2117 1443 2182 86.

442 2241 518 2307 491.
538 2244 671 2325 iuquam
683 2242 874 2327 imopctca·
885 2260 960 2305 nam
974 2242 1201 2306 comminatae
1211 2239 1287 2304 dum
1303 2246 1388 2309 suut
1400 2261 1460 2305 seu
1471 2241 1543 2305 edi·

351 2364 393 2428 tis
409 2366 472 2429 iam
488 2364 728 2431 monitionibus
750 2370 785 2428 at
799 2364 941 2429 nondum
958 2362 1152 2428 denunciata
1168 2365 1461 2445 condemnatione,
1481 2366 1541 2431 vel

352 2488 423 2554 lata
447 2506 585 2554 censura
602 2493 652 2554 est
666 2486 722 2553 sed
737 2486 795 2554 sub
819 2486 1003 2552 conditione
1017 2486 1228 2571 snspennm,
1244 2488 1271 2552 si
1287 2488 1419 2552 interim
1433 2489 1541 2556 iudex

350 2614 548 2696 conceptione
573 2613 752 2698 repellatur
774 2619 831 2679 aut
859 2615 904 2678 uti
930 2614 1161 2696 incompetens
1183 2619 1240 2679 aut
1268 2623 1454 2695 suspectus
1478 2621 1541 2680 aut

350 2741 512 2804 sententia
524 2739 797 2806 comminationis
812 2738 987 2823 impetatur
997 2738 1240 2822 appellatione
1251 2743 1328 2802 tuno
1339 2736 1375 2804 fit
1387 2745 1423 2802 ut
1435 2741 1541 2804 iuter·

350 2864 488 2947 cipiatur
505 2883 675 2948 processus
691 2883 710 2928 a
727 2863 830 2927 iudice
847 2862 1017 2928 incohatus
1029 2868 1062 2927 et
1077 2861 1269 2947 impediatur
1280 2863 1538 2940 condemnatio,
1647 2860 1648 2881 ¹

349 2987 402 3052 vel
418 2989 514 3051 etiam
528 2986 707 3051 omnimode
724 2986 929 3052 rescindatur
943 2987 1114 3066 sententia,
1127 2991 1162 3050 ut
1172 3005 1250 3050 ecce
1262 2988 1288 3050 si
1304 2985 1540 3071 appellationis
1645 3048 1646 3053 ,

340 3077 446 3176 ιιιιιοιι
470 3111 625 3176 decernat
648 3131 712 3175 uou
736 3131 807 3176 esse
830 3110 936 3174 locum
959 3109 1145 3175 sententiae
1166 3129 1341 3176 emmanue.

441 3235 515 3299 492.
538 3233 705 3300 Hactenus
720 3235 760 3299 de
776 3235 938 3298 sententia
957 3233 1249 3313 condemnatoris,
1266 3235 1359 3298 cuius
1374 3239 1425 3298 est
1444 3235 1537 3300 irre

347 3373 432 3440 pane
456 3375 628 3420 censuram
644 3357 707 3420 iam
724 3358 968 3429 comminatam;
985 3373 1028 3418 ex
1047 3353 1186 3418 adverso
1202 3354 1435 3420 deciaratoria
1459 3374 1535 3419 sen·
1642 3386 1643 3437 p

346 3483 448 3547 tentia
471 3501 536 3544 non
557 3481 622 3546 feri
636 3480 693 3546 sod
713 3481 818 3554 edicit,
836 3501 1007 3545 censuram
1031 3481 1094 3544 iam
1119 3499 1191 3545 esse
1214 3479 1402 3546 incursum.
1419 3480 1532 3554 Quare

346 3623 517 3687 processus
542 3601 793 3687 praemittendus
816 3602 893 3667 huic
916 3603 1097 3666 sententiae
1120 3619 1184 3664 uon
1209 3599 1379 3666 ordinatur
1393 3603 1436 3666 ad
1451 3622 1532 3687 pro-

345 3727 482 3792 bandam
500 3727 613 3811 culpae
629 3729 822 3812 gravitatem
846 3732 880 3791 et
904 3729 952 3790 rei
975 3727 1222 3798 contumaciam.
1239 3725 1295 3790 sed
1319 3726 1394 3792 heic
1409 3728 1530 3813 agitur,

344 3850 384 3916 de
408 3851 575 3936 probando
593 3850 685 3933 facto
702 3853 764 3916 iam
781 3856 1015 3918 consummato
1033 3871 1148 3936 nempe
1164 3850 1317 3932 crimine,
1333 3853 1388 3914 cui
1399 3850 1529 3917 adnexa

346 3983 394 4042 est
417 3997 564 4044 censura.

436 4102 511 4168 493.
537 4101 629 4168 Unde
652 4102 878 4168 declarationi
886 4121 958 4165 -nou
974 4103 1224 4185 praemittuntur
1241 4102 1453 4183 monitiones,
1470 4104 1529 4169 sed

345 4229 518 4292 citationes
543 4248 599 4290 seu
625 4232 766 4293 vocatur·
779 4228 813 4292 ιιι
830 4226 982 4291 iudicium
999 4228 1036 4305 is,
1052 4227 1105 4308 qui
1122 4225 1162 4289 de
1184 4227 1322 4290 crimine
1344 4227 1528 4310 postulatur

345 4369 383 4436 ea
407 4351 583 4415 intentione
607 4355 642 4415 ut
664 4371 699 4414 se
716 4347 878 4424 defendat,
896 4351 921 4415 si
940 4356 1053 4434 potest,
1072 4349 1112 4414 ab
1127 4351 1342 4415 accusatione.
1360 4385 1378 4397 -
1396 4350 1526 4415 Exinde

343 4474 407 4540 alia
430 4477 576 4558 sequitur
598 4477 706 4560 magni
723 4475 876 4559 ponderis
891 4472 1085 4549 differentia;
1103 4474 1258 4558 siquidem
1274 4475 1421 4540 incohari
1436 4476 1525 4540 valet
