3350 5100
378 327 445 394 566
887 345 971 392 ress
995 344 1045 391 ιιι.

379 465 514 538 peuletim
534 466 641 535 uspism
660 464 820 536 elangueat.
839 468 879 520 At
896 461 957 520 Effii
978 465 1031 518 ΡΡ.
1051 465 1214 520 cardinales
1231 467 1353 534 supremi
1379 467 1545 537 Inquisitores
1625 456 1626 521 ἶ

379 587 468 640 nuper
485 571 685 638 coguoverunt,
703 569 828 622 eamdem
850 569 1079 623 constitutionem
1100 584 1154 622 non
1174 569 1292 640 ubique,
1310 570 1385 622 sicut
1407 587 1456 639 per
1472 577 1537 626 esset

379 673 537 728 executioni
558 673 639 738 tredi,
652 674 763 744 etque
756 689 784 726 nn
804 673 946 744 sliquibus
966 672 1035 727 locis
1052 672 1202 727 nonnullos
1220 674 1306 728 tum
1298 691 1327 727 ιιι
1339 675 1548 730 denunciationis
1625 662 1626 725 1

379 797 463 838 onere
482 780 666 852 adimplendo,
681 781 760 835 tum'
753 798 782 835 nn
796 780 899 834 iudicio
916 785 1014 834 contre
1032 780 1218 836 sollicitantes
1234 781 1425 836 instituendo'
1417 783 1549 851 irrepsims

379 889 489 950 abusus,
502 887 550 958 qni
563 887 623 942 sine
637 887 762 942 iustitiae
775 903 808 942 sc
820 886 952 956 providae
970 887 1130 941 severitatis
1141 887 1300 942 discrimine
1314 885 1428 940 tolerari
1446 889 1550 942 minime
1625 876 1626 943 1

381 997 501 1062 possent
520 992 616 1064 ltsque
636 1007 725 1063 neque
745 993 962 1063 inopportunum
980 1009 1071 1064 neque
1084 993 1152 1063 ipsis
1163 993 1286 1048 locorum
1299 993 1455 1048 Ordinsriis
1466 993 1549 1063 ingre·

380 1105 439 1154 tum
458 1101 517 1154 tore
537 1100 704 1167 iudicarunt,
723 1099 746 1153 si
765 1115 837 1170 quoe
856 1105 955 1153 contre
973 1100 1084 1155 eosdem
1103 1101 1207 1154 ebusus
1224 1101 1260 1154 nb
1278 1100 1331 1154 bec
1350 1118 1480 1170 supreme
1490 1102 1552 1155 Con·

378 1208 544 1277 gregatione
563 1208 597 1262 sd
617 1208 743 1262 tramites
763 1223 904 1262 sectorum
924 1224 1062 1262 csnonum
1081 1208 1194 1263 decrets
1211 1210 1333 1273 luerunt,
1354 1210 1382 1263 in
1401 1226 1486 1262 nnn·
1503 1210 1552 1263 col-

379 1311 454 1368 lecte
473 1329 538 1382 pree
556 1313 648 1368 oculis
667 1312 830 1368 habeantur.
851 1312 892 1365 Ad
905 1329 987 1382 quem
1006 1312 1138 1368 ellectum
1157 1319 1333 1382 praesentem
1346 1313 1551 1368 instructionem

379 1419 423 1474 edi
442 1419 616 1476 mandarunt.

470 1543 492 1580 1.
514 1527 654 1582 Personee
666 1527 725 1582 sive
738 1542 829 1580 msres
838 1526 898 1580 sive
911 1525 1057 1592 loeminse,
1066 1541 1257 1596 quoecumque
1266 1525 1335 1580 illse
1344 1528 1412 1592 sint,
1422 1525 1458 1580 sd
1471 1527 1554 1595 turpis

380 1633 549 1688 sollicitatas
568 1633 597 1686 in
616 1632 788 1686 confessione
807 1631 853 1686 sel
871 1631 1019 1685 occssioue
1031 1635 1082 1685 sut
1095 1636 1243 1702 prsetextu
1261 1631 1456 1698 consessionis,
1468 1649 1555 1704 quem·

380 1737 525 1792 admodum
544 1737 690 1794 enucleste
709 1738 738 1791 in
757 1741 912 1792 memorate
932 1735 1141 1792 Constitutione
1160 1737 1338 1806 praecipitur,
1361 1755 1423 1793 rem
1445 1739 1481 1793 sd
1501 1755 1555 1790 ssn·

380 1849 454 1899 ctum
472 1843 571 1898 Sedem
590 1843 633 1898 vel
653 1842 687 1896 sd
706 1841 760 1896 loci
780 1840 955 1896 Ordinsrium
974 1842 1083 1896 deferre
1102 1841 1213 1896 debent.

469 1955 495 2006 2.
518 1951 690 2006 Denunciere
709 1953 821 2019 oportet
838 1965 1042 2020 quemcumque
1062 1949 1235 2027 sacerdotem
1260 1952 1345 2005 etism
1370 1952 1557 2006 iurisdictione

380 2066 531 2125 carentem,
550 2059 748 2114 sollicitentem
769 2057 796 2111 iu
817 2056 991 2111 consessione
1009 2056 1054 2112 vel
1073 2058 1159 2111 etism
1179 2059 1349 2126 poenitentis
1365 2058 1556 2113 sollicitationi

380 2167 610 2231 consentientem,
621 2165 749 2237 quemvis
767 2163 863 2218 stetim
882 2163 1093 2218 dissentientem
1106 2163 1140 2219 de
1156 2166 1230 2234 turpi
1249 2167 1369 2220 materie
1387 2165 1476 2237 toqui,
1489 2166 1558 2220 illius

380 2273 614 2344 complementum
633 2271 667 2325 sd
687 2270 762 2325 alind
780 2275 892 2340 tempus
911 2269 1083 2325 differentem
1097 2274 1127 2326 et
1140 2287 1195 2324 non
1213 2273 1392 2341 praebentem
1412 2272 1559 2327 absolutio·

382 2396 443 2436 nem
464 2380 618 2449 poenitenti
640 2379 688 2450 (l).

471 2485 496 2540 3.
517 2484 679 2539 Huiusmodi
700 2484 932 2538 denunciationes
953 2500 981 2536 a
992 2485 1104 2538 nemine
1124 2485 1228 2556 absque
1248 2484 1331 2555 culpe
1352 2484 1456 2540 lethali
1474 2487 1559 2541 omitti

381 2598 502 2662 possunt
523 2592 582 2654 Qus
595 2592 628 2647 de
643 2608 671 2645 re
688 2592 864 2662 poenitentes
878 2590 982 2646 debent
1000 2590 1151 2653 admoneri
1168 2608 1257 2662 neque
1275 2592 1348 2646 sb''
1329 2610 1365 2646 ns
1383 2593 1559 2649 admonendis

380 2699 606 2770 instruendisque
625 2714 720 2753 eorum
741 2700 812 2751 bous
830 2697 900 2751 fides
918 2703 1041 2751 excuset.

470 2805 495 2860 l.
515 2805 676 2861 Sacerdotes
688 2804 722 2857 ed
739 2820 832 2857 secrss
845 2803 995 2858 audiendas
1013 2806 1202 2859 confessiones
1221 2807 1375 2872 constituti,
1391 2809 1442 2877 qui
1462 2808 1497 2862 de
1515 2806 1560 2859 hec

382 2914 553 2983 obligetione
573 2913 748 2981 poenitentes
766 2928 830 2965 snos
849 2926 904 2965 non
925 2911 1084 2977 admonent,
1102 2910 1206 2967 debent
1224 2913 1315 2982 puniri
1335 2914 1383 2983 (2).

423 3034 425 3039 ’
469 3022 494 3074 5.
516 3018 694 3074 Poenitsntes
712 3018 847 3072 admoniti
867 3021 897 3071 et
913 3018 1028 3071 omnino
1046 3022 1195 3072 renuentes
1214 3025 1356 3089 nequeunt
1375 3022 1502 3077 absolvi:
1519 3022 1560 3092 qni

382 3143 448 3183 vero
466 3128 501 3181 ob
520 3128 622 3181 iustam
642 3143 753 3181 causam
770 3124 1012 3180 denunciationem
1025 3125 1136 3180 differre
1145 3126 1258 3193 debent,
1270 3142 1396 3199 eamque,
1409 3146 1470 3199 quo
1486 3131 1562 3184 citius

383 3240 522 3305 poterunt,
541 3234 694 3289 taciendam
713 3232 852 3303 spondent
871 3233 998 3303 serioque
1018 3233 1194 3301 promittunt,
1213 3240 1328 3302 possunt
1345 3235 1466 3290 absolvi.

471 3342 496 3395 6.
518 3341 751 3397 Denuncistiones
775 3356 932 3411 anonymae
957 3342 1055 3394 contre
1077 3339 1263 3394 sollicitantes
1282 3340 1315 3393 sd
1339 3344 1434 3411 turpis
1460 3343 1562 3397 nullom

382 3449 439 3503 vim
465 3448 582 3504 hebent:
603 3448 832 3502 denunciationes
857 3446 931 3501 euim
958 3446 1019 3499 lieri
1038 3446 1142 3501 debent
1164 3447 1193 3500 in
1212 3446 1328 3515 iudicio,
1347 3465 1448 3518 nempe
1474 3466 1562 3504 coram

384 3556 519 3625 Episcopo
529 3554 623 3609 eiusve
633 3552 762 3622 delegato
774 3569 835 3607 cum
850 3552 1013 3605 interventu
1028 3550 1210 3605 ecclesiastici
1224 3552 1287 3617 viri,
1296 3553 1344 3622 qui
1355 3553 1459 3606 notarii
1473 3559 1563 3622 partes

383 3666 488 3728 teneat,
500 3665 529 3716 et
547 3676 609 3715 cum
629 3660 786 3713 iuramento
800 3662 905 3713 etcum
924 3657 1102 3726 expressions
1114 3662 1144 3712 et
1156 3658 1360 3727 subscriptione
1372 3658 1415 3711 sui
1429 3660 1564 3713 nominis:

384 3786 435 3825 nec
459 3768 561 3823 sufficit
579 3768 600 3820 si
625 3768 675 3821 fist
700 3782 749 3836 per
773 3763 894 3835 epochas
918 3764 963 3819 vel
989 3762 1100 3818 littores
1124 3765 1184 3818 sine
1210 3764 1322 3819 nomine
1346 3770 1377 3819 et
1399 3768 1563 3835 cognomine

382 3876 505 3931 auctoris
524 3874 572 3945 (3).
592 3872 722 3927 Ceterum
742 3872 914 3943 prohibetur,
934 3888 969 3927 ne
989 3870 1155 3939 recipiendis
1173 3871 1432 3927 denuntiationibus
1454 3880 1564 3943 praeter

382 3982 501 4037 iudicem
521 3984 550 4035 et
569 3980 723 4046 noterium,
742 3980 831 4033 virum
852 3982 1001 4048 utrumque
1025 3977 1247 4032 ecclesiasticum
1272 3978 1387 4047 speciali
1407 3984 1436 4034 et
1460 3981 1564 4049 scripto

472 4208 503 4265 (1)
518 4211 555 4255 Ex
565 4209 649 4253 declar.
660 4206 703 4251 diei
714 4208 737 4252 ll
749 4208 813 4251 Febr.
830 4206 879 4250 leel
891 4206 1025 4249 conurmsm
1034 4205 1057 4248 ln
1068 4206 1148 4248 const.
1158 4220 1172 4243 ‹
1180 4206 1363 4250 &cremum
1370 4208 1564 4262 pomumuw.
1625 4237 1626 4272 l

474 4299 504 4352 (tt
519 4300 556 4341 Ex
570 4296 655 4341 declar.
671 4296 714 4341 sub
728 4294 849 4339 diebus'w
863 4294 941 4338 llertii
958 4292 1007 4336 leet
1022 4293 1071 4336 etl
1086 4292 1167 4337 Octob.
1183 4292 1236 4337 1626
1253 4306 1322 4349 penes
1335 4293 1406 4339 Albis
1421 4294 1448 4337 de
1463 4296 1564 4337 inconst.
1625 4289 1626 4322 l

385 4389 407 4431 in
422 4386 465 4431 ilde
479 4398 530 4441 cop.
544 4386 579 4439 ³5,
594 4398 656 4429 num.
674 4386 706 4430 17.
877 4362 890 4381 ⁶
1625 4361 1626 4372 ³

474 4478 505 4531 (3)
520 4477 590 4519 sinu.
606 4476 650 4520 ιω.
665 4477 703 4520 ers.
718 4488 742 4521 n.
755 4474 790 4519 ει.
