3350 5100
442 297 486 345 na
510 299 649 347 rumoris
673 297 915 379 cnrurnaaraus
939 300 975 346 m
1000 299 1116 346 sraela
1304 281 1364 346 491

191 422 404 509 probatiores)
428 422 474 508 (l)
498 423 605 490 iudea
627 425 760 510 seligat,
783 423 942 491 destinato
967 424 1018 490 die
1041 430 1074 490 et
1103 424 1175 490 loco
1199 425 1367 490 examinis.

190 546 224 633 2)
249 547 299 611 nd
321 546 438 621 locum,
454 547 507 612 die
529 553 658 620 statuta,
678 549 836 614 accedent
858 567 924 613 una
947 567 1019 614 oum
1044 548 1155 632 paritis
1178 547 1286 622 iudex.
1312 547 1368 614 de·

189 671 301 736 teneor
324 679 419 737 matr.
443 677 476 737 et
498 672 724 737 cancellarius.
741 670 775 756 3)
792 673 894 740 Periti
910 672 1029 758 singuli
1045 679 1079 738 et
1092 673 1234 740 seorsim
1250 693 1368 759 corpus

189 796 363 880 explorant
373 797 437 861 riri
449 802 483 861 et
494 801 634 861 exarant
645 795 692 882 (2)
702 797 868 880 scriptam
880 797 1080 862 relationem.
1095 799 1127 882 4)
1143 797 1261 864 Postea
1272 799 1367 884 periti

189 920 419 987 submittuntur
441 924 702 1008 interrogatoriis
725 921 879 988 exhibitis
901 941 920 986 a
944 920 1116 987 defensore
1131 926 1226 986 matr.
1243 922 1368 988 amasa

190 1054 223 1111 et
244 1045 401 1132 sipittatis
424 1065 444 1111 a
466 1046 572 1112 iudice
595 1048 782 1113 reserandis
800 1052 924 1114 tantum
948 1053 1022 1113 actu
1047 1047 1216 1112 examinis.
1241 1047 1365 1112 Verum

188 1168 262 1235 addi
284 1177 418 1256 possunt
439 1171 480 1236 ab
503 1173 572 1258 ipso
594 1172 768 1238 defensore
783 1177 876 1238 matr.
895 1179 950 1240 aut
972 1192 992 1236 a
1015 1171 1120 1238 iudice
1140 1173 1366 1257 interrogatio·

190 1315 248 1362 nes
262 1315 309 1363 ecc
323 1297 441 1382 officio.
456 1299 537 1362 item
553 1299 662 1383 expeti
674 1299 762 1362 valet
776 1318 894 1364 novum
907 1317 1056 1364 examen.
1075 1298 1108 1382 5)
1126 1298 1228 1362 Periti
1245 1303 1322 1362 ante
1335 1302 1368 1366 et

189 1428 261 1507 post
282 1441 421 1488 examen
443 1423 554 1488 iurant
575 1423 616 1489 de
642 1424 783 1489 amiate
805 1423 953 1488 dicenda
976 1428 1009 1488 et
1038 1423 1275 1488 attestationem
1307 1424 1367 1508 ipsi

189 1545 394 1612 subscribunt
416 1565 481 1611 nna
503 1567 576 1613 curn
600 1546 715 1620 iudice,
738 1546 911 1612 defensore
935 1553 1029 1612 matr.
1055 1553 1087 1614 et
1109 1547 1317 1613 cancellario.

277 1672 426 1737 Mulieris
448 1677 554 1737 autem
570 1672 762 1758 exploratur
774 1692 893 1758 corpus
908 1673 1053 1756 sequenti
1071 1671 1240 1738 methodo:
1261 1672 1292 1756 l)
1309 1673 1366 1740 lle

188 1797 351 1862 stiuantur
381 1814 401 1859 a
430 1795 536 1861 indice
565 1801 633 1861 tres
662 1795 853 1862 obstetrices
881 1795 1007 1861 mulieri
1035 1795 1271 1864 rationabiliter
1301 1815 1365 1862 non

187 1925 367 2005 suspectae,
382 1939 403 1985 a
418 1919 480 1984 duo
504 1919 637 1985 medicis
659 1921 781 2004 peritis,
795 1921 899 1988 altero
924 1919 1057 2004 medico,
1075 1919 1230 2005 chirurgo
1250 1919 1364 2000 altero,

187 2043 228 2108 ad
251 2063 321 2108 rem
344 2049 378 2110 et
400 2043 573 2129 specialem
597 2063 707 2110 casum
731 2035 949 2110 instruendae.
973 2045 1053 2111 ltem
1078 2045 1210 2130 eligitur
1226 2065 1246 2108 a
1261 2043 1366 2110 iudice

187 2171 287 2241 locus,
312 2172 344 2234 in
370 2188 432 2253 quo
454 2168 538 2253 apud
563 2169 738 2236 honestum
759 2175 958 2236 matronam
980 2167 1041 2234 fiet
1068 2169 1149 2236 haec
1173 2169 1364 2255 exploratio.

188 2262 221 2382 2)
245 2297 303 2360 Die
327 2303 360 2360 et
387 2296 459 2359 loco
474 2292 633 2362 destinato
649 2295 799 2375 aiudice,
816 2295 933 2359 mulier
949 2294 1150 2379 exploranda
1169 2293 1365 2358 submittitur

187 2420 302 2488 balneo
318 2439 422 2504 aquae
435 2438 547 2503 purae
570 2425 603 2484 et
625 2420 774 2503 tepentia,
788 2420 828 2484 ad
853 2421 990 2505 spatium
1015 2424 1114 2486 trium
1138 2418 1364 2503 quadrantium

186 2548 281 2612 nnius
303 2545 416 2617 horae,
441 2544 639 2611 adstantibus
669 2543 897 2610 obstetricibus
927 2551 960 2611 et
986 2537 1143 2625 matrona,
1168 2562 1251 2628 quae
1281 2562 1363 2609 nun-

186 2692 280 2756 quam
305 2671 508 2755 derelinquet
530 2671 698 2737 mulierem
723 2669 967 2755 explorandam.
990 2670 1023 2753 3)
1047 2668 1202 2735 Balneum
1228 2689 1299 2735 esse
1322 2689 1364 2734 ex

186 2816 271 2879 aqua
301 2816 382 2880 pura
413 2802 446 2861 et
476 2798 553 2861 satis
584 2796 707 2881 tepenti
739 2799 977 2881 recognoscent
1006 2794 1069 2860 duo
1103 2796 1199 2881 periti
1234 2794 1361 2863 medici.

188 2919 222 3002 4)
247 2920 369 2983 Deinde
397 2920 587 2985 obstetrices
616 2906 775 2986 seorsim'
789 2921 978 2986 examinant
1008 2939 1126 3004 corpus
1157 2919 1302 2985 mulieris
1332 2926 1365 2983 et

187 3048 325 3109 exarant
346 3044 510 3127 smiptom
534 3045 725 3109 relationem
741 3044 793 3109 vel
817 3044 942 3111 dictant
964 3045 1171 3111 cancellario.
1188 3044 1221 3131 5)
1247 3045 1365 3111 Postea

187 3168 267 3232 istae
290 3166 521 3234 submittuntur
548 3168 690 3232 examini
715 3188 753 3233 ea
776 3174 908 3234 servata
931 3168 1081 3233 methodo
1105 3170 1241 3252 quanti
1265 3188 1364 3253 supra

186 3294 434 3378 explicavimus,
461 3295 691 3359 examinantur
722 3294 815 3378 periti
849 3293 975 3359 medici.
1009 3292 1042 3377 6)
1076 3293 1188 3360 Eidem
1220 3296 1362 3359 examini

186 3440 312 3504 quoque
323 3418 513 3485 subiiciendi
525 3426 622 3505 erunt
632 3420 739 3503 periti,
754 3425 788 3485 ut
802 3440 895 3485 suum
912 3419 1082 3505 proferant
1097 3419 1249 3485 iudicium
1266 3439 1364 3504 super

186 3543 297 3609 relatis
312 3550 345 3608 et
358 3542 509 3629 depositis
525 3541 564 3608 ab
588 3542 823 3609 obstetricibus.
841 3545 874 3628 7)
891 3545 1023 3608 Demum
1041 3546 1110 3630 ipsa
1125 3550 1272 3609 matrona
1289 3563 1362 3608 exa-

273 3788 313 3858 (l)
332 3788 374 3841 Ad
393 3789 612 3859 praeparandam
630 3789 703 3844 hanc
722 3789 889 3846 electionem
909 3795 937 3846 et
955 3789 1164 3859 deputationem
1183 3794 1292 3860 spectat
1311 3789 1362 3845 illa

184 3892 366 3961 praescriptio
384 3892 466 3947 huius
482 3894 567 3949 Instr.
581 3911 688 3966 nempe.
706 3895 830 3952 «ludes
846 3898 986 3967 pracfipct
1003 3899 1157 3951 terminum
1174 3906 1232 3951 tum
1249 3897 1361 3967 unium

185 4000 298 4068 coaiuqi
315 4017 398 4069 pacm
409 4002 555 4072 defensori
565 4012 649 4056 matr.
662 4004 700 4056 cd
715 4004 887 4059 cohibendas
904 4004 1017 4058 notulas
1032 4004 1190 4074 peritorum
1203 4013 1229 4057 et
1241 4004 1361 4059 medico·

183 4122 249 4158 rtem
267 4107 463 4175 confidentium
482 4118 508 4162 ct
527 4108 713 4179 diffidentium
728 4127 783 4179 pro
800 4112 948 4181 aeriasque
968 4112 1094 4181 ooniapia
1113 4112 1283 4181 inspectione
1296 4127 1321 4168 r.

157 4200 162 4209 ⁸
274 4212 313 4283 (2)
332 4212 358 4266 S.
378 4212 480 4283 Congu.
498 4216 592 4268 statim
609 4216 700 4285 exigit
717 4188 964 4272 fieri'rclcttonem
981 4218 1114 4289 scriptam
1127 4222 1192 4272 ante
1205 4218 1265 4287 ipsa
1278 4218 1363 4273 inter·

185 4316 327 4410 rogatoria
344 4316 411 4387 quia
429 4333 446 4370 a
464 4317 563 4387 peritis
583 4334 638 4372 uon
664 4318 824 4388 expostulat
845 4319 1028 4375 doctrinalem
1052 4320 1289 4376 elucubrationem
1314 4322 1361 4377 sed

183 4421 341 4493 simplicem
359 4426 429 4492 sacti
445 4423 644 4477 narrationem.
