3350 5100
446 341 490 389 nn
515 341 654 390 runicus
679 341 921 390 carurnsureus
946 343 981 388 nr
1005 340 1122 388 srncrn
1312 325 1378 389 485

195 465 282 530 nium
305 463 478 530 accusabat
500 471 538 530 ut
561 465 605 532 ub
628 482 667 532 co
686 464 873 548 pecuniam
904 470 1133 550 retorqueret.
1159 501 1176 514 -
1200 465 1327 530 Verum
1350 468 1377 530 si

195 591 373 654 necessitas
403 588 614 674 inquirendae
645 590 793 656 veritatis
819 589 882 654 hoc
911 590 1103 675 expostulet,
1135 591 1281 674 quamvis
1312 609 1377 654 nou

195 713 379 797 excipiatur
394 711 434 776 ab
450 711 542 778 hisce
560 713 708 798 personis
722 713 881 798 suspectis
895 712 1055 795 formalis
1071 713 1252 788 commotio,
1271 719 1377 778 tamen

195 837 376 903 admittitur
398 837 621 910 denuntrutio
645 841 702 902 aut
724 837 902 906 attestatio.

286 961 360 1026 457.
393 961 562 1028 Hactenus
585 961 626 1028 de
648 963 853 1028 matrimonio
884 963 947 1028 iam
978 966 1152 1028 contracto
1183 961 1376 1028 accusando.

197 1085 258 1152 Sed
282 1087 431 1153 accusari
447 1088 534 1153 valet
549 1088 788 1152 matrimonium
811 1087 1083 1154 mandendum
1099 1093 1132 1152 et
1148 1087 1297 1153 Ecclesia
1316 1094 1376 1155 sto-

197 1218 291 1276 tuens
306 1211 577 1296 proclamationes
591 1218 667 1278 ante
683 1212 921 1278 matrimonium
937 1211 1111 1284 iaciendas,
1128 1209 1240 1278 fideles
1263 1213 1378 1280 invitat

197 1343 233 1401 ut
247 1336 444 1402 denuncient
458 1336 687 1422 impedimenta
709 1337 948 1401 matrimonium
972 1335 1230 1402 contrahendum
1249 1337 1303 1400 rel
1318 1337 1377 1402 im-

193 1457 367 1540 pedientia
392 1459 444 1522 vel
466 1459 674 1525 dirimentis.
699 1460 767 1525 Ista
783 1460 842 1524 nisi
859 1459 983 1524 directe
999 1457 1238 1526 denuncientur
1254 1460 1377 1530 curiae,

196 1582 386 1649 denunciari
409 1589 542 1668 possunt
564 1582 718 1668 parocho,
735 1584 789 1666 qui
808 1583 836 1648 si
860 1587 1035 1668 cognoscat
1050 1581 1310 1667 impedimentum
1323 1583 1377 1650 de·

196 1709 383 1772 nunciatum
405 1707 495 1773 nullo
513 1707 607 1772 inniti
621 1705 842 1788 fundamento,
860 1708 1085 1791 nupturientes
1105 1725 1169 1772 non
1193 1705 1378 1791 prohibebit

196 1851 216 1895 a
230 1831 451 1898 celebratione
466 1832 679 1906 matrimonii;
696 1831 805 1897 athos
828 1829 1021 1917 prohibebit,
1038 1833 1097 1897 etsi
1114 1830 1373 1916 impedimentum

196 1958 238 2020 sit
252 1955 420 2024 dumtaxat
434 1957 667 2041 aliquantisper
681 1954 821 2022 dubium.
848 1956 907 2021 Rei
924 1953 1143 2020 definitionem
1162 1953 1249 2020 dabit
1266 1955 1375 2036 Curia,

198 2099 281 2163 quae
304 2099 367 2147 non
391 2082 542 2147 concedit
562 2082 800 2146 attestationem
823 2079 987 2147 libertatis
1008 2085 1125 2154 status,
1151 2081 1212 2146 nisi
1236 2081 1377 2166 peractis

198 2201 470 2286 inquisitionibus,
495 2205 541 2268 uti
563 2203 726 2289 explicari
756 2222 856 2286 supra
879 2222 909 2266 n.
935 2202 1010 2268 448.
1045 2203 1086 2268 Et
1109 2204 1273 2288 negotium
1305 2200 1376 2267 fieri

198 2331 303 2410 potest
323 2328 420 2393 etiam
442 2330 574 2413 proprie
597 2328 853 2401 contentiosum,
877 2328 904 2392 si
928 2328 1086 2392 interesse
1113 2325 1269 2392 habentes
1301 2345 1375 2411 pro-

199 2456 317 2516 vocent
338 2451 379 2516 ad
401 2452 598 2519 iudicialem
619 2453 816 2536 quaestionis
839 2448 1066 2516 definitionem.
1093 2483 1111 2500 ·
1137 2451 1237 2515 Instr.
1260 2451 1374 2516 Auso.

197 2578 312 2660 5106.
338 2582 381 2644 At
403 2580 436 2645 in
456 2580 547 2673 hisce
569 2577 828 2663 inquisitionibus
852 2579 947 2643 etiam
972 2574 1172 2642 iudicialibus
1195 2595 1259 2639 non
1283 2596 1378 2661 expo-

198 2703 347 2783 stulatur,
370 2723 415 2769 ex
435 2703 513 2769 iure
536 2722 668 2777 comm„
693 2722 794 2788 opera
816 2701 997 2767 defensoris
1021 2706 1116 2766 matr.

209 2889 213 2897 .
288 2828 363 2893 458.
376 2830 468 2894 Inter
479 2827 707 2911 impedimenta
721 2825 930 2911 impedientia
945 2823 1178 2891 consideranda
1193 2831 1268 2889 sunt
1280 2842 1378 2906 spou-

198 2950 295 3015 sulic.
312 2950 361 3014 Ad
378 2970 447 3015 rem
470 2953 616 3034 quaestio
631 2949 702 3015 fieri
718 2955 823 3034 potest
848 2949 878 3036 1)
896 2950 947 3014 vel
971 2968 991 3013 a
1010 2949 1116 3021 tertio,
1134 2949 1188 3033 qui
1211 2946 1377 3013 contendit

199 3073 338 3139 alterum
354 3094 373 3138 e
389 3074 647 3159 nupturientibus
670 3071 728 3139 sibi
748 3072 933 3139 devinctum
950 3092 1022 3138 esse
1037 3073 1166 3137 vinculo
1182 3071 1376 3157 sponsalium

199 3209 232 3265 et
254 3198 331 3262 hinc
354 3199 591 3263 matrimonium
611 3197 846 3284 prohibendum
868 3216 950 3279 esse,
967 3196 1001 3282 2)
1017 3198 1069 3263 vel
1085 3196 1125 3263 ab
1141 3198 1248 3264 altero
1271 3214 1374 3280 spon-

198 3342 327 3395 sorum,
348 3323 401 3406 qui
425 3322 591 3389 contendit
612 3328 667 3387 aut
690 3340 814 3387 senon
836 3322 975 3407 amplius
998 3320 1155 3407 obstringi
1180 3321 1375 3407 obligatione

198 3446 385 3531 sponsalitia
406 3445 567 3512 anthane
589 3442 630 3509 ab
650 3445 741 3509 initio
764 3444 863 3509 fuisse
887 3444 1006 3509 nullius
1029 3444 1159 3510 valoris.
1178 3478 1195 3493 ·
1215 3444 1300 3509 Nam
1320 3446 1376 3507 im-

220 3568 414 3635 edimentum
438 3590 480 3634 ex
503 3568 698 3655 obligatione
721 3569 909 3653 sponsalitia
932 3586 1094 3655 opponere
1119 3586 1182 3631 nrm
1206 3567 1292 3632 valet
1316 3569 1376 3633 nisi

197 3713 343 3779 sponsus,
359 3696 413 3779 qui
429 3696 455 3759 si
471 3693 735 3779 impedimentum
751 3712 816 3758 non
832 3700 982 3779 opponat,
999 3699 1152 3761 censetur
1169 3694 1377 3760 renunciasse

199 3839 262 3883 run
285 3839 353 3883 suo.

290 3947 327 4010 ln
346 3921 463 4028 pru'roo
490 3964 569 4011 casu
596 3942 816 4011 contradictor
843 3946 965 4010 curiam
989 3943 1112 4009 aditet
1136 3944 1266 4029 opponit
1292 3940 1377 4007 nibil

199 4075 353 4137 transeut
367 4068 424 4153 (uti
448 4068 531 4137 solet
546 4068 621 4155 dici)
637 4090 695 4135 seu
710 4068 885 4137 denunciat
905 4067 1177 4155 impedimentum,
1194 4066 1277 4151 quod
1298 4066 1379 4151 petit

198 4194 396 4281 recognosci.
416 4194 482 4258 Nisi
506 4193 739 4259 contendentes
762 4194 866 4259 amice
891 4212 959 4257 rem
984 4197 1186 4277 componant,
1211 4192 1376 4257 instituen-

198 4319 273 4384 dum
297 4323 347 4383 est
370 4316 532 4399 iudicium,
550 4316 634 4401 quod
653 4318 679 4382 si
703 4316 861 4403 probatur
885 4315 1145 4401 impedimentum
1170 4317 1293 4403 vigere,
1310 4336 1375 4381 non

198 4440 317 4515 exinde
339 4440 485 4507 absolute
507 4439 740 4525 prohibendum
765 4444 814 4507 est
836 4440 1092 4515 matrimonium
1118 4458 1191 4505 nam
1216 4440 1261 4504 ait
1276 4441 1373 4505 lustr.
