<?xml version="1.0" encoding="UTF-8"?>
<!DOCTYPE html PUBLIC "-//W3C//DTD XHTML 1.0 Transitional//EN"
    "http://www.w3.org/TR/xhtml1/DTD/xhtml1-transitional.dtd">
<html xmlns="http://www.w3.org/1999/xhtml" xml:lang="en" lang="en">
 <head>
  <title>
</title>
<meta http-equiv="Content-Type" content="text/html;charset=utf-8" />
  <meta name='ocr-system' content='tesseract 3.04.00' />
  <meta name='ocr-capabilities' content='ocr_page ocr_carea ocr_par ocr_line ocrx_word'/>
</head>
<body>
  <div class='ocr_page' id='page_1' title='image "./praelectionesin00legagoog_0059.png"; bbox 0 0 3350 5100; ppageno 0'>
   <div class='ocr_carea' id='block_1_1' title="bbox 535 335 966 386">
    <p class='ocr_par' dir='ltr' id='par_1_1' title="bbox 535 335 966 386">
     <span class='ocr_line' id='line_1_1' title="bbox 535 335 966 386; baseline 0 -4"><span class='ocrx_word' id='word_1_1' title='bbox 535 337 578 382; x_wconf 78' lang='lat' dir='ltr'><strong>DE</strong></span> <span class='ocrx_word' id='word_1_2' title='bbox 602 335 756 386; x_wconf 82' lang='lat' dir='ltr'>DELICTIS</span> <span class='ocrx_word' id='word_1_3' title='bbox 780 337 823 384; x_wconf 74' lang='lat' dir='ltr'><strong>Er</strong></span> <span class='ocrx_word' id='word_1_4' title='bbox 847 336 966 384; x_wconf 76' lang='lat' dir='ltr'><strong>Por-:ms</strong></span> 
     </span>
    </p>
   </div>
   <div class='ocr_carea' id='block_1_2' title="bbox 271 663 1221 752">
    <p class='ocr_par' dir='ltr' id='par_1_2' title="bbox 271 663 1221 752">
     <span class='ocr_line' id='line_1_2' title="bbox 271 663 1221 752; baseline 0.001 -24"><span class='ocrx_word' id='word_1_5' title='bbox 271 663 294 745; x_wconf 65' lang='grc' dir='ltr'><strong>ἓ</strong></span> <span class='ocrx_word' id='word_1_6' title='bbox 318 663 349 728; x_wconf 82' lang='lat'><strong>2.</strong></span> <span class='ocrx_word' id='word_1_7' title='bbox 375 663 425 729; x_wconf 87' lang='lat' dir='ltr'><strong>De</strong></span> <span class='ocrx_word' id='word_1_8' title='bbox 448 665 529 731; x_wconf 79' lang='lat' dir='ltr'><strong>locis</strong></span> <span class='ocrx_word' id='word_1_9' title='bbox 551 667 660 732; x_wconf 79' lang='lat' dir='ltr'><strong>sacris</strong></span> <span class='ocrx_word' id='word_1_10' title='bbox 682 666 848 732; x_wconf 76' lang='lat' dir='ltr'><strong>adr-erare</strong></span> <span class='ocrx_word' id='word_1_11' title='bbox 869 665 1055 752; x_wconf 75' lang='lat' dir='ltr'><strong>saotleqos</strong></span> <span class='ocrx_word' id='word_1_12' title='bbox 1078 665 1221 731; x_wconf 71' lang='lat' dir='ltr'><strong>aenda.</strong></span> 
     </span>
    </p>
   </div>
   <div class='ocr_carea' id='block_1_3' title="bbox 157 897 1337 1388">
    <p class='ocr_par' dir='ltr' id='par_1_3' title="bbox 157 897 1337 1388">
     <span class='ocr_line' id='line_1_3' title="bbox 157 897 1337 972; baseline 0.002 -20"><span class='ocrx_word' id='word_1_13' title='bbox 157 897 376 956; x_wconf 76' lang='lat' dir='ltr'><strong>summarium.</strong></span> <span class='ocrx_word' id='word_1_14' title='bbox 394 929 430 942; x_wconf 91' lang='lat'>-</span> <span class='ocrx_word' id='word_1_15' title='bbox 449 903 491 955; x_wconf 85' lang='lat'><strong>40.</strong></span> <span class='ocrx_word' id='word_1_16' title='bbox 512 903 652 956; x_wconf 79' lang='lat' dir='ltr'>Feruntur</span> <span class='ocrx_word' id='word_1_17' title='bbox 671 919 775 972; x_wconf 89' lang='lat' dir='ltr'><strong>poenae</strong></span> <span class='ocrx_word' id='word_1_18' title='bbox 795 903 822 956; x_wconf 94' lang='lat' dir='ltr'><strong>iu</strong></span> <span class='ocrx_word' id='word_1_19' title='bbox 842 901 1024 958; x_wconf 73' lang='lat' dir='ltr'><strong>extrahentes</strong></span> <span class='ocrx_word' id='word_1_20' title='bbox 1045 903 1150 972; x_wconf 90' lang='lat' dir='ltr'><strong>absque</strong></span> <span class='ocrx_word' id='word_1_21' title='bbox 1169 903 1251 956; x_wconf 82' lang='lat' dir='ltr'><strong>renis</strong></span> <span class='ocrx_word' id='word_1_22' title='bbox 1270 901 1337 956; x_wconf 89' lang='lat' dir='ltr'><strong>reli·</strong></span> 
     </span>
     <span class='ocr_line' id='line_1_4' title="bbox 242 1007 1337 1079; baseline 0.001 -18"><span class='ocrx_word' id='word_1_23' title='bbox 242 1009 326 1078; x_wconf 80' lang='lat' dir='ltr'><strong>quiae</strong></span> <span class='ocrx_word' id='word_1_24' title='bbox 345 1025 378 1062; x_wconf 79' lang='lat' dir='ltr'><strong>ex</strong></span> <span class='ocrx_word' id='word_1_25' title='bbox 398 1007 577 1062; x_wconf 76' lang='lat' dir='ltr'><strong>catacumbis</strong></span> <span class='ocrx_word' id='word_1_26' title='bbox 596 1011 726 1062; x_wconf 88' lang='lat' dir='ltr'><strong>romanis.</strong></span> <span class='ocrx_word' id='word_1_27' title='bbox 745 1037 780 1052; x_wconf 93' lang='lat'>-</span> <span class='ocrx_word' id='word_1_28' title='bbox 800 1011 844 1063; x_wconf 81' lang='lat' dir='ltr'><strong>ll.</strong></span> <span class='ocrx_word' id='word_1_29' title='bbox 863 1009 1084 1079; x_wconf 76' lang='lat' dir='ltr'><strong>compescuntur</strong></span> <span class='ocrx_word' id='word_1_30' title='bbox 1105 1011 1240 1063; x_wconf 77' lang='lat' dir='ltr'><strong>violantes</strong></span> <span class='ocrx_word' id='word_1_31' title='bbox 1258 1008 1337 1064; x_wconf 81' lang='lat' dir='ltr'><strong>olau-</strong></span> 
     </span>
     <span class='ocr_line' id='line_1_5' title="bbox 241 1117 1336 1187; baseline 0.002 -18"><span class='ocrx_word' id='word_1_32' title='bbox 241 1135 338 1170; x_wconf 83' lang='lat' dir='ltr'><strong>suram</strong></span> <span class='ocrx_word' id='word_1_33' title='bbox 358 1117 531 1172; x_wconf 86' lang='lat' dir='ltr'><strong>monialium.</strong></span> <span class='ocrx_word' id='word_1_34' title='bbox 544 1145 580 1160; x_wconf 93' lang='lat'><em>-</em></span> <span class='ocrx_word' id='word_1_35' title='bbox 593 1119 636 1172; x_wconf 80' lang='lat'><strong>42.</strong></span> <span class='ocrx_word' id='word_1_36' title='bbox 650 1118 719 1172; x_wconf 87' lang='lat' dir='ltr'><strong>Item</strong></span> <span class='ocrx_word' id='word_1_37' title='bbox 733 1119 866 1174; x_wconf 82' lang='lat' dir='ltr'><strong>mulieres</strong></span> <span class='ocrx_word' id='word_1_38' title='bbox 881 1119 1022 1174; x_wconf 77' lang='lat' dir='ltr'><strong>violantes</strong></span> <span class='ocrx_word' id='word_1_39' title='bbox 1039 1118 1198 1173; x_wconf 71' lang='lat' dir='ltr'><strong>clausuram</strong></span> <span class='ocrx_word' id='word_1_40' title='bbox 1211 1117 1336 1187; x_wconf 79' lang='lat' dir='ltr'><strong>Regula·</strong></span> 
     </span>
     <span class='ocr_line' id='line_1_6' title="bbox 242 1225 1336 1295; baseline 0.001 -18"><span class='ocrx_word' id='word_1_41' title='bbox 242 1225 318 1278; x_wconf 88' lang='lat' dir='ltr'><strong>rium</strong></span> <span class='ocrx_word' id='word_1_42' title='bbox 333 1225 473 1280; x_wconf 81' lang='lat' dir='ltr'><strong>Virorum.</strong></span> <span class='ocrx_word' id='word_1_43' title='bbox 486 1255 522 1268; x_wconf 97' lang='lat'>-</span> <span class='ocrx_word' id='word_1_44' title='bbox 535 1225 578 1280; x_wconf 80' lang='lat'><strong>43.</strong></span> <span class='ocrx_word' id='word_1_45' title='bbox 592 1227 703 1280; x_wconf 88' lang='lat' dir='ltr'><strong>Poenae</strong></span> <span class='ocrx_word' id='word_1_46' title='bbox 722 1227 751 1280; x_wconf 93' lang='lat' dir='ltr'><strong>in</strong></span> <span class='ocrx_word' id='word_1_47' title='bbox 765 1227 902 1282; x_wconf 85' lang='lat' dir='ltr'><strong>violantes</strong></span> <span class='ocrx_word' id='word_1_48' title='bbox 922 1228 1128 1281; x_wconf 86' lang='lat' dir='ltr'><strong>immunitatem</strong></span> <span class='ocrx_word' id='word_1_49' title='bbox 1143 1225 1214 1295; x_wconf 85' lang='lat' dir='ltr'><strong>asyli</strong></span> <span class='ocrx_word' id='word_1_50' title='bbox 1228 1225 1336 1293; x_wconf 81' lang='lat' dir='ltr'><strong>eccles,</strong></span> 
     </span>
     <span class='ocr_line' id='line_1_7' title="bbox 240 1332 833 1388; baseline 0.003 -4"><span class='ocrx_word' id='word_1_51' title='bbox 240 1349 313 1385; x_wconf 87' lang='lat' dir='ltr'><strong>ausu</strong></span> <span class='ocrx_word' id='word_1_52' title='bbox 333 1332 485 1387; x_wconf 86' lang='lat' dir='ltr'><strong>temerario</strong></span> <span class='ocrx_word' id='word_1_53' title='bbox 504 1337 553 1387; x_wconf 88' lang='lat' dir='ltr'><strong>aut</strong></span> <span class='ocrx_word' id='word_1_54' title='bbox 571 1333 679 1388; x_wconf 85' lang='lat' dir='ltr'><strong>violare</strong></span> <span class='ocrx_word' id='word_1_55' title='bbox 698 1334 833 1388; x_wconf 89' lang='lat' dir='ltr'><strong>iubentes.</strong></span> 
     </span>
    </p>
   </div>
   <div class='ocr_carea' id='block_1_4' title="bbox 145 1571 1334 4147">
    <p class='ocr_par' dir='ltr' id='par_1_4' title="bbox 146 1571 1334 3279">
     <span class='ocr_line' id='line_1_8' title="bbox 240 1571 1334 1658; baseline -0.002 -21"><span class='ocrx_word' id='word_1_56' title='bbox 240 1573 296 1638; x_wconf 81' lang='lat'><strong>40.</strong></span> <span class='ocrx_word' id='word_1_57' title='bbox 324 1574 362 1637; x_wconf 93' lang='lat' dir='ltr'><strong>In</strong></span> <span class='ocrx_word' id='word_1_58' title='bbox 384 1579 446 1640; x_wconf 90' lang='lat' dir='ltr'><strong>art.</strong></span> <span class='ocrx_word' id='word_1_59' title='bbox 464 1575 530 1640; x_wconf 87' lang='lat' dir='ltr'><strong>XV</strong></span> <span class='ocrx_word' id='word_1_60' title='bbox 550 1575 657 1640; x_wconf 88' lang='lat' dir='ltr'><strong>Const.</strong></span> <span class='ocrx_word' id='word_1_61' title='bbox 675 1575 740 1658; x_wconf 79' lang='lat' dir='ltr'><strong>Ap.</strong></span> <span class='ocrx_word' id='word_1_62' title='bbox 762 1571 860 1640; x_wconf 77' lang='lat' dir='ltr'><strong>Sectis</strong></span> <span class='ocrx_word' id='word_1_63' title='bbox 875 1576 961 1640; x_wconf 89' lang='lat' dir='ltr'><strong>inter</strong></span> <span class='ocrx_word' id='word_1_64' title='bbox 984 1571 1334 1638; x_wconf 81' lang='lat' dir='ltr'><strong>excommunicationes</strong></span> 
     </span>
     <span class='ocr_line' id='line_1_9' title="bbox 149 1694 1334 1782; baseline -0.001 -23"><span class='ocrx_word' id='word_1_65' title='bbox 149 1695 353 1777; x_wconf 81' lang='lat' dir='ltr'><strong>sinrpliciter</strong></span> <span class='ocrx_word' id='word_1_66' title='bbox 377 1696 486 1782; x_wconf 86' lang='lat' dir='ltr'><strong>Papae</strong></span> <span class='ocrx_word' id='word_1_67' title='bbox 510 1703 704 1768; x_wconf 82' lang='lat' dir='ltr'><strong>reservatas.</strong></span> <span class='ocrx_word' id='word_1_68' title='bbox 721 1716 859 1762; x_wconf 88' lang='lat' dir='ltr'><strong>censura</strong></span> <span class='ocrx_word' id='word_1_69' title='bbox 876 1702 1045 1762; x_wconf 83' lang='lat' dir='ltr'><strong>notantur:</strong></span> <span class='ocrx_word' id='word_1_70' title='bbox 1072 1694 1334 1760; x_wconf 76' lang='lat' dir='ltr'><strong>‹Emtrulreates</strong></span> 
     </span>
     <span class='ocr_line' id='line_1_10' title="bbox 149 1817 1334 1906; baseline 0 -25"><span class='ocrx_word' id='word_1_71' title='bbox 149 1818 277 1903; x_wconf 81' lang='lat' dir='ltr'><strong>absque</strong></span> <span class='ocrx_word' id='word_1_72' title='bbox 295 1820 446 1905; x_wconf 67' lang='lat' dir='ltr'><strong>lepitana</strong></span> <span class='ocrx_word' id='word_1_73' title='bbox 458 1821 556 1886; x_wconf 74' lang='lat' dir='ltr'><strong>venia</strong></span> <span class='ocrx_word' id='word_1_74' title='bbox 568 1821 732 1906; x_wconf 78' lang='lat' dir='ltr'><strong>reliquias</strong></span> <span class='ocrx_word' id='word_1_75' title='bbox 748 1841 793 1888; x_wconf 74' lang='lat' dir='ltr'><strong>ear</strong></span> <span class='ocrx_word' id='word_1_76' title='bbox 803 1823 912 1888; x_wconf 78' lang='lat' dir='ltr'><strong>sacris</strong></span> <span class='ocrx_word' id='word_1_77' title='bbox 927 1821 1141 1889; x_wconf 78' lang='lat' dir='ltr'><strong>Cormeteriis</strong></span> <span class='ocrx_word' id='word_1_78' title='bbox 1152 1821 1222 1886; x_wconf 80' lang='lat' dir='ltr'><strong>siue</strong></span> <span class='ocrx_word' id='word_1_79' title='bbox 1238 1817 1334 1886; x_wconf 84' lang='lat' dir='ltr'><strong>Gata-</strong></span> 
     </span>
     <span class='ocr_line' id='line_1_11' title="bbox 149 1941 1332 2029; baseline -0.003 -21"><span class='ocrx_word' id='word_1_80' title='bbox 149 1941 280 2008; x_wconf 73' lang='lat' dir='ltr'><strong>ambis</strong></span> <span class='ocrx_word' id='word_1_81' title='bbox 311 1942 409 2008; x_wconf 82' lang='lat' dir='ltr'><strong>Urbis</strong></span> <span class='ocrx_word' id='word_1_82' title='bbox 432 1943 564 2010; x_wconf 82' lang='lat' dir='ltr'><strong>Romae</strong></span> <span class='ocrx_word' id='word_1_83' title='bbox 587 1945 725 2028; x_wconf 81' lang='lat' dir='ltr'><strong>eiusque</strong></span> <span class='ocrx_word' id='word_1_84' title='bbox 750 1945 922 2016; x_wconf 79' lang='lat' dir='ltr'><strong>territorii,</strong></span> <span class='ocrx_word' id='word_1_85' title='bbox 947 1945 1062 2029; x_wconf 82' lang='lat' dir='ltr'><strong>eisque</strong></span> <span class='ocrx_word' id='word_1_86' title='bbox 1084 1943 1256 2009; x_wconf 78' lang='lat' dir='ltr'><strong>auxilium</strong></span> <span class='ocrx_word' id='word_1_87' title='bbox 1281 1944 1332 2006; x_wconf 84' lang='lat' dir='ltr'><strong>rel</strong></span> 
     </span>
     <span class='ocr_line' id='line_1_12' title="bbox 147 2067 1333 2153; baseline 0.003 -23"><span class='ocrx_word' id='word_1_88' title='bbox 147 2067 308 2148; x_wconf 77' lang='lat' dir='ltr'><strong>furorem</strong></span> <span class='ocrx_word' id='word_1_89' title='bbox 326 2068 525 2152; x_wconf 78' lang='lat' dir='ltr'><strong>praebentes</strong></span> <span class='ocrx_word' id='word_1_90' title='bbox 542 2090 571 2132; x_wconf 87' lang='lat'><strong>›.</strong></span> <span class='ocrx_word' id='word_1_91' title='bbox 590 2069 836 2134; x_wconf 72' lang='lat' dir='ltr'><strong>conservationi</strong></span> <span class='ocrx_word' id='word_1_92' title='bbox 854 2077 887 2135; x_wconf 90' lang='lat' dir='ltr'><strong>et</strong></span> <span class='ocrx_word' id='word_1_93' title='bbox 902 2069 1001 2136; x_wconf 87' lang='lat' dir='ltr'><strong>cultui</strong></span> <span class='ocrx_word' id='word_1_94' title='bbox 1018 2069 1228 2153; x_wconf 88' lang='lat' dir='ltr'><strong>reliquiarum</strong></span> <span class='ocrx_word' id='word_1_95' title='bbox 1249 2086 1333 2151; x_wconf 88' lang='lat' dir='ltr'><strong>quae</strong></span> 
     </span>
     <span class='ocr_line' id='line_1_13' title="bbox 148 2168 1329 2280; baseline 0.001 -25"><span class='ocrx_word' id='word_1_96' title='bbox 148 2193 361 2277; x_wconf 89' lang='lat' dir='ltr'><strong>reperiuntur</strong></span> <span class='ocrx_word' id='word_1_97' title='bbox 377 2194 410 2257; x_wconf 93' lang='lat' dir='ltr'><strong>in</strong></span> <span class='ocrx_word' id='word_1_98' title='bbox 426 2193 535 2260; x_wconf 88' lang='lat' dir='ltr'><strong>Sacris</strong></span> <span class='ocrx_word' id='word_1_99' title='bbox 553 2195 674 2259; x_wconf 87' lang='lat' dir='ltr'><strong>Rornae</strong></span> <span class='ocrx_word' id='word_1_100' title='bbox 690 2193 901 2261; x_wconf 76' lang='lat' dir='ltr'><strong>coemeteriis</strong></span> <span class='ocrx_word' id='word_1_101' title='bbox 917 2197 980 2261; x_wconf 90' lang='lat' dir='ltr'><strong>iam</strong></span> <span class='ocrx_word' id='word_1_102' title='bbox 995 2199 1210 2280; x_wconf 83' lang='lat' dir='ltr'><strong>prospexerat</strong></span> <span class='ocrx_word' id='word_1_103' title='bbox 1225 2168 1329 2257; x_wconf 76' lang='lat' dir='ltr'><strong>Edict.</strong></span> 
     </span>
     <span class='ocr_line' id='line_1_14' title="bbox 147 2315 1329 2402; baseline 0 -23"><span class='ocrx_word' id='word_1_104' title='bbox 147 2315 194 2380; x_wconf 74' lang='grc'><strong>24</strong></span> <span class='ocrx_word' id='word_1_105' title='bbox 207 2317 303 2402; x_wconf 76' lang='lat' dir='ltr'><strong>Aup.</strong></span> <span class='ocrx_word' id='word_1_106' title='bbox 317 2316 405 2383; x_wconf 87' lang='grc'><em>1613</em></span> <span class='ocrx_word' id='word_1_107' title='bbox 419 2317 522 2383; x_wconf 80' lang='lat' dir='ltr'><strong>Pauli</strong></span> <span class='ocrx_word' id='word_1_108' title='bbox 540 2317 613 2383; x_wconf 90' lang='lat' dir='ltr'><strong>Vet</strong></span> <span class='ocrx_word' id='word_1_109' title='bbox 625 2319 733 2384; x_wconf 80' lang='lat' dir='ltr'><strong>Consi.</strong></span> <span class='ocrx_word' id='word_1_110' title='bbox 754 2319 842 2384; x_wconf 77' lang='lat' dir='ltr'><strong>«Ea</strong></span> <span class='ocrx_word' id='word_1_111' title='bbox 857 2319 1085 2385; x_wconf 81' lang='lat' dir='ltr'><strong>corrrmissae»</strong></span> <span class='ocrx_word' id='word_1_112' title='bbox 1102 2317 1275 2383; x_wconf 85' lang='lat' dir='ltr'><strong>Clementis</strong></span> <span class='ocrx_word' id='word_1_113' title='bbox 1287 2317 1329 2387; x_wconf 83' lang='lat' dir='ltr'><strong>X,</strong></span> 
     </span>
     <span class='ocr_line' id='line_1_15' title="bbox 146 2438 1329 2508; baseline 0.003 -6"><span class='ocrx_word' id='word_1_114' title='bbox 146 2438 189 2504; x_wconf 84' lang='lat'><strong>13</strong></span> <span class='ocrx_word' id='word_1_115' title='bbox 211 2441 292 2506; x_wconf 78' lang='lat' dir='ltr'><strong>Ian.</strong></span> <span class='ocrx_word' id='word_1_116' title='bbox 318 2441 420 2506; x_wconf 84' lang='lat'><strong><em>1672.</em></strong></span> <span class='ocrx_word' id='word_1_117' title='bbox 445 2443 523 2508; x_wconf 84' lang='lat' dir='ltr'><strong>Cum</strong></span> <span class='ocrx_word' id='word_1_118' title='bbox 546 2463 626 2506; x_wconf 86' lang='lat' dir='ltr'><strong>vero</strong></span> <span class='ocrx_word' id='word_1_119' title='bbox 654 2445 686 2507; x_wconf 90' lang='lat' dir='ltr'><strong>in</strong></span> <span class='ocrx_word' id='word_1_120' title='bbox 715 2443 823 2506; x_wconf 88' lang='lat' dir='ltr'><strong>Sacris</strong></span> <span class='ocrx_word' id='word_1_121' title='bbox 850 2443 1060 2508; x_wconf 80' lang='lat' dir='ltr'><strong>coemeteriis</strong></span> <span class='ocrx_word' id='word_1_122' title='bbox 1083 2443 1237 2507; x_wconf 88' lang='lat' dir='ltr'><strong>Romanis</strong></span> <span class='ocrx_word' id='word_1_123' title='bbox 1264 2463 1329 2506; x_wconf 92' lang='lat' dir='ltr'><strong>non</strong></span> 
     </span>
     <span class='ocr_line' id='line_1_16' title="bbox 147 2565 1331 2653; baseline 0.003 -24"><span class='ocrx_word' id='word_1_124' title='bbox 147 2566 248 2631; x_wconf 87' lang='lat' dir='ltr'><strong>solum</strong></span> <span class='ocrx_word' id='word_1_125' title='bbox 267 2566 426 2651; x_wconf 86' lang='lat' dir='ltr'><strong>reliquiae</strong></span> <span class='ocrx_word' id='word_1_126' title='bbox 450 2571 630 2653; x_wconf 85' lang='lat' dir='ltr'><strong>martyrum</strong></span> <span class='ocrx_word' id='word_1_127' title='bbox 646 2567 897 2633; x_wconf 86' lang='lat' dir='ltr'><strong>adinveniantur</strong></span> <span class='ocrx_word' id='word_1_128' title='bbox 911 2566 969 2633; x_wconf 89' lang='lat' dir='ltr'><strong>sed</strong></span> <span class='ocrx_word' id='word_1_129' title='bbox 984 2570 1081 2634; x_wconf 88' lang='lat' dir='ltr'><strong>etiam</strong></span> <span class='ocrx_word' id='word_1_130' title='bbox 1097 2565 1237 2633; x_wconf 88' lang='lat' dir='ltr'><strong>fidelium</strong></span> <span class='ocrx_word' id='word_1_131' title='bbox 1255 2588 1331 2633; x_wconf 84' lang='lat' dir='ltr'><strong>exu-</strong></span> 
     </span>
     <span class='ocr_line' id='line_1_17' title="bbox 147 2690 1328 2776; baseline 0.003 -24"><span class='ocrx_word' id='word_1_132' title='bbox 147 2692 217 2755; x_wconf 82' lang='lat' dir='ltr'><strong>viae</strong></span> <span class='ocrx_word' id='word_1_133' title='bbox 234 2690 327 2755; x_wconf 87' lang='lat' dir='ltr'><strong>nulla</strong></span> <span class='ocrx_word' id='word_1_134' title='bbox 343 2693 521 2757; x_wconf 87' lang='lat' dir='ltr'><strong>sanctitatis</strong></span> <span class='ocrx_word' id='word_1_135' title='bbox 543 2692 657 2756; x_wconf 90' lang='lat' dir='ltr'><strong>laurea</strong></span> <span class='ocrx_word' id='word_1_136' title='bbox 679 2691 917 2763; x_wconf 77' lang='lat' dir='ltr'><strong>decoratorum,</strong></span> <span class='ocrx_word' id='word_1_137' title='bbox 934 2712 1008 2758; x_wconf 89' lang='lat' dir='ltr'><strong>curn</strong></span> <span class='ocrx_word' id='word_1_138' title='bbox 1027 2693 1139 2776; x_wconf 91' lang='lat' dir='ltr'><strong>primis</strong></span> <span class='ocrx_word' id='word_1_139' title='bbox 1156 2692 1187 2757; x_wconf 92' lang='lat' dir='ltr'><strong>S.</strong></span> <span class='ocrx_word' id='word_1_140' title='bbox 1206 2692 1276 2756; x_wconf 77' lang='lat' dir='ltr'><strong>ltu.</strong></span> <span class='ocrx_word' id='word_1_141' title='bbox 1294 2690 1328 2756; x_wconf 80' lang='lat' dir='ltr'><strong>C.</strong></span> 
     </span>
     <span class='ocr_line' id='line_1_18' title="bbox 146 2815 1327 2902; baseline 0.002 -23"><span class='ocrx_word' id='word_1_142' title='bbox 146 2816 258 2881; x_wconf 89' lang='lat' dir='ltr'><strong>sedulo</strong></span> <span class='ocrx_word' id='word_1_143' title='bbox 280 2815 456 2901; x_wconf 82' lang='lat' dir='ltr'><strong>explicarit</strong></span> <span class='ocrx_word' id='word_1_144' title='bbox 472 2818 564 2901; x_wconf 85' lang='lat' dir='ltr'><strong>signa</strong></span> <span class='ocrx_word' id='word_1_145' title='bbox 580 2816 692 2900; x_wconf 87' lang='lat' dir='ltr'><strong>quibus</strong></span> <span class='ocrx_word' id='word_1_146' title='bbox 708 2815 948 2901; x_wconf 84' lang='lat' dir='ltr'><strong>distinguuntur</strong></span> <span class='ocrx_word' id='word_1_147' title='bbox 965 2818 1119 2902; x_wconf 87' lang='lat' dir='ltr'><strong>reliquiae</strong></span> <span class='ocrx_word' id='word_1_148' title='bbox 1136 2824 1327 2902; x_wconf 84' lang='lat' dir='ltr'><strong>martyrum,</strong></span> 
     </span>
     <span class='ocr_line' id='line_1_19' title="bbox 147 2923 1329 3026; baseline 0.003 -22"><span class='ocrx_word' id='word_1_149' title='bbox 147 2943 176 3005; x_wconf 77' lang='lat' dir='ltr'><strong>u</strong></span> <span class='ocrx_word' id='word_1_150' title='bbox 201 2942 333 3007; x_wconf 68' lang='lat' dir='ltr'><strong>neerei.</strong></span> <span class='ocrx_word' id='word_1_151' title='bbox 357 2943 401 3007; x_wconf 85' lang='lat'><strong>10</strong></span> <span class='ocrx_word' id='word_1_152' title='bbox 422 2944 487 3026; x_wconf 75' lang='lat' dir='ltr'><strong>Ap.</strong></span> <span class='ocrx_word' id='word_1_153' title='bbox 503 2942 646 3011; x_wconf 74' lang='lat' dir='ltr'><strong>roasa</strong></span> <span class='ocrx_word' id='word_1_154' title='bbox 665 2944 714 3007; x_wconf 80' lang='lat' dir='ltr'><strong>ar</strong></span> <span class='ocrx_word' id='word_1_155' title='bbox 731 2942 816 3009; x_wconf 70' lang='lat' dir='ltr'><strong>ira.</strong></span> <span class='ocrx_word' id='word_1_156' title='bbox 834 2923 942 3026; x_wconf 76' lang='lat' dir='ltr'><strong>raca·</strong></span> <span class='ocrx_word' id='word_1_157' title='bbox 966 2942 1055 3025; x_wconf 73' lang='lat' dir='ltr'><strong>conr</strong></span> <span class='ocrx_word' id='word_1_158' title='bbox 1072 2944 1158 3009; x_wconf 78' lang='lat' dir='ltr'><strong>aaa</strong></span> <span class='ocrx_word' id='word_1_159' title='bbox 1180 2942 1214 3009; x_wconf 83' lang='lat' dir='ltr'><strong>s.</strong></span> <span class='ocrx_word' id='word_1_160' title='bbox 1231 2940 1329 3008; x_wconf 76' lang='lat' dir='ltr'><strong>aera</strong></span> 
     </span>
     <span class='ocr_line' id='line_1_20' title="bbox 153 3064 1327 3152; baseline 0 -23"><span class='ocrx_word' id='word_1_161' title='bbox 153 3066 222 3133; x_wconf 88' lang='lat' dir='ltr'><strong>Vol.</strong></span> <span class='ocrx_word' id='word_1_162' title='bbox 248 3066 298 3131; x_wconf 87' lang='grc' dir='ltr'><strong>ΙΙ.</strong></span> <span class='ocrx_word' id='word_1_163' title='bbox 320 3086 402 3152; x_wconf 81' lang='lat' dir='ltr'><strong>paq.</strong></span> <span class='ocrx_word' id='word_1_164' title='bbox 429 3066 500 3131; x_wconf 87' lang='grc'><strong>170</strong></span> <span class='ocrx_word' id='word_1_165' title='bbox 529 3066 565 3129; x_wconf 81' lang='lat' dir='ltr'><strong>in</strong></span> <span class='ocrx_word' id='word_1_166' title='bbox 599 3072 691 3133; x_wconf 82' lang='lat' dir='ltr'><strong>nota.</strong></span> <span class='ocrx_word' id='word_1_167' title='bbox 716 3068 868 3130; x_wconf 81' lang='lat' dir='ltr'><strong>Attamen</strong></span> <span class='ocrx_word' id='word_1_168' title='bbox 899 3064 939 3131; x_wconf 91' lang='lat' dir='ltr'><strong>de</strong></span> <span class='ocrx_word' id='word_1_169' title='bbox 963 3066 1106 3150; x_wconf 86' lang='lat' dir='ltr'><strong>reliquiis</strong></span> <span class='ocrx_word' id='word_1_170' title='bbox 1137 3085 1219 3149; x_wconf 90' lang='lat' dir='ltr'><strong>quae</strong></span> <span class='ocrx_word' id='word_1_171' title='bbox 1250 3065 1327 3130; x_wconf 90' lang='lat' dir='ltr'><strong>inibi</strong></span> 
     </span>
     <span class='ocr_line' id='line_1_21' title="bbox 147 3191 1184 3279; baseline 0.001 -25"><span class='ocrx_word' id='word_1_172' title='bbox 147 3194 358 3277; x_wconf 89' lang='lat' dir='ltr'><strong>reperiuntur</strong></span> <span class='ocrx_word' id='word_1_173' title='bbox 381 3210 445 3255; x_wconf 91' lang='lat' dir='ltr'><strong>nou</strong></span> <span class='ocrx_word' id='word_1_174' title='bbox 470 3210 547 3255; x_wconf 91' lang='lat' dir='ltr'><strong>raro</strong></span> <span class='ocrx_word' id='word_1_175' title='bbox 571 3191 735 3259; x_wconf 87' lang='lat' dir='ltr'><strong>dubitatur</strong></span> <span class='ocrx_word' id='word_1_176' title='bbox 758 3212 800 3256; x_wconf 89' lang='lat' dir='ltr'><strong>an</strong></span> <span class='ocrx_word' id='word_1_177' title='bbox 823 3192 878 3257; x_wconf 89' lang='lat' dir='ltr'><strong>SS.</strong></span> <span class='ocrx_word' id='word_1_178' title='bbox 904 3193 1087 3279; x_wconf 84' lang='lat' dir='ltr'><strong>Martyrum</strong></span> <span class='ocrx_word' id='word_1_179' title='bbox 1111 3192 1184 3255; x_wconf 90' lang='lat' dir='ltr'><strong>sint.</strong></span> 
     </span>
    </p>

    <p class='ocr_par' dir='ltr' id='par_1_5' title="bbox 145 3314 1327 3651">
     <span class='ocr_line' id='line_1_22' title="bbox 235 3314 1327 3400; baseline 0 -21"><span class='ocrx_word' id='word_1_180' title='bbox 235 3316 388 3379; x_wconf 87' lang='lat' dir='ltr'><strong>lamvero</strong></span> <span class='ocrx_word' id='word_1_181' title='bbox 404 3315 560 3381; x_wconf 88' lang='lat' dir='ltr'><strong>articulus</strong></span> <span class='ocrx_word' id='word_1_182' title='bbox 572 3317 647 3400; x_wconf 77' lang='lat' dir='ltr'><strong>agir,</strong></span> <span class='ocrx_word' id='word_1_183' title='bbox 662 3314 822 3396; x_wconf 84' lang='lat' dir='ltr'><strong>absolute,</strong></span> <span class='ocrx_word' id='word_1_184' title='bbox 835 3315 875 3379; x_wconf 92' lang='lat' dir='ltr'><strong>de</strong></span> <span class='ocrx_word' id='word_1_185' title='bbox 887 3316 1053 3400; x_wconf 83' lang='lat' dir='ltr'><strong>reliquiis,</strong></span> <span class='ocrx_word' id='word_1_186' title='bbox 1068 3323 1102 3380; x_wconf 86' lang='lat' dir='ltr'><strong>et</strong></span> <span class='ocrx_word' id='word_1_187' title='bbox 1115 3316 1175 3380; x_wconf 82' lang='lat' dir='ltr'><strong>has</strong></span> <span class='ocrx_word' id='word_1_188' title='bbox 1190 3314 1327 3400; x_wconf 84' lang='lat' dir='ltr'><strong>proinde</strong></span> 
     </span>
     <span class='ocr_line' id='line_1_23' title="bbox 145 3437 1327 3525; baseline 0.001 -24"><span class='ocrx_word' id='word_1_189' title='bbox 145 3439 357 3525; x_wconf 84' lang='lat' dir='ltr'><strong>intelligimus</strong></span> <span class='ocrx_word' id='word_1_190' title='bbox 372 3437 576 3506; x_wconf 78' lang='lat' dir='ltr'><strong>Sanctorum</strong></span> <span class='ocrx_word' id='word_1_191' title='bbox 585 3460 599 3523; x_wconf 92' lang='lat'><strong>,·</strong></span> <span class='ocrx_word' id='word_1_192' title='bbox 623 3458 723 3524; x_wconf 88' lang='lat' dir='ltr'><strong>quare</strong></span> <span class='ocrx_word' id='word_1_193' title='bbox 747 3446 951 3524; x_wconf 85' lang='lat' dir='ltr'><strong>asportantes</strong></span> <span class='ocrx_word' id='word_1_194' title='bbox 969 3441 1122 3525; x_wconf 86' lang='lat' dir='ltr'><strong>reliquias</strong></span> <span class='ocrx_word' id='word_1_195' title='bbox 1138 3459 1220 3522; x_wconf 91' lang='lat' dir='ltr'><strong>quae</strong></span> <span class='ocrx_word' id='word_1_196' title='bbox 1236 3444 1327 3505; x_wconf 84' lang='lat' dir='ltr'><strong>certe</strong></span> 
     </span>
     <span class='ocr_line' id='line_1_24' title="bbox 146 3565 1017 3651; baseline 0 -24"><span class='ocrx_word' id='word_1_197' title='bbox 146 3570 331 3651; x_wconf 87' lang='lat' dir='ltr'><strong>martyrum</strong></span> <span class='ocrx_word' id='word_1_198' title='bbox 353 3582 417 3627; x_wconf 90' lang='lat' dir='ltr'><strong>non</strong></span> <span class='ocrx_word' id='word_1_199' title='bbox 441 3570 526 3644; x_wconf 87' lang='lat' dir='ltr'><strong>sunt,</strong></span> <span class='ocrx_word' id='word_1_200' title='bbox 550 3582 722 3629; x_wconf 89' lang='lat' dir='ltr'><strong>censuram</strong></span> <span class='ocrx_word' id='word_1_201' title='bbox 747 3583 812 3627; x_wconf 92' lang='lat' dir='ltr'><strong>nou</strong></span> <span class='ocrx_word' id='word_1_202' title='bbox 836 3565 1017 3629; x_wconf 87' lang='lat' dir='ltr'><strong>incurrunt.</strong></span> 
     </span>
    </p>

    <p class='ocr_par' dir='ltr' id='par_1_6' title="bbox 146 3684 1325 4147">
     <span class='ocr_line' id='line_1_25' title="bbox 233 3684 1324 3773; baseline 0.002 -19"><span class='ocrx_word' id='word_1_203' title='bbox 233 3690 319 3765; x_wconf 88' lang='lat' dir='ltr'><strong>Quid</strong></span> <span class='ocrx_word' id='word_1_204' title='bbox 335 3691 415 3755; x_wconf 90' lang='lat' dir='ltr'><strong>iuris</strong></span> <span class='ocrx_word' id='word_1_205' title='bbox 431 3689 472 3753; x_wconf 93' lang='lat' dir='ltr'><strong>de</strong></span> <span class='ocrx_word' id='word_1_206' title='bbox 486 3688 642 3773; x_wconf 78' lang='lat' dir='ltr'><strong>reliquiis</strong></span> <span class='ocrx_word' id='word_1_207' title='bbox 657 3684 796 3755; x_wconf 75' lang='lat' dir='ltr'><strong>dubiis?</strong></span> <span class='ocrx_word' id='word_1_208' title='bbox 811 3690 1013 3754; x_wconf 87' lang='lat' dir='ltr'><strong>communior</strong></span> <span class='ocrx_word' id='word_1_209' title='bbox 1024 3691 1185 3755; x_wconf 89' lang='lat' dir='ltr'><strong>sententia</strong></span> <span class='ocrx_word' id='word_1_210' title='bbox 1199 3690 1324 3756; x_wconf 88' lang='lat' dir='ltr'><strong>asserit.</strong></span> 
     </span>
     <span class='ocr_line' id='line_1_26' title="bbox 146 3811 1325 3898; baseline -0.001 -20"><span class='ocrx_word' id='word_1_211' title='bbox 146 3834 301 3880; x_wconf 88' lang='lat' dir='ltr'><strong>censuras</strong></span> <span class='ocrx_word' id='word_1_212' title='bbox 316 3815 490 3879; x_wconf 88' lang='lat' dir='ltr'><strong>incurrere</strong></span> <span class='ocrx_word' id='word_1_213' title='bbox 513 3812 572 3878; x_wconf 87' lang='lat' dir='ltr'><strong>has</strong></span> <span class='ocrx_word' id='word_1_214' title='bbox 593 3832 718 3898; x_wconf 86' lang='lat' dir='ltr'><strong>quoque</strong></span> <span class='ocrx_word' id='word_1_215' title='bbox 736 3814 888 3897; x_wconf 87' lang='lat' dir='ltr'><strong>reliquias</strong></span> <span class='ocrx_word' id='word_1_216' title='bbox 904 3815 1126 3885; x_wconf 83' lang='lat' dir='ltr'><strong>extrahentes,</strong></span> <span class='ocrx_word' id='word_1_217' title='bbox 1144 3814 1218 3897; x_wconf 90' lang='lat' dir='ltr'><strong>quia</strong></span> <span class='ocrx_word' id='word_1_218' title='bbox 1234 3811 1325 3878; x_wconf 87' lang='lat' dir='ltr'><strong>adest</strong></span> 
     </span>
     <span class='ocr_line' id='line_1_27' title="bbox 146 3935 1323 4021; baseline 0.002 -23"><span class='ocrx_word' id='word_1_219' title='bbox 146 3942 291 4019; x_wconf 88' lang='lat' dir='ltr'><strong>apertum</strong></span> <span class='ocrx_word' id='word_1_220' title='bbox 308 3938 489 4021; x_wconf 90' lang='lat' dir='ltr'><strong>periculum</strong></span> <span class='ocrx_word' id='word_1_221' title='bbox 505 3935 755 4021; x_wconf 83' lang='lat' dir='ltr'><strong>profanationis:</strong></span> <span class='ocrx_word' id='word_1_222' title='bbox 772 3937 813 4001; x_wconf 84' lang='lat' dir='ltr'><strong>cl.</strong></span> <span class='ocrx_word' id='word_1_223' title='bbox 828 3938 986 4001; x_wconf 84' lang='lat' dir='ltr'><strong>Avanziui</strong></span> <span class='ocrx_word' id='word_1_224' title='bbox 1003 3937 1034 4000; x_wconf 85' lang='lat' dir='ltr'><strong>h.</strong></span> <span class='ocrx_word' id='word_1_225' title='bbox 1051 3938 1088 4018; x_wconf 87' lang='lat' dir='ltr'><strong>l.;</strong></span> <span class='ocrx_word' id='word_1_226' title='bbox 1104 3946 1139 4001; x_wconf 91' lang='lat' dir='ltr'><strong>at</strong></span> <span class='ocrx_word' id='word_1_227' title='bbox 1153 3956 1323 4001; x_wconf 88' lang='lat' dir='ltr'><strong>censuram</strong></span> 
     </span>
     <span class='ocr_line' id='line_1_28' title="bbox 147 4058 1324 4147; baseline 0.005 -28"><span class='ocrx_word' id='word_1_228' title='bbox 147 4060 267 4125; x_wconf 91' lang='lat' dir='ltr'><strong>incurri</strong></span> <span class='ocrx_word' id='word_1_229' title='bbox 292 4064 401 4147; x_wconf 85' lang='lat' dir='ltr'><strong>negat,</strong></span> <span class='ocrx_word' id='word_1_230' title='bbox 426 4080 498 4125; x_wconf 89' lang='lat' dir='ltr'><strong>cum</strong></span> <span class='ocrx_word' id='word_1_231' title='bbox 523 4060 562 4124; x_wconf 92' lang='lat' dir='ltr'><strong>cl.</strong></span> <span class='ocrx_word' id='word_1_232' title='bbox 581 4061 762 4125; x_wconf 90' lang='lat' dir='ltr'><strong>Bucceroni</strong></span> <span class='ocrx_word' id='word_1_233' title='bbox 786 4065 818 4126; x_wconf 89' lang='lat' dir='ltr'><strong>et</strong></span> <span class='ocrx_word' id='word_1_234' title='bbox 841 4059 882 4124; x_wconf 77' lang='lat' dir='ltr'><strong>cl¹</strong></span> <span class='ocrx_word' id='word_1_235' title='bbox 904 4060 1102 4132; x_wconf 88' lang='lat' dir='ltr'><strong>Pennacchi‚</strong></span> <span class='ocrx_word' id='word_1_236' title='bbox 1124 4058 1324 4125; x_wconf 82' lang='lat' dir='ltr'><strong>D&#39;Annibale</strong></span> 
     </span>
    </p>
   </div>
   <div class='ocr_carea' id='block_1_5' title="bbox 148 4178 1323 4287">
    <p class='ocr_par' dir='ltr' id='par_1_7' title="bbox 148 4178 1323 4287">
     <span class='ocr_line' id='line_1_29' title="bbox 148 4178 1323 4287; baseline 0 -37"><span class='ocrx_word' id='word_1_237' title='bbox 148 4184 274 4250; x_wconf 85' lang='lat' dir='ltr'><strong>Comm.</strong></span> <span class='ocrx_word' id='word_1_238' title='bbox 291 4206 325 4249; x_wconf 80' lang='lat' dir='ltr'><strong>a.</strong></span> <span class='ocrx_word' id='word_1_239' title='bbox 343 4184 426 4259; x_wconf 70' lang='lat'><strong>14&amp;</strong></span> <span class='ocrx_word' id='word_1_240' title='bbox 442 4178 535 4287; x_wconf 68' lang='lat' dir='ltr'><strong>uncle*</strong></span> <span class='ocrx_word' id='word_1_241' title='bbox 543 4182 639 4249; x_wconf 91' lang='lat' dir='ltr'><strong>dubia</strong></span> <span class='ocrx_word' id='word_1_242' title='bbox 655 4183 790 4248; x_wconf 86' lang='lat' dir='ltr'><strong>dicenda</strong></span> <span class='ocrx_word' id='word_1_243' title='bbox 807 4191 856 4249; x_wconf 89' lang='lat' dir='ltr'><strong>est</strong></span> <span class='ocrx_word' id='word_1_244' title='bbox 879 4186 912 4249; x_wconf 94' lang='lat' dir='ltr'><strong>in</strong></span> <span class='ocrx_word' id='word_1_245' title='bbox 932 4204 1018 4257; x_wconf 86' lang='lat' dir='ltr'><strong>casu,</strong></span> <span class='ocrx_word' id='word_1_246' title='bbox 1035 4204 1092 4249; x_wconf 88' lang='lat' dir='ltr'><strong>seu</strong></span> <span class='ocrx_word' id='word_1_247' title='bbox 1115 4184 1210 4250; x_wconf 90' lang='lat' dir='ltr'><strong>dubia</strong></span> <span class='ocrx_word' id='word_1_248' title='bbox 1232 4185 1323 4265; x_wconf 85' lang='lat' dir='ltr'><strong>iuris,</strong></span> 
     </span>
    </p>
   </div>
   <div class='ocr_carea' id='block_1_6' title="bbox 146 4308 1324 4516">
    <p class='ocr_par' dir='ltr' id='par_1_8' title="bbox 146 4308 1324 4516">
     <span class='ocr_line' id='line_1_30' title="bbox 146 4308 1324 4394; baseline 0 -22"><span class='ocrx_word' id='word_1_249' title='bbox 146 4328 291 4383; x_wconf 86' lang='lat' dir='ltr'><strong>censura,</strong></span> <span class='ocrx_word' id='word_1_250' title='bbox 317 4309 517 4394; x_wconf 88' lang='lat' dir='ltr'><strong>proindeque</strong></span> <span class='ocrx_word' id='word_1_251' title='bbox 536 4328 602 4374; x_wconf 92' lang='lat' dir='ltr'><strong>non</strong></span> <span class='ocrx_word' id='word_1_252' title='bbox 626 4310 814 4375; x_wconf 89' lang='lat' dir='ltr'><strong>incurritur.</strong></span> <span class='ocrx_word' id='word_1_253' title='bbox 833 4344 851 4357; x_wconf 91' lang='lat'>-</span> <span class='ocrx_word' id='word_1_254' title='bbox 868 4310 975 4375; x_wconf 87' lang='lat' dir='ltr'><strong>Venia</strong></span> <span class='ocrx_word' id='word_1_255' title='bbox 999 4330 1079 4375; x_wconf 88' lang='lat' dir='ltr'><strong>vero</strong></span> <span class='ocrx_word' id='word_1_256' title='bbox 1102 4308 1251 4376; x_wconf 87' lang='lat' dir='ltr'><strong>donanda</strong></span> <span class='ocrx_word' id='word_1_257' title='bbox 1274 4314 1324 4373; x_wconf 89' lang='lat' dir='ltr'><strong>est</strong></span> 
     </span>
     <span class='ocr_line' id='line_1_31' title="bbox 148 4432 1322 4516; baseline 0 -20"><span class='ocrx_word' id='word_1_258' title='bbox 148 4453 165 4496; x_wconf 87' lang='lat' dir='ltr'><strong>a</strong></span> <span class='ocrx_word' id='word_1_259' title='bbox 187 4434 279 4501; x_wconf 83' lang='lat' dir='ltr'><strong>Card.</strong></span> <span class='ocrx_word' id='word_1_260' title='bbox 298 4433 435 4498; x_wconf 88' lang='lat' dir='ltr'><strong>Vicario</strong></span> <span class='ocrx_word' id='word_1_261' title='bbox 451 4433 556 4508; x_wconf 89' lang='lat' dir='ltr'><strong>Urbis,</strong></span> <span class='ocrx_word' id='word_1_262' title='bbox 574 4451 655 4516; x_wconf 88' lang='lat' dir='ltr'><strong>quae</strong></span> <span class='ocrx_word' id='word_1_263' title='bbox 678 4440 711 4497; x_wconf 91' lang='lat' dir='ltr'><strong>et</strong></span> <span class='ocrx_word' id='word_1_264' title='bbox 734 4438 892 4499; x_wconf 79' lang='lat' dir='ltr'><strong>oretenus</strong></span> <span class='ocrx_word' id='word_1_265' title='bbox 915 4434 989 4499; x_wconf 83' lang='lat' dir='ltr'><strong>data</strong></span> <span class='ocrx_word' id='word_1_266' title='bbox 1005 4432 1160 4500; x_wconf 85' lang='lat' dir='ltr'><strong>sufficere</strong></span> <span class='ocrx_word' id='word_1_267' title='bbox 1183 4433 1322 4506; x_wconf 87' lang='lat' dir='ltr'><strong>ridetur,</strong></span> 
     </span>
    </p>
   </div>
   <div class='ocr_carea' id='block_1_7' title="bbox 0 0 1680 5100">
    <p class='ocr_par' dir='ltr' id='par_1_9' title="bbox 0 0 1680 5100">
     <span class='ocr_line' id='line_1_32' title="bbox 0 0 1680 5100; baseline 0 2"><span class='ocrx_word' id='word_1_268' title='bbox 0 0 1680 5100; x_wconf 95' lang='lat' dir='ltr'><strong> </strong></span> 
     </span>
    </p>
   </div>
  </div>
 </body>
</html>
