3350 5100
549 309 591 353 na
616 309 756 355 runicus
778 312 1022 361 cnrurunuruus
1306 298 1370 365 327

200 431 308 496 Veluti
324 434 463 515 repulsa
478 412 606 499 testium
623 440 772 503 movetur
793 439 862 502 sive
883 440 915 502 in
931 444 1030 505 testes
1045 443 1285 509 accusatomoa
1303 446 1371 509 sive

198 556 231 619 in
254 561 353 621 testes
376 556 595 639 defensortos.

287 682 367 745 Ilum
391 684 536 765 quaestio
559 691 615 748 aut
636 686 843 768 principalis
870 696 927 752 aut
958 690 1147 755 accessoria
1178 690 1373 757 iudicialiter

199 806 381 873 introducta
403 808 575 874 instruitur
598 816 631 873 et
653 808 814 882 definitur,
845 832 977 876 necesse
1001 820 1049 877 est
1073 822 1108 878 ut
1131 821 1266 899 uterque
1293 836 1373 881 con·

197 930 343 1005 tendens,
355 933 425 997 scil.
437 940 617 1005 accusator,
634 954 691 999 seu
708 936 804 1000 iudex
819 938 986 1020 inquirens
1003 946 1035 1003 et
1054 946 1233 1021 accusatus,
1246 947 1373 1025 partem

198 1055 352 1127 habeant.
377 1059 510 1141 quisque
542 1080 601 1143 pro
632 1080 690 1124 suo
721 1080 874 1133 munere,
898 1063 931 1126 in
962 1062 1142 1129 iudicialem
1169 1066 1374 1134 instantiam:

198 1179 405 1263 quamobrem
429 1182 515 1247 edita
536 1187 696 1249 sententia
718 1186 902 1270 appellatur
923 1188 1198 1254 contradictoria.
1223 1192 1285 1256 Ast
1306 1211 1371 1255 non

198 1307 297 1369 semel
327 1313 497 1373 accusatus
524 1315 655 1373 recusat
687 1310 720 1372 in
751 1309 902 1374 iudicium
933 1330 1123 1396 comparere
1154 1320 1189 1378 ut
1222 1314 1372 1381 conferat

198 1436 391 1515 argumenta
412 1430 608 1497 defensionis
630 1434 698 1499 sive
721 1436 755 1498 in
778 1436 997 1517 quaestionem
1020 1436 1231 1512 incidentem,
1249 1441 1319 1505 sive
1339 1441 1371 1504 in

198 1556 417 1637 quaestionem
438 1556 678 1640 principum,
694 1559 845 1622 nimirum
869 1559 1040 1642 aliquando
1060 1568 1232 1627 accusatus
1247 1560 1283 1627 fit
1299 1582 1374 1629 coa·

199 1690 329 1745 tamam.
342 1680 594 1747 subverteretur
609 1690 715 1749 autem
738 1684 819 1749 ordo
843 1685 982 1750 iustitiae
1005 1687 1031 1749 si
1055 1690 1258 1752 contumacia
1273 1708 1374 1753 accu-

198 1805 257 1867 sati
289 1806 510 1887 quaestionum
539 1807 729 1873 solutionem
760 1808 953 1891 praepedire
984 1809 1129 1888 valeret,
1162 1809 1371 1893 quamobrem

198 1936 325 2013 oportet
348 1932 444 1996 etiam
468 1932 501 1995 in
524 1936 738 1997 contumaces
761 1934 938 1997 sententias
962 1934 1114 2017 proferri.
1146 1934 1210 2001 Sibi
1237 1937 1374 2019 imputet

198 2060 372 2119 contumax
396 2058 422 2119 si
444 2056 679 2121 condemnatur
700 2058 847 2140 quamvis
875 2058 1040 2139 innocens,
1064 2058 1103 2123 ob
1130 2078 1196 2123 non
1219 2059 1374 2127 deductas

197 2178 411 2244 defensiones.
427 2180 592 2245 Eiusmodi
613 2182 775 2247 sententia
797 2188 932 2247 vocatur
954 2182 1220 2249 contumactatis.
1233 2180 1284 2249 'Do
1307 2202 1375 2269 spe·

198 2305 271 2369 ciali
295 2323 448 2389 processu
472 2308 713 2372 contumaciali
734 2309 768 2371 in
791 2314 884 2391 parte
915 2308 1048 2391 speciali
1077 2308 1196 2391 aliquid
1219 2308 1373 2377 dicemus.

286 2428 361 2494 256.
386 2428 553 2494 Sententia
568 2430 740 2514 definitiva
763 2437 813 2495 est
827 2430 880 2495 vel
903 2431 1185 2497 coademaatorta
1200 2432 1253 2497 vel
1276 2432 1375 2499 abso·

198 2555 334 2620 latoria.
357 2555 485 2619 Etenim
509 2555 697 2639 principalis
719 2558 915 2638 quaestionis
938 2557 1075 2622 intentio
1098 2563 1165 2638 est,
1190 2563 1374 2622 accusatum

198 2679 238 2743 de
259 2680 367 2763 aliquo
391 2681 527 2745 crimine
550 2680 714 2764 postulare
746 2686 780 2745 ut
805 2679 930 2745 debitas
953 2699 1075 2763 poenas
1107 2681 1185 2745 luat.
1210 2681 1376 2746 Sententia

199 2824 329 2869 causam
357 2802 514 2870 definiens
541 2811 597 2870 aut
626 2807 796 2870 intentioni
825 2806 1042 2870 accusationis
1072 2804 1244 2890 respondet
1271 2812 1376 2871 otest

198 2929 488 3003 condemnatione,
501 2934 557 2994 aut
579 2927 773 2994 contradicit
794 2933 827 2991 et
849 2933 900 2992 est
922 2927 1139 2994 absolutoria.
1163 2928 1375 2993 Nihilominus

198 3053 293 3118 datur
307 3053 422 3118 media
437 3052 627 3138 hypothesis
649 3071 706 3116 seu
726 3052 809 3135 quod
825 3053 985 3116 sententia
1001 3072 1106 3135 neque
1121 3055 1205 3116 omni
1224 3073 1266 3118 ex
1282 3059 1375 3138 parte

198 3177 363 3262 indulgeat
378 3197 482 3260 neque
497 3176 701 3243 contradicat
715 3178 886 3242 intentioni
901 3179 1107 3250 accusatoris,
1125 3179 1279 3260 quocirca
1302 3197 1376 3244 cou-

199 3303 358 3368 demuatio
371 3323 446 3367 uon
470 3309 520 3368 est
538 3305 654 3386 plena,
680 3303 787 3386 prouti
810 3301 1036 3386 expostulabat
1062 3310 1243 3377 accusator,
1268 3287 1375 3387 neque

198 3425 355 3492 absolutio
378 3435 429 3493 est
445 3430 563 3512 plena,
587 3429 692 3512 prouti
717 3421 914 3512 efflagitabat
936 3433 1117 3492 accusatus.

290 3552 468 3616 Praeterea
482 3551 691 3618 absolutoria
706 3570 770 3614 non
793 3570 923 3634 semper
939 3549 1119 3616 absolutum
1139 3551 1269 3616 dimittit
1283 3571 1376 3616 accu-

199 3682 315 3739 satum.
326 3695 349 3740 a
372 3676 524 3747 oramine,
540 3674 597 3740 sed
612 3674 783 3758 aliquando
799 3673 939 3739 absolvit
962 3674 1130 3740 dumtaxat
1145 3676 1184 3740 ab
1200 3677 1374 3752 instantia,

199 3820 257 3864 seu
271 3799 312 3865 ab
327 3801 559 3867 obseruatione
569 3798 698 3867 iudicii.
715 3798 788 3864 Hoc
802 3799 1018 3865 diversimode
1033 3797 1069 3864 lit
1086 3803 1117 3863 in
1135 3800 1250 3866 iudicio
1266 3801 1376 3884 inqui·

198 3925 315 3991 atomo
337 3943 377 3989 ac
399 3924 433 3988 in
447 3924 659 3990 accusatorio
674 3930 731 3988 aut
749 3922 868 3989 mictu.
887 3923 966 3988 Nam
990 3924 1024 3986 in
1043 3941 1134 4004 pare
1149 3923 1375 4007 inquisitam,

49 4101 54 4109 .
120 4120 123 4127 ‚
199 4055 365 4132 postquam
387 4049 532 4112 instituta
547 4054 596 4112 est
610 4049 772 4130 inquisitio
796 4054 828 4112 et
852 4050 921 4131 ipse
937 4067 1012 4111 reus
1027 4047 1201 4113 submissus
1219 4047 1280 4112 luit
1303 4067 1376 4112 exa·

200 4175 287 4246 mini,
304 4176 331 4238 si
346 4173 465 4239 exinde
480 4173 644 4258 supersint
666 4172 793 4252 indicia,
809 4173 864 4236 sed
890 4192 954 4236 non
981 4170 1126 4256 probatio
1150 4170 1312 4237 sufficiens
1335 4171 1375 4236 ad

199 4297 509 4371 condemnationem,
525 4299 695 4381 inquisitus
717 4295 886 4362 dimittitur
908 4295 1083 4367 absolutus,
1099 4296 1318 4362 tantummodo
1336 4297 1376 4362 ab

199 4425 378 4488 instaurata
400 4423 579 4495 instantia,
606 4427 669 4486 non
693 4441 771 4486 vero
803 4441 823 4484 a
854 4421 1016 4502 crimiae3
1040 4439 1096 4485 seu
1121 4423 1165 4486 uti
1195 4420 1289 4485 hodie
1313 4419 1375 4485 dici
