3350 5100
536 299 582 346 DE
607 297 761 346 nnmcrls
784 299 827 346 ET
852 295 970 346 POENIS

604 653 784 721 TITULUS
807 653 903 720 XIII.

215 870 476 918 occursantibus
496 873 519 917 Δ
542 870 695 917 0118111018
720 869 757 916 ΙΝ
780 867 999 916 mscu’ntnnnr
1015 863 1298 913 uectustnsrlcnne

666 993 832 1041 ADMISSIS.

158 1212 383 1280 Surrentium.
394 1253 431 1266 -
441 1225 485 1278 78.
506 1225 622 1280 Diversa
634 1225 756 1280 remedia
768 1241 840 1296 quae
853 1225 1033 1293 compescunt
1051 1219 1168 1276 clericos
1181 1219 1345 1289 delinquen-

251 1336 297 1385 tes
314 1331 344 1384 in
362 1330 581 1386 ecclesiasticam
605 1330 792 1402 disciplinam.
811 1359 847 1373 -
865 1331 908 1384 79.
929 1329 968 1384 De
987 1329 1097 1383 clericis
1119 1325 1295 1395 regularibus
1314 1329 1343 1379 et

253 1436 288 1491 de
305 1436 417 1491 clericis
433 1437 627 1491 suecctcribus
644 1441 837 1508 6116616111.-
856 1435 900 1490 80.
920 1435 959 1489 De
976 1434 1137 1490 excessibus
1154 1432 1343 1503 praelatorum

253 1543 484 1598 atsubditorum.
503 1543 544 1598 De
562 1545 722 1598 excessibus
741 1543 992 1614 privilegiatorum.

254 1796 308 1860 78.
333 1795 489 1880 Specialis
504 1815 612 1861 sermo
627 1794 795 1861 habendus
811 1802 860 1860 est
875 1793 915 1858 de
931 1792 1119 1860 criminibus
1135 1811 1216 1877 quae
1238 1811 1258 1855 a
1281 1791 1344 1856 cle

159 1920 240 1984 riuis
252 1923 425 2004 patrantur
435 1919 631 1986 violantibus
647 1921 899 1986 ecclesiasticam
915 1917 1126 2002 disciplinam,
1139 1917 1213 2000 quia
1225 1917 1345 2000 speciu-

159 2045 228 2109 lem
251 2044 375 2110 habent
395 2046 592 2130 gravitatem
615 2051 648 2110 et
669 2046 809 2130 propriis
825 2043 977 2109 remediis
992 2049 1250 2127 compescuntur.
1268 2073 1287 2088 -
1304 2041 1343 2106 In
1432 2107 1436 2114 ,

161 2171 277 2254 primis
292 2171 465 2235 recolimus
481 2189 602 2256 poenas
617 2167 889 2236 conventionales
903 2185 987 2251 quae
1002 2167 1035 2230 in
1052 2164 1156 2230 officio
1176 2166 1342 2232 continent
1431 2171 1435 2180 “

162 2293 304 2359 clericos
335 2315 392 2360 eos
420 2297 588 2381 privantes
615 2293 775 2359 fructibus
797 2293 851 2357 vel
880 2293 948 2378 ipsa
978 2289 1163 2376 praebenda
1193 2290 1256 2354 nisi
1286 2307 1344 2354 suo

163 2418 369 2484 satisfaciant
390 2419 519 2484 muneri
541 2424 596 2484 aut
619 2419 716 2484 alicui
739 2437 783 2483 ex
806 2415 1054 2502 obligationibus
1072 2414 1148 2480 inde
1170 2415 1344 2498 susceptis;

163 2542 282 2609 deinde
301 2544 368 2610 huo
384 2542 579 2611 referendae
593 2550 669 2610 sunt
683 2543 965 2630 irrepnlaritatea
981 2544 1138 2626 quatenus
1155 2543 1230 2605 sunt
1245 2539 1344 2624 impe-

162 2669 308 2735 dimenta
322 2689 405 2753 quae
420 2676 536 2735 arcent
550 2669 590 2735 ab
606 2668 771 2734 ordinibus
787 2667 997 2753 suscipiendis
1012 2672 1108 2750 atque
1123 2683 1143 2728 a
1159 2667 1222 2729 iam
1238 2682 1346 2729 susce-

162 2794 228 2877 ptis
259 2791 499 2873 ministrandis,
523 2812 668 2876 quaeque
698 2792 871 2857 consulunt
901 2790 1011 2855 decori
1041 2788 1127 2854 sacri
1154 2788 1343 2862 ministerii;

163 2915 304 2999 denique
317 2922 452 3001 praeter
467 2936 588 3003 poenas
603 2918 672 2982 sive
687 2918 820 3001 proprie
835 2914 936 2980 dictas
960 2916 1029 2980 sive
1052 2930 1207 2979 censuras
1231 2932 1251 2977 a
1273 2912 1345 2977 iure

163 3044 325 3107 communi
351 3042 406 3109 vel
432 3043 620 3127 particulari
654 3042 710 3107 lot.
739 3041 792 3107 vel
818 3041 883 3123 fer.
907 3046 988 3106 sent.
1022 3039 1241 3105 recensendae
1272 3044 1347 3103 sunt

163 3185 290 3250 poenae
304 3166 522 3240 arbitrariae,
535 3174 570 3234 et
583 3167 646 3231 hae
657 3166 698 3231 ad
714 3164 892 3251 ungendam
905 3164 1144 3231 ecclesiasticae
1156 3161 1347 3248 disciplinae

163 3292 407 3357 observantiam
430 3312 547 3378 magno
570 3294 641 3357 usui
665 3298 757 3371 sunt,
781 3292 888 3376 prouti
911 3290 1005 3356 docet
1035 3289 1219 3373 quotidiana
1246 3308 1345 3374 expe-

164 3417 301 3492 rientia;
325 3416 427 3483 veluti
449 3417 617 3502 suspensio
640 3436 660 3481 a
682 3416 800 3481 divinis
822 3415 889 3479 lata
911 3414 954 3480 ab
978 3414 1113 3481 homine
1136 3420 1185 3479 est
1207 3432 1347 3478 censura

163 3559 248 3625 quae
264 3559 324 3625 pro
339 3540 507 3608 hodiernis
529 3541 689 3606 adiunctis
703 3541 844 3605 maxime
867 3550 901 3606 et
922 3558 1002 3625 praa
1018 3540 1137 3605 ceteris
1156 3538 1291 3603 inservit
1306 3535 1346 3600 ad

161 3666 305 3731 clericos
322 3665 434 3732 devios
456 3665 635 3751 puniendos
657 3671 690 3730 et
712 3663 936 3751 corrigendos.

255 3789 311 3854 76.
335 3790 454 3855 Clerici
478 3790 660 3876 Regulares
686 3796 875 3875 praeterea,
900 3788 1034 3854 subsunt
1062 3786 1185 3873 regulis
1214 3802 1345 3859 suorum

163 3912 327 3979 Ordinem
352 3921 385 3979 61
406 3914 467 3979 has
482 3914 664 4001 infringere
680 3932 782 4000 grave
804 3914 857 3977 vel
880 3912 953 3978 leve
976 3916 1025 3977 eet
1040 3930 1099 3996 pro
1114 3908 1259 3974 subiecta
1281 3925 1346 3973 ma-

162 4036 267 4110 teria;
290 4035 348 4101 sed
371 4036 513 4110 crimen,
539 4020 672 4123 proprio
703 4056 817 4107 sensu,
843 4054 907 4099 non
937 4033 1076 4099 habetur
1106 4032 1168 4096 nisi
1197 4028 1348 4096 laedatur

164 4160 284 4245 regule
297 4160 353 4226 vel
368 4160 539 4248 disciplina
553 4163 717 4249 regularis
738 4162 772 4226 in
794 4162 944 4245 hisquae
958 4160 1124 4244 pertinent
1137 4158 1178 4223 ad
1194 4159 1243 4223 ius
1266 4176 1348 4223 com-

165 4302 276 4348 mune.
300 4284 333 4350 Si
357 4286 437 4352 ordo
460 4288 502 4353 sit
524 4292 703 4371 eceemptnr
725 4290 758 4350 et
780 4285 920 4351 clericus
947 4284 1113 4368 delinquat
1140 4284 1233 4349 intra
1257 4286 1350 4368 septe

165 4411 367 4485 monasterii,
384 4411 556 4479 Praelatus
569 4410 751 4498 Regularis
768 4411 832 4475 imo
849 4408 1050 4476 immediatus
1066 4408 1221 4494 Superior
1237 4408 1350 4473 domus
