3350 5100
361 315 428 379 548
875 335 959 382 runs
984 333 1035 381 111.
1053 311 1062 328 ⁰

360 458 387 520 si
409 463 527 542 egetur
540 455 580 520 de
595 463 730 521 auctore
753 455 915 522 catholico
939 458 1048 542 possit.
1066 459 1092 522 si
1108 457 1254 542 expediri
1271 457 1419 522 videatur
1433 455 1534 522 audiri

359 581 430 645 eins
452 579 607 651 defensio,
631 583 726 646 etiam
750 601 811 665 per
825 587 1074 664 procuratorem
1097 581 1198 656 factm
1222 581 1275 646 vel
1291 582 1318 646 si
1333 587 1448 647 auctor
1463 583 1537 645 cita·

359 710 412 766 tus
427 723 490 766 non
506 706 725 788 comparuerit
739 705 791 767 rel
812 703 901 768 bunc
925 706 1029 770 citare
1051 724 1115 768 non
1139 709 1293 789 praestet
1317 703 1535 778 defensionem

360 827 434 892 libri
458 849 540 894 unus
554 849 596 894 ex
618 828 862 894 Consultoribns
878 849 923 896 ex
938 829 1047 912 officio
1071 835 1223 894 assumet.
1248 828 1409 913 'IlQuoad
1431 830 1536 894 omnia

359 957 433 1016 acta
456 952 551 1017 buius
567 952 839 1037 congregationis
864 973 926 1018 non
950 954 1056 1018 minus
1072 955 1161 1039 viget
1184 954 1216 1020 S.
1233 951 1341 1019 Officii
1358 958 1537 1032 secretum
1649 1015 1650 1018 ,

332 1081 392 1146 et
416 1075 569 1140 Pontifex
591 1079 717 1142 statuit:
743 1099 763 1138 ι
780 1077 871 1142 lllins
894 1084 1003 1142 tamen
1034 1077 1220 1146 Secretario
1243 1083 1433 1163 potestatem
1455 1077 1536 1142 faci-
1649 1141 1650 1150 ἶ

359 1219 430 1264 mus
457 1207 492 1265 ut
521 1201 818 1266 animadversiones
850 1203 884 1266 in
914 1201 1015 1267 libros
1046 1222 1206 1268 censurae
1236 1201 1395 1269 subiectos
1424 1221 1536 1266 eorum

359 1320 554 1402 auctoribus,
577 1323 630 1387 vel
652 1322 725 1386 aliis
749 1323 878 1388 illorum
901 1325 1033 1388 nomine
1056 1322 1226 1408 agentibus
1249 1330 1283 1388 et
1304 1321 1538 1408 postulantibus

359 1446 418 1511 snb
442 1447 554 1512 eadem
577 1451 694 1513 secreti
719 1449 793 1533 lege
815 1451 1057 1516 communicare
1080 1453 1190 1533 queen
1207 1450 1386 1534 suppressis
1409 1467 1538 1534 semper

360 1571 598 1638 denunciatoris
621 1575 831 1656 censorisque
855 1571 1037 1638 nominibus
1053 1594 1084 1636 ›.

447 1696 523 1762 537.
548 1697 688 1762 Decreta
717 1697 812 1761 huius
843 1696 1112 1782 Congregationis
1140 1697 1312 1762 nonnullos
1341 1696 1442 1761 libros
1464 1715 1539 1779 pro·

358 1819 534 1886 scribentia
555 1821 676 1886 hebent
698 1823 763 1886 vim
786 1822 974 1907 generalem
997 1842 1057 1907 pro
1080 1825 1233 1888 universe
1256 1822 1414 1894 Ecclesia,
1431 1839 1538 1902 neque

359 1943 556 2008 admittenda
577 1951 627 2010 est
652 1945 781 2010 illorum
804 1946 912 2031 opinio
938 1948 1172 2011 autumantium
1196 1947 1231 2012 in
1252 1943 1411 2029 aliquibus
1434 1945 1539 2029 regio-

359 2067 452 2134 nibus
467 2069 609 2154 Regulus
624 2069 788 2155 praefatas
803 2077 836 2136 et
850 2070 1007 2134 librorum
1026 2069 1153 2136 Indices
1169 2090 1228 2135 usu
1252 2090 1317 2135 non
1332 2070 1432 2134 fnisse
1448 2089 1540 2134 rece-

359 2199 438 2277 ptas,
456 2197 502 2258 uti
517 2197 645 2260 eruitur
659 2215 702 2260 ex
717 2193 824 2261 Go'nst.
843 2194 964 2260 Bened.
981 2194 1080 2261 XIV:
1100 2215 1118 2258 ‹
1137 2195 1230 2267 Quae
1244 2197 1292 2262 ad
1309 2194 1501 2262 Catholicae
1517 2215 1537 2254 s

360 2323 393 2382 et
407 2318 543 2401 epistola
559 2319 737 2403 Encyclica
759 2320 912 2404 Gregorii
935 2318 1030 2400 XVI,
1054 2319 1122 2385 diei
1146 2319 1169 2386 8
1192 2319 1313 2384 Martii
1335 2318 1435 2384 1844.
1454 2353 1471 2366 -
1491 2319 1539 2382 De

359 2442 431 2506 iure
453 2462 515 2526 qno
538 2445 659 2508 utimur
682 2444 777 2508 hodie
799 2443 849 2510 Gi.
874 2445 948 2508 Vol.
974 2445 1034 2518 111,
1059 2465 1092 2508 n.
1116 2444 1191 2516 338.
1217 2449 1281 2510 not.
1307 2444 1338 2508 2.
