3350 5100
319 306 389 373 626
776 324 984 372 amasinum
1008 322 1057 371 vr.

335 575 495 625 sonuum
519 574 735 623 SENTENTIAM
758 574 909 623 TERENDI
932 573 1066 622 CONTRA
1092 572 1321 621 CONTUNAGBN
1344 572 1487 621 TESTEM.

410 754 479 808 Gum
500 752 633 807 Dominus
649 752 683 805 N.
697 751 731 805 ad
750 750 968 821 comparendum
986 765 1081 804 coram
1100 748 1189 805 Nobis
1206 753 1252 804 ter
1270 748 1387 805 iuridice
1403 748 1509 803 citatus

319 860 415 929 inerit,
439 876 539 930 nempe
563 859 643 914 die...
666 858 805 914 mensis...
829 856 942 925 anni....,
960 860 991 912 et
1007 855 1088 911 die...
1106 856 1211 912 messis
1234 856 1358 911 eiusdem
1383 856 1459 921 anni,
1477 858 1509 909 et

319 968 400 1025 die...
419 967 558 1023 mensis...
578 966 646 1021 dicti
671 966 738 1021 anni
758 964 814 1035 (vel
833 964 869 1018 ad
887 962 1104 1034 comparendum
1129 980 1223 1018 coram
1247 961 1336 1017 Nobis
1357 962 1508 1017 monitorio

321 1072 510 1141 peremptorio
528 1071 586 1125 vim
605 1068 726 1140 triplicis
744 1069 909 1123 monitionis
926 1067 1049 1125 habente
1060 1068 1166 1122 citatus
1176 1067 1264 1123 r'nerit
1275 1066 1355 1123 die...
1368 1065 1509 1121 mensis...

321 1176 435 1249 anni...)
455 1182 484 1233 et
502 1177 572 1247 ipse,
591 1176 723 1231 mandata
741 1181 837 1231 nostra
855 1174 1068 1241 contemnendo,
1094 1178 1244 1244 contumax
1262 1178 1326 1245 post
1341 1172 1431 1228 dictae
1448 1171 1507 1244 (vel

320 1282 436 1354 dictam)
455 1282 622 1337 monitiones
641 1280 697 1351 (sel
716 1279 912 1351 monitionem)
930 1280 1017 1335 inerit
1028 1284 1059 1335 et
1077 1280 1128 1344 eit;
1148 1280 1253 1335 ideirco
1270 1280 1304 1333 ad
1322 1280 1414 1350 ipsum
1431 1295 1508 1334 com-

249 1400 251 1407 ’
321 1387 482 1457 pellendum
507 1387 541 1440 ad
567 1386 689 1443 debitam
714 1386 802 1441 Nobis
825 1385 1015 1441 obedientiam
1039 1385 1246 1457 praestandam,
1266 1385 1296 1439 in
1317 1384 1362 1439 his
1384 1384 1508 1454 scriptis,

320 1499 418 1550 contra
436 1512 501 1550 eum
520 1494 688 1550 sententiam
708 1494 978 1550 excomunicationis
995 1494 1118 1563 maioris,
1135 1492 1194 1563 (vel
1205 1492 1397 1564 suspensionis
1407 1509 1424 1546 a
1436 1491 1509 1546 divi-

321 1602 373 1666 nis,
390 1602 414 1657 si
439 1603 478 1655 sit
500 1602 530 1655 in
552 1602 650 1670 sacris)
675 1602 855 1670 proferimus,
880 1619 936 1673 qua
959 1605 1073 1656 maneat
1093 1600 1276 1672 illaqueatus,
1300 1600 1389 1655 donee
1411 1616 1508 1655 coram

320 1708 408 1765 Nobis
426 1726 456 1763 ee
475 1708 557 1763 eistat
576 1712 606 1762 et
623 1707 811 1763 absolutionis
834 1708 1012 1772 beneficium,
1035 1706 1158 1778 parendo
1182 1707 1279 1774 Nobis,
1301 1712 1451 1761 mereatur.
1470 1706 1509 1760 Et

321 1819 352 1869 ut
370 1816 499 1871 omnibus
518 1813 587 1869 haec
604 1814 746 1871 sententia
765 1817 871 1884 pateat,
889 1831 951 1869 eam
971 1797 1021 1884 per
1038 1813 1197 1869 affixionem
1216 1812 1251 1868 ad
1269 1813 1332 1868 loca
1349 1817 1510 1884 opportuna

320 1920 459 1992 publicari
479 1922 650 1976 mandamus.
670 1922 807 1975 Datum...

1117 2095 1122 2106 ι
1145 2027 1179 2082 Ν.
1199 2027 1329 2083 vicarius
1348 2025 1508 2083 Generalis.

1144 2136 1178 2189 Ν.
1199 2136 1357 2189 Actuarius.

413 2276 478 2349 (Sed
497 2276 579 2332 hodie
598 2277 627 2331 in
646 2276 734 2332 laicos
751 2279 843 2332 fertur
862 2280 971 2331 tantum
991 2276 1133 2333 decretum
1147 2280 1226 2333 etad
1237 2288 1300 2332 acta
1317 2277 1431 2347 ponitur
1449 2294 1510 2348 quo

319 2384 478 2441 declaratur
503 2386 689 2449 contumacia,
708 2384 743 2438 ad
762 2384 892 2439 effectum
917 2384 1052 2455 probandi
1078 2388 1188 2453 testem,
1209 2386 1263 2440 rite
1282 2384 1408 2452 citatum,
1428 2383 1510 2437 audi-

321 2497 380 2545 tum
399 2491 569 2557 neminisse,
589 2494 685 2562 utpote
705 2490 920 2562 contumacem).

428 2724 544 2772 TORMA
567 2723 842 2773 REGOGNOSOENDI
865 2724 909 2772 ET
933 2724 1151 2774 compsanam
1175 2725 1391 2775 eommunis.

412 2897 522 2951 Auditis
541 2897 675 2966 praefatis
693 2900 822 2966 testibus,
840 2899 938 2954 volens
956 2900 1024 2955 Rev.
1037 2900 1071 2953 N.
1086 2899 1169 2954 index
1187 2915 1306 2969 pergere
1322 2899 1359 2952 ad
1377 2899 1508 2969 recogni-

320 3003 427 3058 tionem
445 3008 475 3058 et
493 3003 731 3072 comparationem
749 3003 920 3070 litterarum,
934 3021 1004 3076 quae
1022 3005 1148 3060 Andreas
1159 3004 1193 3059 N.
1206 3005 1309 3059 dicitur
1327 3004 1362 3058 ad
1380 3003 1506 3074 puellam

320 3109 353 3164 Ν.
373 3109 523 3178 scripsisse,
544 3114 574 3163 et
591 3125 663 3180 quae
680 3114 782 3165 ateste
802 3109 834 3164 Ν.
854 3112 884 3164 in
902 3113 1032 3166 manibus
1049 3111 1110 3165 fisci
1126 3112 1243 3166 fuerunt
1260 3109 1412 3180 depositae,
1424 3125 1509 3164 eur*

320 3215 363 3269 vit
379 3231 395 3271 e
413 3215 543 3270 sacristia
568 3214 712 3270 Ecclesiae
737 3215 769 3270 N.
794 3217 849 3272 sibi
874 3217 968 3272 afferri
991 3222 1134 3288 regestum
1159 3218 1370 3287 baptismorum,
1394 3218 1424 3272 in
1448 3233 1508 3289 qno

320 3326 418 3377 extant
436 3321 518 3392 plura
536 3326 608 3388 acta,
633 3339 718 3378 manu
743 3323 874 3380 Andreae
890 3323 925 3378 N.
944 3328 1023 3380 certo
1040 3329 1165 3379 exarata.
1190 3324 1251 3387 Quo
1269 3322 1375 3393 habito,
1393 3325 1508 3381 comsit

319 3429 433 3499 insuper
451 3428 624 3483 diversorum
643 3431 797 3500 scripturae
815 3430 918 3501 afferri,
931 3431 1125 3487 adsidendum
1137 3448 1174 3484 an
1193 3435 1289 3499 testae,
1308 3432 1355 3504 qni
1374 3431 1507 3486 dicuntur

320 3536 449 3591 Andreae
468 3535 501 3590 N.
520 3537 688 3606 scripturam
707 3537 814 3608 optime
832 3554 957 3604 noscere,
976 3556 1038 3594 eam
1057 3539 1133 3594 inter
1156 3539 1250 3593 variae
1273 3539 1344 3593 alias
1365 3539 1507 3595 discerne-

320 3645 392 3698 rent.
417 3642 460 3696 Ad
478 3658 561 3714 quem
585 3645 669 3698 finem
694 3644 784 3698 dictos
807 3649 898 3700 testae
921 3661 1022 3700 vocare
1041 3650 1070 3700 et
1088 3646 1250 3701 examinare
1274 3645 1405 3700 decrevit
1430 3648 1507 3700 Acta

320 3752 385 3803 sunt
403 3747 474 3803 haee
490 3747 570 3802 die...
589 3750 730 3804 mensis...
751 3765 832 3804 anno.

407 3855 533 3910 Vocatus
556 3857 645 3925 igitur
669 3857 827 3927 comparuit
851 3857 1002 3913 Gemaeioe
1025 3858 1061 3913 N.
1081 3862 1112 3913 et
1135 3857 1263 3930 deposito
1286 3858 1444 3914 iuramento
1467 3859 1505 3914 da

320 3961 436 4018 dicenda
452 3963 583 4031 veritate,
601 3963 731 4034 deposuit
750 3969 782 4019 ut
799 3965 940 4036 seqnitur:

794 4139 833 4177 AD
851 4137 1026 4178 essemus.

413 4279 437 4353 1)
456 4280 663 4353 Interrogatus:
681 4282 819 4354 quomodo
837 4281 972 4339 vocetur?
990 4313 1006 4324 -
1027 4283 1214 4354 Respondit...

410 4387 439 4456 2)
457 4386 665 4458 Interrogatus:
684 4388 763 4443 euius
781 4389 885 4445 aetatis
903 4387 1024 4444 existatl
1043 4418 1057 4432 ·
1077 4389 1266 4461 Respondit...
