3350 5100
360 289 428 356 596
812 307 1023 356 insanarum
1045 308 1094 357 lv.

360 447 471 500 semper
487 447 522 486 aa
540 430 635 486 omnia
651 431 830 502 inquirantur
848 447 921 502 quae
939 431 974 484 ad
992 434 1100 486 rectum
1119 430 1315 500 proferendum
1338 430 1464 486 iudicium
1483 438 1527 487 eut

360 537 519 594 necessarie
537 545 587 592 aut
605 541 763 608 opportuna
781 543 958 594 censeantur.

432 645 446 713 l
464 644 509 700 21.
530 644 608 705 Quae
626 647 657 700 in
675 645 749 698 sctis
768 646 957 713 continentur,
976 645 1093 710 nemini,
1112 661 1149 700 no
1167 645 1235 716 ipsis
1254 644 1366 716 quidem
1378 645 1532 713 coniugibus

360 767 513 822 eorumque
525 751 727 818 defensoribus,
739 756 823 808 erunt
835 752 1068 808 communicanda
1080 757 1145 807 ante
1157 767 1303 822 processus
1315 751 1533 821 publicationem,

361 873 417 912 uno
435 862 554 928 excepto
572 859 744 913 matrimonii
769 859 924 924 defensore,
945 859 991 912 cni
1015 859 1136 914 liberam
1159 860 1216 914 erit
1239 875 1350 928 semper
1367 860 1408 922 et
1421 858 1534 928 quando·

361 980 480 1035 cumque
497 968 561 1017 aute
579 964 717 1032 inspicere
736 967 765 1019 et
783 965 953 1019 examinare

432 1071 507 1138 122.
526 1070 670 1131 Quatenus
694 1087 761 1126 vero
786 1075 913 1125 actorum
939 1071 1111 1126 moderatori
1135 1076 1186 1126 aut
1208 1071 1348 1128 defensori
1372 1070 1535 1125 matrimonii

360 1176 440 1232 nulla
457 1176 516 1232 elia
534 1178 662 1246 probatio
681 1177 851 1248 requirenda
868 1178 1006 1244 videatur,
1018 1180 1083 1232 tinia
1101 1178 1261 1248 imponetur
1273 1178 1471 1248 probationum
1487 1175 1537 1230 col·

360 1283 485 1350 lectioni,
503 1289 533 1338 et
551 1299 696 1353 processus
715 1284 883 1353 publicetur,
902 1285 979 1339 edito
997 1283 1146 1354 hacsuper
1158 1301 1189 1340 ra
1206 1284 1320 1339 decreto
1331 1286 1368 1338 ab
1380 1284 1444 1354 ipso
1453 1283 1538 1337 moda-

361 1397 465 1458 ratore,
483 1409 500 1446 a
517 1393 663 1448 defensore
682 1392 866 1458 matrimonii,
885 1397 915 1446 et
932 1409 950 1446 a
969 1392 1141 1447 cancellario
1159 1393 1368 1448 subscribendo.

431 1500 445 1568 l
464 1498 507 1554 2³.
526 1499 674 1554 Publicato
693 1515 833 1570 processu,
847 1500 926 1554 locus
943 1501 994 1554 liat
1012 1499 1227 1565 defensionibus,
1241 1515 1311 1570 quas
1328 1503 1426 1568 partes
1443 1498 1479 1551 ad
1494 1514 1538 1550 sua

359 1603 424 1660 iura
440 1606 543 1678 tuenda
563 1605 706 1662 voluerint
724 1605 860 1676 allegare,
870 1607 948 1660 fecte
965 1607 1065 1661 iisdem
1077 1606 1213 1662 facultate
1226 1605 1376 1661 adhibendi
1388 1622 1441 1662 eos
1452 1605 1540 1659 dalen-
1608 1566 1609 1661 i

360 1729 446 1779 sores,
459 1729 529 1785 quos
547 1714 715 1782 maluerint,-
733 1715 789 1768 imo
809 1713 1031 1784 praemonendae
1049 1719 1134 1769 erunt
1150 1713 1185 1769 de
1202 1714 1256 1768 hoc
1275 1713 1345 1781 iure,
1362 1719 1394 1767 ut
1408 1713 1469 1768 lata
1485 1729 1537 1766 sen·

360 1817 459 1884 tantis,
478 1819 600 1872 iniustae
618 1821 719 1871 contra
738 1833 800 1871 eam
819 1818 989 1872 incusationi
1008 1822 1059 1871 aut
1081 1816 1276 1872 reclamationi
1300 1817 1410 1876 editae¹
1422 1815 1539 1886 praeclu-

360 1923 451 1978 datur.
470 1921 667 1992 allegationes
689 1927 794 1988 autem,
812 1922 836 1976 si
855 1922 891 1975 ab
914 1921 1012 1978 iisdem
1030 1921 1144 1976 oblatae
1167 1923 1281 1988 luerint,
1300 1922 1540 1977 communicandae

345 2073 346 2076 η
361 2033 444 2084 erunt
464 2029 603 2083 defensori
617 2028 723 2082 vinculi
736 2027 962 2092 matrimonialis,
977 2035 1009 2081 ut
1021 2024 1073 2082 eas
1083 2029 1248 2098 expendere,
1260 2033 1290 2082 et
1302 2033 1445 2099 quatenus
1456 2029 1542 2083 matri-

360 2135 448 2190 monii
466 2135 641 2189 validitatem
661 2135 835 2204 impugnent,
856 2135 979 2190 refutare
998 2134 1100 2188 valeat.

431 2243 445 2308 l
463 2243 505 2293 24.
519 2241 653 2294 Omnibus
666 2246 795 2310 utsupra
808 2241 939 2310 peractis,
952 2241 986 2294 ad
999 2238 1169 2295 sententiam
1183 2240 1425 2310 pronunciandam
1438 2241 1542 2295 venien·
1608 2286 1609 2297 ,

360 2349 425 2404 dum
444 2349 508 2404 erit.
528 2347 605 2408 Quod
625 2353 656 2402 ut
674 2349 709 2401 eb
729 2347 876 2401 Ordiuerio
894 2364 944 2401 sau
964 2349 1026 2402 eius
1044 2347 1175 2416 delegato
1193 2348 1249 2402 rite
1273 2349 1337 2413 fiat,
1358 2348 1387 2402 in
1411 2349 1541 2418 primisa
1608 2320 1609 2379 ἶ

360 2455 505 2510 defensore
523 2454 695 2508 matrimonii
717 2455 826 2525 exquiri
847 2455 931 2508 debet
949 2453 1112 2520 declaratio,
1127 2455 1181 2508 eibi
1194 2453 1265 2509 nihil
1278 2454 1401 2524 amplius
1413 2455 1542 2510 deducen-

360 2562 426 2617 dum
444 2570 494 2617 aut
513 2562 708 2633 inquirendum
730 2578 888 2631 saporosum
906 2561 1006 2616 deinde
1025 2564 1136 2632 integra
1154 2578 1239 2616 causa
1257 2563 1365 2617 duobus
1383 2568 1437 2617 aut
1461 2564 1541 2617 tribus

361 2668 428 2723 viris
447 2668 553 2738 peritis,
572 2668 596 2723 si
616 2666 714 2722 heberi
733 2668 851 2737 possint,
869 2668 1056 2723 examinanda
1076 2668 1255 2733 subiiciatur,
1274 2674 1304 2724 et
1322 2670 1436 2723 nonnisi
1457 2670 1542 2722 audito

360 2789 457 2829 eorum
476 2778 542 2828 voto
560 2775 703 2828 sententia
722 2774 888 2843 proteratur.

432 2880 508 2935 Haec
527 2881 555 2933 in
577 2880 690 2950 scriptis
709 2882 764 2934 erit
782 2880 931 2947 exaranda,
950 2882 979 2934 in
998 2898 1086 2951 eaque
1109 2880 1252 2936 rationum
1275 2884 1431 2949 momente,
1449 2882 1541 2953 quibus

287 3034 289 3039 ,
360 2968 501 3053 innititur,
519 3005 554 3042 ea
574 3004 703 3057 processu
723 2986 887 3057 deprompta
908 2994 1100 3056 exponentur,
1118 2988 1260 3043 succincte
1285 2987 1417 3058 quidem,
1436 2988 1486 3043 sed
1507 2988 1541 3040 ita

360 3096 465 3159 tamem
485 3109 519 3147 ne
538 3093 679 3163 quidpiam
699 3092 850 3147 essentiale
874 3094 1031 3147 omittatur.
1054 3094 1202 3149 Sententia
1222 3094 1429 3163 subscriptione
1450 3093 1542 3147 iudicis

361 3203 392 3255 et
409 3201 561 3267 secretarii,
581 3216 632 3254 neo
651 3216 706 3253 non
726 3199 822 3269 sigillo
841 3200 936 3253 curiae
955 3200 1122 3269 episcopalis
1140 3202 1249 3254 munite
1267 3201 1396 3270 partibus
1408 3200 1541 3257 eritnoti·

360 3307 470 3362 licenda
488 3323 538 3374 per
556 3307 651 3362 curiae
669 3306 870 3376 apparitorem,
890 3306 990 3363 relicto
1009 3307 1106 3361 iisdem
1125 3307 1205 3363 illius
1221 3308 1386 3377 exemplari,
1398 3309 1434 3363 da
1453 3325 1508 3379 quo
1518 3309 1542 3361 in

360 3414 465 3483 scripto
483 3412 551 3467 fides
568 3413 624 3467 erit
642 3412 778 3466 faciende.

431 3520 506 3585 425.
526 3518 610 3573 ludex
629 3520 652 3573 si
672 3536 722 3589 pro
742 3518 889 3574 validitate
908 3521 1080 3574 matrimonii
1100 3522 1267 3577 sententiam
1287 3520 1399 3587 dixerit,
1417 3527 1449 3578 et
1466 3536 1541 3576 namo

1608 2561 1610 2648 l

360 3645 396 3685 ex
414 3628 581 3697 coniugibus
599 3624 778 3682 contra'eam
798 3629 994 3698 appellaverit,
1013 3645 1103 3699 neque
1121 3629 1249 3684 defensor
1266 3629 1441 3685 matrimonii
1453 3627 1540 3699 appel·
1608 3607 1609 3612 ἵ

360 3734 443 3801 labit,
460 3740 490 3789 et
507 3750 593 3788 causa
615 3735 697 3789 finita
718 3740 875 3791 censeatur.
895 3736 918 3789 a
936 3741 1035 3790 contra
1052 3737 1076 3790 si
1094 3736 1302 3791 matrimonium
1326 3737 1438 3792 nullum
1461 3738 1542 3792 fuisse

361 3839 525 3907 decreverit,
543 3841 670 3911 quamvis
689 3843 824 3912 coniuges
838 3844 941 3897 iudicio
954 3841 1079 3899 Praeleti
1092 3843 1293 3915 acquieverint.
1306 3844 1434 3901 defensor
1450 3842 1541 3899 metri·

361 3948 446 4009 monii
467 3947 685 4018 appellationem
706 3950 802 4005 facere
822 3950 944 4013 debebit,
962 3956 992 4005 at
1010 3968 1110 4005 novam
1132 3954 1302 4007 sententiam
1320 3953 1355 4006 ab
1373 3952 1432 4007 elio
1455 3953 1541 4007 tribu·

360 4053 419 4125 nali
438 4054 601 4123 postulare,·
618 4070 702 4125 quem
720 4055 939 4124 appellationem
958 4055 1065 4125 primus
1082 4055 1165 4111 iudex
1183 4056 1319 4127 impedire
1333 4056 1413 4112 nulla
1424 4072 1539 4129 unquam

361 4158 471 4214 ratione
481 4160 593 4228 poterit
607 4158 722 4214 Interim
735 4159 898 4215 nullatenus
916 4166 1094 4230 permittetur
1104 4162 1231 4230 pertibus
1241 4178 1330 4217 novas
1342 4164 1454 4233 nripties
1465 4162 1538 4216 inira

432 4267 563 4328 Quamvis
584 4266 770 4338 appellationi
789 4268 1011 4337 interponendae
1030 4267 1103 4323 nulli
1120 4267 1223 4323 fatales
1240 4268 1300 4324 dies
1323 4269 1431 4325 vinculi
1447 4268 1536 4324 deren

361 4374 419 4430 sori
438 4375 538 4429 statuti
558 4374 625 4443 sint,
644 4374 798 4429 curandum
818 4378 913 4438 mmen
932 4380 965 4429 ut
982 4374 1149 4446 quantocius
1166 4374 1195 4430 id
1212 4376 1274 4431 nat.
1286 4374 1402 4438 Quodsi
1417 4376 1535 4431 defensor
