3350 5100
295 248 364 314 272
809 266 894 313 rius
926 265 962 311 11.

384 390 460 457 2³02.
485 392 523 455 ln
545 410 700 476 processu
717 408 809 473 pure
830 388 1043 455 accusatorio
1062 382 1256 453 contestatio
1280 387 1351 451 litis
1375 388 1473 451 veluti

294 534 359 579 uno
381 520 456 579 actu
478 519 512 577 et
533 520 689 578 contextu
711 510 909 587 absolvitur3
932 518 1111 577 accusator
1132 512 1217 575 enim
1241 518 1274 576 et
1306 516 1478 577 accusatus

292 640 383 706 litem
406 644 630 703 contestantur
644 658 743 722 quum
765 644 947 709 accusatus,
975 644 1107 721 recepto
1123 636 1231 701 libello
1252 637 1475 709 accusationis,

294 765 337 829 ab
348 771 537 829 accusatore
551 762 751 845 stab-scripto,
766 762 863 847 plene
878 764 1046 847 cognoscit
1062 764 1186 827 crimen
1202 761 1242 826 de
1259 780 1324 845 quo
1340 761 1475 846 postula·

294 896 351 954 tor
373 892 406 953 in
429 889 556 954 iudicio.
574 924 593 937 -
610 889 650 952 ln
673 908 828 973 processu
843 896 949 953 autem
962 908 1055 971 pure
1077 888 1271 972 inquisitiva
1291 893 1348 950 aut
1368 886 1477 951 nrixto

296 1015 570 1083 contestationem,
580 1014 700 1079 sensim
711 1022 744 1079 et
755 1012 963 1098 pedetentim,
977 1013 1209 1097 utplurimum,
1222 1010 1295 1077 fieri
1308 1013 1473 1096 contingit.

296 1142 425 1208 Etenim
448 1160 586 1225 perraro
615 1138 744 1211 accidit,
769 1159 812 1203 ex
843 1108 1048 1224 inquisitione
1077 1140 1211 1225 praevia
1239 1140 1286 1204 rei
1314 1137 1473 1207 cautioni.

296 1269 489 1349 ai‘gnmenta
510 1261 592 1327 adeo
615 1270 788 1347 perspecta
815 1262 925 1346 colligi
950 1263 1177 1333 accusationis,
1204 1268 1237 1325 et
1266 1260 1477 1326 vehementes

296 1388 504 1473 probationes
527 1394 561 1451 ut
583 1388 658 1452 inde
672 1394 783 1453 certus
798 1395 831 1453 et
846 1388 1080 1453 determinatus
1096 1393 1244 1473 erumpat
1266 1392 1358 1451 actus
1380 1404 1476 1451 uomi-

296 1514 437 1579 sntionis
459 1512 658 1577 obiiciendae
673 1520 834 1584 accusato,
849 1516 902 1597 qui
927 1515 1033 1577 statim
1057 1532 1097 1577 ac
1120 1514 1202 1577 sistit
1225 1530 1336 1577 coram
1360 1510 1475 1589 iudice,

297 1637 472 1703 abeodem
496 1638 635 1721 percipit
660 1636 773 1704 delicti
801 1636 1077 1704 contestationem
1111 1644 1144 1703 et
1174 1636 1248 1701 inde
1279 1640 1476 1721 provocatur

297 1759 384 1823 adse
399 1757 646 1821 defendendum.
661 1793 680 1804 -
693 1757 819 1822 Verum
835 1758 1016 1824 ordinario
1033 1758 1183 1823 accidere
1198 1758 1293 1829 solet,
1306 1774 1365 1841 per
1377 1756 1477 1839 inqui-

296 1885 443 1949 sitionem
459 1883 598 1947 obtineri
615 1882 734 1949 indicia
749 1884 821 1967 plns
837 1886 984 1948 minusve
1000 1885 1115 1969 gravia
1130 1883 1170 1947 de
1185 1885 1321 1947 crimine
1345 1882 1477 1964 eiusque

193 2046 201 2066 .
297 2014 430 2072 auctore
453 2015 549 2093 atque
572 2008 650 2071 istas
673 2010 882 2092 suspiciones,
899 2010 1114 2088 coniecturas,
1139 2007 1257 2073 indicia
1279 2005 1478 2072 declaranda

299 2151 371 2197 esse
386 2132 427 2195 ab
450 2134 520 2217 ipso
543 2134 695 2215 inquisito
718 2152 777 2217 per
800 2133 937 2197 iudicem
961 2140 1056 2199 caute
1079 2132 1323 2218 interrogando.
1349 2167 1367 2179 -
1394 2132 1473 2195 lani·

297 2276 375 2321 vero
398 2258 650 2341 interrogatoria
672 2275 857 2342 proponens
872 2257 971 2323 iudex
992 2259 1143 2341 inquisito
1167 2258 1360 2336 manifestat,
1378 2256 1477 2339 expli-

297 2388 351 2445 cat
363 2381 480 2445 indicis
491 2400 573 2465 quae
589 2381 679 2447 illum
696 2401 787 2447 reum
804 2383 949 2447 criminis
965 2384 1121 2467 suspicari
1135 2382 1255 2455 iubent,
1269 2380 1478 2468 expostulans

298 2504 338 2570 ab
362 2506 512 2590 inquisito
536 2504 722 2572 eorumdem
753 2507 1002 2591 explicationem
1031 2508 1064 2572 in
1094 2508 1194 2592 ipsius
1224 2507 1474 2580 excusationem,

298 2631 470 2696 declarans
485 2650 529 2696 ex
543 2631 805 2717 responsionibus
819 2631 957 2698 absonis
971 2639 1002 2698 et
1018 2634 1217 2719 incouqruis
1241 2635 1312 2699 erui
1335 2631 1478 2715 implici-

299 2762 368 2820 tum
383 2757 630 2822 consessionem.
645 2758 725 2822 Dum
737 2777 816 2822 vero
834 2757 932 2822 iudex
944 2759 988 2822 ite
1000 2758 1181 2844 interrogat
1192 2761 1388 2842 inquisitum,
1402 2777 1475 2822 sen-

298 2881 358 2944 sim
381 2885 588 2947 contestatur
604 2883 852 2954 accusationem,
870 2883 944 2965 quia
960 2881 1113 2948 delictum
1136 2884 1167 2947 in
1190 2885 1303 2968 primis
1327 2883 1478 2947 obiicitur

298 3005 395 3068 veluti
413 3003 588 3069 dubitative
610 3013 644 3071 et
666 3007 879 3092 inquisitionis
895 3025 1012 3082 ceusa;
1031 3005 1147 3071 deinde
1162 3015 1283 3082 autem,
1303 3009 1329 3072 si
1347 3025 1477 3090 respon-

299 3127 405 3192 siones
417 3128 558 3211 inquisiti
572 3128 745 3195 nullimode
758 3128 882 3194 diluere
894 3130 1026 3195 valeant
1038 3133 1246 3215 suspiciones,
1261 3132 1477 3220 coniectores,

300 3250 380 3315 adeo
396 3256 431 3315 ut
444 3251 472 3316 si
485 3271 548 3316 non
564 3251 765 3335 implicitum
781 3255 970 3318 contineant
987 3255 1231 3328 confessionem,
1248 3262 1339 3320 certe
1355 3273 1476 3340 aggra-

300 3383 377 3442 vent
391 3377 589 3461 suspiciones
608 3382 641 3442 et
657 3397 774 3442 novum
792 3381 988 3444 constituant
1005 3379 1157 3444 indicium
1173 3379 1330 3444 adversus
1348 3379 1478 3462 inquisi-

299 3510 376 3571 tum,
400 3507 478 3566 tunc
494 3499 592 3566 iudex
608 3500 666 3566 sub
682 3499 747 3565 flue
763 3503 924 3566 examinis
940 3522 1096 3587 expresse
1111 3505 1294 3570 manifestat
1318 3521 1475 3588 quaenam

299 3627 362 3691 sint
384 3627 599 3690 accusationis
614 3626 719 3710 capita
735 3645 840 3710 enque
857 3627 1006 3710 inquisito
1030 3628 1179 3694 formiter
1202 3635 1412 3695 contestatur.
1430 3633 1476 3694 At

299 3770 397 3816 unum
410 3757 534 3816 tanturn
550 3769 687 3816 examen
700 3770 764 3817 non
774 3770 903 3836 semper
919 3753 1066 3838 perducit
1082 3754 1219 3820 iudicem
1231 3755 1271 3819 ad
1288 3757 1382 3819 istum
1399 3755 1470 3818 exi-

300 3879 378 3954 tum,
390 3871 447 3938 sed
457 3873 552 3957 plura
564 3893 637 3938 eum
649 3874 794 3958 experiri
807 3881 935 3959 oportet
946 3875 1198 3962 interrogatoria
1209 3897 1266 3941 seu
1278 3876 1441 3941 examina.
1456 3909 1474 3922 ·

301 3997 413 4062 Monet
428 3998 498 4082 ipsa
516 3999 570 4062 cit.
591 3997 782 4072 instructio,
802 4005 867 4064 art.
892 4000 939 4066 25
961 4001 1133 4083 aliquando
1156 4002 1341 4086 inquisitum
1367 4001 1401 4064 in
1424 4018 1476 4063 re·

301 4120 523 4206 sponsionibus
538 4123 577 4187 ad
594 4125 845 4208 interrogatoria
858 4124 1019 4190 deducere
1035 4129 1260 4192 excusationes
1275 4125 1385 4210 gravis
1396 4143 1478 4209 pon·

302 4246 397 4317 deris,
414 4263 491 4328 quas
515 4247 612 4311 iudex
628 4254 753 4313 mature
770 4249 973 4334 perpendere
989 4249 1093 4324 debet,
1111 4253 1227 4316 iterum
1244 4245 1478 4334 interrogando

302 4369 485 4466 inquisitum
501 4377 556 4433 eut
571 4371 650 4434 alias
665 4373 861 4436 instituendo
885 4376 1129 4458 perquisitioues
1152 4375 1317 4441 ordinatas
1333 4373 1372 4438 ad
1389 4372 1473 4436 dete-
