3350 5100
333 302 400 369 654

423 440 495 495 Ordo
514 441 542 493 in
562 440 657 511 poenis
676 438 827 493 inferendis
839 439 901 510 qui-

334 530 396 567 nam
416 514 462 576 sit,
476 528 537 583 pag.
557 511 618 565 271.
632 540 645 553 -
657 510 779 565 Effectus
795 525 900 579 poenae

332 586 460 655 quinam,
480 599 543 653 pag.
562 584 605 637 94.
624 610 638 625 -
657 583 749 636 Poena
772 583 902 636 consistit

333 654 377 711 val
392 656 419 709 in
434 655 619 723 castigatione
635 654 767 722 corporis,
780 669 843 722 pag.
856 654 902 717 9⁴3

327 726 406 779 -vel
432 727 462 780 in
486 726 642 795 privatione
668 726 785 790 iunium,
804 726 869 780 itia.
888 752 901 767 ·

334 798 459 852 Ecclesia
483 797 615 851 abhorret
633 814 650 849 a
668 798 818 866 sanguine,
838 812 900 866 pag.

332 869 376 923 95.
394 898 407 910 -
426 870 536 924 Poenae
554 870 736 933 infamantes,
757 884 818 937 pag.
837 866 899 921 345.

330 969 344 982 -
368 940 466 994 Cessat
491 956 539 1008 per
564 939 798 1008 dispensationem
824 941 922 1010 (uicta⁴

333 1008 544 1081 dispensatio);-
555 1026 603 1079 per
611 1011 815 1067 absolutionem
823 1010 901 1082 (aide

333 1082 901 1151 absolutio)·,-peradimplemeutumcon·

332 1154 456 1218 ditionis,
469 1168 531 1222 pag.
547 1154 603 1207 170.
615 1181 628 1195 -
640 1155 684 1207 Au
696 1153 824 1222 suspendi
839 1169 901 1222 porr

331 1227 378 1290 sit,
399 1242 459 1295 pag.
484 1226 540 1278 172

424 1298 517 1350 Poena
530 1296 701 1350 vindicativa
718 1297 747 1349 in
765 1294 899 1359 Ecclesia,

353 1367 406 1433 uid,
422 1383 484 1437 pag.
497 1368 532 1420 90
542 1372 571 1421 et
584 1367 645 1421 259.
656 1395 670 1407 -
684 1366 823 1431 Definitio,
835 1382 898 1435 pag.

332 1384 377 1492 gl.
396 1438 503 1499 -Quae
522 1440 595 1491 bona
614 1438 736 1499 auferat,
756 1454 818 1507 pag.
837 1438 898 1491 251.

388 1580 559 1635 Paenitentia
581 1607 617 1621 -
639 1586 721 1647 prout
743 1595 901 1635 sacraman-

333 1660 401 1715 tum,
415 1668 477 1721 pag.
493 1652 544 1716 833
564 1656 646 1720 prout
665 1650 815 1705 remedium
836 1666 901 1720 poe·

334 1723 410 1781 nale:
430 1724 563 1789 definitio,
579 1739 639 1791 pag.
653 1722 696 1776 90.
708 1750 722 1763 -
735 1721 851 1778 Publice
863 1740 900 1777 an

332 1798 526 1866 frequentetur
544 1792 643 1859 adbuc,
663 1809 725 1863 pag.
745 1793 787 1845 91.

388 1937 522 1990 Pollatio.
544 1966 577 1978 -
593 1935 733 1990 Ecclesiae
746 1935 821 2007 quid,
835 1952 898 2005 pag.

332 2008 392 2133 ἐξ).
411 2036 424 2049 ·
444 2008 585 2063 Ecclesiae
608 2007 815 2071 reconciliatio,
835 2023 898 2077 pag.

388 2221 511 2275 Privatio
523 2220 651 2291 poenalia
662 2248 700 2261 -
712 2221 840 2275 beneficii
853 2222 899 2276 vel

331 2290 424 2357 offleii,
438 2308 499 2361 pag.
519 2294 587 2357 2521
604 2320 617 2333 -
628 2292 721 2345 61111111
734 2309 752 2346 a
766 2292 900 2363 degrada-

334 2363 409 2418 tione
434 2364 479 2417 vel
503 2362 689 2432 depositione,
716 2380 778 2431 pag.
802 2364 870 2429 257;
887 2391 901 2405 ·

330 2436 470 2487 fructrurm
489 2435 626 2497 beneficii,
642 2451 703 2504 pag:
716 2435 783 2498 2553
798 2464 811 2476 -
823 2434 899 2488 vocis

332 2506 442 2562 activae
452 2506 496 2562 vel
507 2506 640 2578 passivae,
651 2507 727 2572 ibid,
738 2506 900 2577 sepulturae

329 2578 547 2642 ecclesiasticae,
567 2594 628 2647 pag.
648 2580 709 2632 265.

384 2720 536 2775 Proltr'bt'tio
556 2749 589 2760 -
616 2721 759 2773 librorum.
778 2749 791 2761 -
809 2719 900 2781 Quod·

333 2807 395 2844 uam
417 2793 454 2846 sit
472 2792 515 2845 ius
534 2790 615 2844 hodie
638 2791 744 2873 vigens,
764 2807 826 2860 pag.
846 2793 899 2844 424

330 2861 900 3003 tutu..tltlttlttflttltttt

332 3021 389 3075 seq.
407 3033 420 3046 -
438 3004 479 3058 Ad
518 3021 636 3059 uaenem
650 3021 679 3058 se
693 3005 841 3074 protendat
854 3006 900 3060 de-

331 3080 438 3130 cretum
463 3091 511 3144 pro
533 3077 667 3142 ibitionis,
689 3093 751 3146 pag.
771 3076 898 3130 428430.

331 3175 344 3190 -
366 3146 403 3202 lle
424 3146 611 3216 prohibitione
632 3147 761 3202 absoluta
779 3154 808 3203 et
827 3148 900 3203 rela-

331 3218 400 3284 tiva,
423 3235 485 3286 pag.
505 3219 572 3284 4303
591 3220 648 3272 -vi
669 3219 737 3272 iuris
762 3220 899 3273 naturalis

333 3294 381 3343 aut
401 3290 511 3358 positivi
532 3290 655 3354 humani,
668 3306 729 3359 pag.
738 3289 797 3344 ·431
809 3307 816 3352 ;
828 3319 842 3330 ·
853 3291 899 3345 de-

330 3361 416 3414 cretis
461 3361 621 3414 eneralibos
648 3365 698 3414 aut
723 3362 898 3428 nominatim,

331 3445 393 3500 pag.
408 3377 467 3484 455.
480 3430 610 3492 -Quibus
624 3433 720 3501 poeuis
738 3432 898 3502 plectantur

331 3503 458 3571 legentes
470 3503 514 3556 vel
530 3504 681 3558 retinentes
700 3503 787 3558 libros
805 3504 899 3574 prohi-

332 3575 415 3640 bitos,
436 3589 497 3642 pag.
517 3575 579 3639 485,
596 3574 657 3628 488.

331 3751 334 3756 -
387 3716 520 3784 Purgatio
545 3745 579 3757 -
603 3718 811 3782 contumaciae,
835 3733 897 3787 pag.

331 3787 393 3840 216.

386 4071 624 4129 Orosi-delictum.
634 4101 670 4113 -
681 4072 773 4137 Notio,
782 4088 843 4142 pag.
851 4071 895 4126 63.

328 4169 340 4182 -
361 4141 427 4196 Eius
446 4141 594 4209 elementa,
613 4160 674 4214 pag.
694 4145 737 4197 64.

596 4287 630 4352 R

385 4425 548 4480 Rotiltabitio
569 4455 602 4469 -
621 4427 725 4492 delicti,
746 4443 806 4498 pag.
826 4428 869 4481 75.

803 318 912 367 tunna
935 319 1055 366 RERUM

1008 440 1203 509 Reboptr'sans,
1219 440 1473 507 rebaptizatus
1485 466 1519 481 -

954 511 1065 580 quando
1083 510 1263 579 irregulares,
1282 524 1344 578 pag.
1364 508 1424 563 313.

1009 654 1208 722 acceptatores
1226 680 1261 695 -
1277 653 1327 716 rei,
1339 660 1405 706 sunt
1416 653 1520 716 conrei,

954 739 1017 793 pag.
1030 723 1074 777 70.
1088 753 1101 766 ·
1116 724 1209 779 Poena
1221 723 1383 786 mulctandi,
1396 739 1460 792 pag.
1472 724 1519 777 75.

1008 867 1152 921 Recursm
1167 866 1333 939 -quando
1354 865 1447 919 locum
1472 864 1521 919 lra-

954 938 1030 1003 beat,
1049 954 1111 1007 pag.
1135 940 1191 993 155.

958 1081 1201 1204 ¹70Ret'ncr‘dantia
1219 1082 1295 1135 -in
1308 1080 1442 1143 censuris,
1456 1094 1520 1147 pag.

1009 1295 1135 1349 Remotio
1153 1296 1338 1349 oeconomico.
1359 1320 1392 1333 -
1404 1290 1521 1352 Quando

954 1363 1046 1419 locum
1072 1365 1174 1421 habeat
1192 1367 1221 1419 in
1240 1364 1384 1421 beneflciis
1405 1364 1521 1429 curatis,

954 1452 1016 1573 ἒξ
1033 1436 1128 1562 ᾗῇ-
1153 1438 1234 1491 Ratio
1259 1435 1437 1506 procedendi,
1456 1450 1522 1503 pag.

1008 1650 1179 1705 Reservatis.
1199 1678 1234 1691 -
1252 1649 1332 1713 Quid,
1346 1664 1408 1717 pag.
1431 1646 1497 1709 153;
1509 1678 1523 1689 -

953 1722 982 1775 111
998 1723 1103 1789 poenis,
1117 1723 1146 1775 in
1161 1722 1294 1789 censuris,
1309 1736 1370 1790 pag.
1388 1718 1453 1785 156,·
1465 1747 1479 1760 -
1492 1722 1522 1772 111

953 1793 1103 1847 reservatis
1116 1794 1239 1862 peccatis
1251 1808 1314 1847 cum
1327 1807 1444 1845 censura
1453 1790 1522 1860 quid

953 1862 1143 1934 principalius,
1164 1881 1227 1935 pag.
1250 1864 1307 1929 156,
1325 1872 1399 1916 noto.
1417 1862 1523 1923 -Quo-

953 1935 1035 2064 prodcp
1053 1944 1158 2000 cessat,
1178 1953 1241 2006 pag.
1260 1935 1326 1998 269,
1345 1936 1420 2002 (side
1439 1934 1523 1986 abao-

966 2007 1024 2061 11110
1038 2048 1044 2060 .

1006 2150 1090 2203 Roasv'
1106 2176 1143 2193 -·
1163 2148 1346 2219 pellegrinus.
1364 2176 1377 2189 ·
1395 2146 1462 2200 Eius
1474 2164 1524 2216 ay·

953 2226 1043 2276 stema
1063 2220 1188 2291 poenale,
1208 2236 1271 2289 pag.
1295 2218 1333 2272 13.

1221 2398 1250 2467 S

1007 2578 1181 2630 Scln'ensatict'
1194 2605 1231 2618 —
1250 2575 1363 2645 quinam
1382 2574 1522 2638 dicantur,

954 2662 1016 2716 pag.
1033 2645 1159 2701 421-491.
1171 2675 1185 2688 -
1197 2645 1339 2708 Quomodo
1350 2643 1522 2711 dividantur,

953 2733 1016 2788 pag.
1034 2718 1162 2772 llll-499.
1178 2748 1193 2760 ·
1211 2717 1314 2772 Poenis
1335 2717 1436 2788 quibus
1462 2717 1524 2786 ple·

953 2795 1081 2854 utuntur,
1109 2805 1172 2860 pag.
1201 2787 1261 2843 499.
1286 2818 1299 2830 -
1325 2787 1426 2843 Utrum
1453 2786 1522 2842 libri

952 2860 1193 2915 schismaticorum
1219 2860 1434 2929 prohibeantur,
1457 2875 1520 2930 pag.

953 2933 1078 2986 434-435.
1097 2961 1110 2974 -
1129 2933 1167 2987 De
1187 2932 1363 2988 absolutione
1386 2928 1523 2984 schisma·

953 3004 1001 3057 tici
1015 3006 1042 3057 in
1057 3006 1130 3059 bona
1148 3003 1211 3070 fida,
1225 3019 1286 3072 pag.
1305 2999 1521 3065 4934946015.

1007 3129 1290 3216 Scriptores-luris
1297 3145 1411 3198 Cnmin.
1420 3159 1484 3213 pag.
1493 3145 1521 3210 9,

952 3229 1026 3272 nota.

1008 3361 1149 3414 Sententia
1168 3388 1204 3401 -
1232 3357 1358 3428 poenafia
1384 3363 1427 3412 est
1454 3374 1524 3411 cou-

951 3431 1126 3485 demuatoria
1151 3431 1197 3485 val
1224 3429 1428 3494 declaratoria,
1455 3445 1521 3500 pag.

954 3503 1019 3566 106;
1031 3531 1044 3544 -
1056 3519 1106 3556 cur
1117 3501 1188 3556 haee
1200 3503 1368 3572 requiratur,
1381 3517 1443 3570 pag.
1460 3501 1521 3566 1083

950 3575 1092 3645 -quando,
1107 3589 1168 3643 pag.
1186 3573 1250 3638 1093
1261 3601 1275 3615 ·
1286 3573 1314 3626 iu
1332 3574 1427 3642 poenis
1447 3575 1523 3641 posi·

951 3647 1026 3709 tivis,
1040 3661 1102 3715 pag.
1125 3645 1188 3708 11ος
1205 3672 1219 3686 -
1238 3644 1265 3696 in
1285 3644 1433 3713 negativis,
1454 3660 1520 3714 pag.

956 3717 1000 3770 111
1024 3717 1186 3780 et1153in
1205 3717 1317 3780 mixtis,
1335 3731 1398 3784 pag.
1422 3713 1489 3781 ¹133
1507 3745 1521 3757 -

950 3788 978 3842 in
992 3788 1125 3853 censuris,
1139 3803 1201 3856 pag.
1218 3787 1278 3840 134.
1290 3815 1303 3830 ·
1313 3786 1361 3840 Vis
1374 3786 1522 3842 clausulae

949 3869 1043 3981 tange
1052 3874 1256 3984 (puerpcumqoe
1268 3857 1437 3982 sentenltila4m
1449 3857 1523 3912 iudi·

950 3947 990 3984 cia
1026 3946 1057 3984 ec
1071 3946 1119 3983 ara
1133 3946 1222 3984 oriam
1236 3944 1261 3995 n,
1282 3946 1344 3999 pag.
1419 3969 1426 3982 .

1006 4073 1158 4142 Sepultura
1182 4073 1376 4128 ecclesiastica
1398 4073 1520 4142 -quid

949 4144 996 4208 sit,
1010 4159 1072 4212 pag.
1085 4143 1146 4196 264.
1158 4142 1303 4203 -Quinam
1322 4141 1376 4196 hoo
1388 4143 1450 4196 iure
1464 4145 1521 4212 pri-

949 4221 1060 4279 ventur,
1080 4231 1142 4284 pag.
1161 4215 1223 4268 265.

1003 4357 1185 4426 Segusatrora
1195 4383 1231 4397 -
1243 4355 1309 4426 quid
1321 4356 1367 4422 ait,
1379 4371 1442 4425 pag.
1456 4355 1521 4410 519·

946 4457 959 4468 -
969 4427 1182 4497 sequestrantes
1191 4428 1266 4480 bona
1275 4431 1326 4480 aut
1337 4426 1443 4482 reditus
1448 4425 1519 4482 eccl.
