3350 5100
339 241 405 309 162
563 203 567 210 .
851 262 934 310 rans
966 259 1002 308 rr.

337 391 506 451 accusatus
544 385 733 450 solemniter
766 387 878 450 iurare
912 385 1053 466 solebat,
1085 386 1183 450 veluti
1216 405 1314 471 super
1344 386 1519 470 sepulchro

337 516 530 596 martyrum,
547 510 641 574 tactis
662 512 889 588 sacratissimis
912 511 1066 594 reliquiis,
1085 511 1262 596 evangeliis
1285 517 1318 578 et
1340 514 1386 576 ita
1408 523 1517 596 porro.

427 635 473 701 De
489 636 552 700 boc
567 655 659 699 more
674 634 749 700 dum
765 637 911 699 meminit
932 637 1111 720 Gregorius
1125 637 1214 720 Papa
1230 655 1305 702 can.
1324 635 1356 711 6,
1374 655 1466 702 carra
1481 635 1518 706 2.

337 781 369 846 q.
379 762 413 842 5,
430 779 545 845 nempe
560 758 621 824 sub
637 779 691 824 an.
705 759 781 832 592,
797 780 858 824 nos
871 759 973 832 docet,
989 761 1166 825 institutum
1179 760 1399 846 purgationis
1415 777 1518 825 cano·

335 886 435 952 nicae
449 884 633 950 babendum
655 903 726 950 esse
742 886 831 968 quasi
852 887 1114 968 consequentiam
1132 905 1304 970 processus
1319 883 1518 969 inquiritivi,

335 1010 487 1082 videlicet
508 1008 737 1075 accusationis
759 1009 925 1075 institutae
949 1027 994 1074 ac
1009 1009 1117 1093 officio
1134 1008 1189 1074 vel
1208 1009 1405 1073 reclamante
1418 1006 1519 1091 fama

334 1153 392 1221 seu
417 1151 548 1200 rumore
572 1133 625 1197 vel
647 1135 783 1218 praevia
805 1133 1068 1200 denunciatione
1088 1133 1174 1199 iacta
1196 1151 1218 1196 a
1240 1152 1384 1218 persona
1403 1131 1518 1196 admo-

334 1259 412 1324 dum
428 1256 491 1323 tide
506 1256 614 1344 digna.
639 1293 682 1306 -
705 1256 868 1341 Siquidem
881 1258 946 1322 etsi
969 1265 1142 1322 accusator
1152 1257 1312 1341 publicas
1326 1262 1383 1322 aut
1398 1256 1519 1321 denun-

241 1363 253 1388 ’
334 1386 442 1450 ciator
457 1385 519 1464 vir,
545 1385 590 1450 uti
613 1385 770 1468 ponimus,
796 1389 961 1469 spectatae
986 1381 1059 1447 fidei
1082 1385 1203 1448 invicte
1225 1403 1290 1446 non
1306 1381 1519 1468 probaverint

336 1528 426 1575 suam
449 1509 670 1579 intentionem,
695 1514 804 1573 tamen
829 1511 904 1592 quia
927 1507 1144 1573 calumniandi
1164 1510 1289 1574 animus
1305 1510 1337 1571 in
1361 1505 1518 1592 eiusmodi

334 1632 482 1715 personis
498 1630 673 1695 nullimode
688 1630 811 1695 admitti
829 1637 941 1715 potest,
954 1631 1108 1714 sequitur,
1122 1636 1308 1696 accusatum
1320 1635 1376 1694 aut
1391 1628 1517 1694 denun-

334 1759 453 1821 ciatum
477 1757 622 1840 quamvis
645 1755 841 1822 iudicialiter
861 1777 926 1822 non
949 1758 1143 1828 convictum,
1160 1756 1267 1841 aliqua
1290 1757 1419 1842 aspergi
1443 1755 1518 1820 labe

334 1877 496 1967 gravioris
511 1882 715 1965 suspicionis;
731 1899 814 1966 quae
830 1883 1029 1966 potissimum
1041 1884 1074 1945 in
1087 1901 1181 1946 sacro
1193 1881 1310 1946 altaris
1325 1880 1517 1946 administro

335 2005 516 2070 omnimode
532 2004 749 2090 abstergenda
763 2005 879 2090 est(l),
892 2007 1100 2090 pwpatione
1116 2023 1232 2090 nempe
1248 2004 1515 2070 estraindiciali.

423 2250 463 2321 (l)
483 2249 554 2305 ilinc
572 2268 628 2306 non
647 2252 708 2306 iure
733 2253 834 2306 merito
860 2252 978 2306 Carrara
1002 2252 1197 2322 Hoqrcmma,
1223 2259 1241 2318 s*
1266 2252 1334 2318 833,
1359 2252 1466 2322 carpit,
1485 2252 1514 2304 in

333 2374 447 2428 genere,
466 2357 537 2411 banc
555 2357 731 2427 disciplinam
751 2364 848 2427 utpote
871 2359 1054 2432 undequaque
1076 2360 1179 2416 rationi
1198 2360 1367 2414 contrariam
1389 2365 1419 2414 at
1437 2357 1514 2412 laudi

332 2465 434 2519 tribuit
446 2465 565 2518 maxima
584 2465 638 2518 iuri
659 2481 719 2519 cau.
733 2465 815 2519 istam
836 2467 1046 2536 proscripsisse;
1067 2467 1206 2538 quianon
1225 2469 1294 2521 satis
1312 2467 1405 2522 innuit
1423 2467 1516 2521 diver·

332 2590 390 2625 sam
405 2571 525 2627 indolem
538 2574 652 2626 omuino
664 2573 814 2642 specialem
827 2570 1010 2643 primigeniae
1017 2578 1195 2646 purgationis
1209 2577 1365 2631 canonicae.
1378 2606 1396 2615 —
1406 2574 1515 2628 Nihilo-

332 2680 433 2743 minus,
444 2684 541 2745 utpote
551 2697 655 2749 parum
668 2679 775 2750 efficax,
789 2682 919 2750 purgatio
929 2682 1071 2747 canonica,
1082 2699 1137 2753 qua
1150 2684 1278 2751 probatio
1292 2700 1359 2752 pure
1371 2683 1514 2737 iudicialis

331 2785 416 2838 etiam
428 2802 445 2836 a
460 2785 521 2838 foro
540 2784 732 2839 ecclesiastico
750 2788 853 2840 sensim
874 2788 997 2853 recessit,
1009 2789 1135 2857 exceptis
1148 2788 1239 2841 causis
1257 2787 1515 2842 matrimonialibus

300 2946 305 2955 ¹
332 2888 361 2939 in
380 2888 498 2958 quibus,
516 2890 556 2942 uti
575 2890 712 2957 dicemus,
732 2898 819 2946 testes
837 2892 974 2961 septimae
992 2908 1090 2946 manus
1109 2904 1174 2947 suut
1193 2896 1394 2959 coniuratores,
1413 2894 1513 2947 confir·

246 3020 250 3027 ·
331 3003 440 3050 mantes
458 2996 646 3051 iuramentum
665 3000 793 3067 coniugis
806 3000 913 3069 aliquid
925 3002 1084 3055 amarantis.
1099 3002 1283 3062 Quaestionas
1296 3000 1330 3055 de
1343 3002 1513 3069 purgatione

332 3106 465 3157 canonica
478 3110 508 3157 et
519 3102 635 3172 culpari
652 3104 741 3158 solide
753 3112 783 3159 et
796 3107 904 3161 erudite
919 3108 1071 3176 explicavit
1085 3108 1274 3161 Hildenbrand
1287 3141 1301 3151 -
1314 3110 1367 3163 Die
1377 3111 1512 3179 purgatio

332 3208 466 3260 canonica
485 3211 543 3261 und
561 3209 699 3277 culparis
723 3237 735 3250 ·
759 3211 797 3263 De
817 3210 894 3265 bisce
912 3212 1024 3280 copiose
1046 3212 1159 3266 disserit
1179 3212 1358 3287 Van-Espen,
1379 3212 1398 3265 l.
1418 3214 1462 3267 cit.
1483 3216 1512 3267 et

333 3315 432 3381 probat
455 3314 526 3366 ritus
551 3316 758 3382 superstitiosos
783 3319 810 3369 in
832 3318 942 3371 iudiciis
963 3336 1053 3389 aquae
1071 3323 1209 3391 seruantia
1229 3326 1278 3372 aut
1296 3320 1436 3389 frigidae,
1457 3334 1511 3373 non

331 3437 428 3489 parum
451 3421 536 3474 fuisse
560 3422 753 3491 frequentatos
772 3424 800 3477 in
819 3424 905 3478 curiis
929 3424 1027 3479 eccles.
1048 3432 1076 3479 et
1095 3427 1122 3478 iu
1143 3424 1242 3479 borum
1267 3426 1510 3481 confirmationem

331 3528 417 3581 fuisse
435 3527 667 3581 confictasetiam
681 3528 793 3583 litteras
806 3531 986 3586 Porrtiflcales
998 3537 1027 3587 et
1039 3532 1177 3586 solemnes
1194 3533 1265 3587 ritus
1278 3532 1451 3599 adinventos,
1466 3550 1511 3589 re·

331 3632 384 3685 luti
397 3631 512 3685 Missam
526 3649 589 3685 cum
602 3634 738 3701 appositis
756 3634 932 3699 exorcismis3
951 3642 981 3690 at
999 3636 1092 3691 duella
1107 3638 1250 3691 iudicialia
1263 3639 1388 3691 severius
1400 3656 1511 3708 semper

330 3740 443 3791 fuerunt
462 3739 626 3807 proscripta,
641 3741 731 3808 prouti
745 3758 762 3793 a
774 3742 898 3797 moribus
917 3742 1098 3797 abhorrentia
1112 3744 1337 3799 christianorum.
1358 3744 1431 3799 Sane
1449 3762 1510 3815 pro·

330 3844 431 3899 bibitio
447 3847 549 3902 Concu.
565 3848 636 3911 Lat„
648 3866 707 3917 cap.
722 3848 750 3913 9,
769 3848 814 3900 Ne
827 3850 927 3903 clerici
941 3850 970 3902 X
987 3849 1104 3923 (111,50)
1123 3852 1164 3905 ita
1183 3858 1319 3920 concepta
1330 3853 1401 3906 fuit:
1420 3852 1510 3908 (Nec

329 3950 475 4021 quisquam
496 3953 655 4021 purgationi
669 3969 758 4022 aquae
771 3954 907 4007 ferventis
919 3954 964 4007 vel
977 3954 1095 4023 trigidae
1108 3971 1157 4009 seu
1170 3957 1236 4009 ferri
1255 3956 1410 4021 candentis,
1425 3958 1508 4011 ritum

327 4036 481 4109 cuiuslibet
499 4057 708 4122 benedictionis,
721 4059 940 4112 consecrationis
955 4059 1107 4127 impendat,
1120 4062 1207 4115 saluis
1220 4064 1402 4117 nibilominus
1412 4068 1509 4135 probi·

331 4161 478 4216 brionibus
501 4165 537 4216 de
555 4164 754 4216 monomachiis
772 4168 831 4217 sine
850 4166 957 4219 duellis
975 4175 1039 4218 ante
1055 4168 1243 4239 promulgatis
1258 4188 1283 4223 a.
1306 4168 1378 4223 Illud
1397 4171 1505 4225 adverti

328 4267 412 4320 'debet
432 4284 483 4335 per
499 4268 643 4321 inductum
670 4271 845 4337 purgationis
870 4272 953 4323 ritum
973 4288 1094 4327 cessasse
1113 4290 1218 4328 morem
1237 4286 1365 4330 tenurae
1385 4281 1414 4331 et
1433 4277 1506 4331 hunc

328 4372 430 4426 iterum
448 4374 606 4440 inolevisse,
625 4376 732 4429 abolita
751 4362 928 4445 purgationis
946 4380 1118 4447 probatione.
