3350 5100
462 303 506 350 na
530 305 669 352 runrcus
693 305 947 356 celerissimus.
1234 290 1297 355 189

209 424 419 489 Nihilominus
427 427 564 491 crimina
575 425 692 491 adsunt
699 429 862 512 graviora.
873 427 971 492 veluti
985 428 1141 502 haeresis,
1151 429 1297 512 simonia,

124 573 201 635 quae
223 573 378 618 accusare
400 553 512 618 valent
535 553 568 617 hi
592 555 645 638 qui
661 554 842 622 ordinario
858 556 926 618 sive
950 553 1102 620 absolute
1124 555 1193 620 sive
1208 557 1298 622 reta-

124 677 184 742 tioe
197 677 419 762 pmhibentur,
438 685 473 743 ut
495 683 620 744 tantum
636 677 811 746 discrimen
835 699 856 744 a
872 681 1024 744 societate
1040 681 1201 746 catholica
1218 681 1296 747 faci·

123 800 201 865 licre
223 803 349 865 ratione
372 810 535 868 arceatur.

210 925 334 989 Verum
358 925 464 998 hodie,
482 947 578 1010 quum
603 929 818 993 accusationis
834 927 941 992 forma
953 947 1018 992 non
1034 926 1180 992 adbiberi
1197 927 1300 992 soleat

122 1051 152 1113 iu
167 1049 237 1113 foro
260 1052 389 1131 eccles,
407 1052 470 1116 bae
491 1053 624 1138 regulae
638 1073 773 1138 parvam
790 1052 911 1118 habent
935 1055 1111 1138 practicam
1126 1052 1296 1118 utilitatem

123 1182 151 1236 et
181 1175 241 1240 has
272 1177 408 1240 ulterius
431 1177 598 1260 explicare
623 1196 686 1240 non
710 1182 821 1250 uacat,
847 1178 953 1262 prouti
977 1182 1067 1242 notat
1092 1176 1293 1263 Scbmalzgr.

123 1298 186 1361 tt.
201 1319 235 1362 n.
252 1297 303 1364 37
317 1319 385 1384 aeq.
402 1299 529 1364 abunde
552 1300 656 1366 citans
676 1299 789 1385 fontes
811 1301 966 1366 eiusmodi
991 1303 1296 1398 praescriptionum,

123 1430 151 1486 et
164 1423 257 1488 docet
273 1425 379 1488 Bouix
394 1423 445 1490 De
458 1425 530 1491 iud.
547 1425 611 1489 vol.
628 1427 672 1506 ΙΙ,
688 1448 719 1512 p.
736 1427 786 1491 ll.
812 1464 827 1474 ·
852 1429 1002 1492 Attamen
1018 1447 1175 1512 expresse
1191 1427 1298 1494 forma
1404 1517 1407 1522 Ι

122 1568 286 1631 processus
312 1550 517 1617 metentem
547 1570 710 1634 uunquam
738 1552 858 1618 abolita
880 1553 958 1634 fuit,
982 1573 1174 1637 quamquam
1199 1553 1296 1618 hodie

122 1676 218 1758 magis
234 1676 265 1738 in
284 1695 343 1738 usu
361 1675 401 1740 sit
416 1677 558 1759 querela
572 1677 625 1740 vel
641 1676 859 1742 denunciatio
884 1661 1070 1744 iudicialis:
1094 1678 1149 1742 sed
1174 1677 1297 1742 denun-

122 1800 204 1862 ciare
234 1799 444 1865 iudicialiter
466 1799 697 1884 prohibentur,
722 1803 755 1865 in
786 1821 926 1886 genere,
951 1803 1005 1886 qui
1037 1802 1077 1868 ab
1103 1803 1298 1869 coenando

121 1923 333 2006 repelluntur.
358 1925 482 1990 Verum
498 1925 580 1990 haec
598 1927 712 2010 regula
735 1927 824 1991 nullo
847 1929 928 1993 iuris
951 1933 1043 1992 textu
1059 1927 1180 1993 diserte
1199 1929 1298 2013 signi-

122 2044 249 2118 ficatur,
275 2056 326 2114 ast
349 2050 535 2115 continetur
566 2051 635 2134 ipso
666 2052 807 2115 naturali
840 2053 929 2132 iure,
958 2054 1004 2116 uti
1035 2052 1121 2116 infra
1153 2052 1296 2137 explica·

121 2171 228 2238 bimus
263 2209 282 2220 -
316 2174 452 2238 Interim
485 2172 567 2238 istud
590 2173 781 2239 advertatur
804 2195 921 2260 magno
946 2177 978 2238 iu
1008 2177 1113 2274 pretio
1149 2175 1297 2241 habenda

120 2315 186 2361 esse
208 2299 348 2362 criteria
371 2297 526 2362 eiusmodi
550 2297 801 2382 prohibitionum
820 2299 917 2365 veluti
935 2299 1125 2384 prudentiae
1141 2306 1173 2364 et
1188 2302 1295 2384 aequi·

120 2426 188 2489 tatis
215 2444 367 2490 normas.
392 2426 437 2491 uti
462 2431 550 2509 patet
580 2446 623 2490 ex
645 2427 822 2511 capitibus,
847 2446 929 2510 quae
953 2427 1157 2492 commentati
1188 2445 1297 2490 sumus

119 2548 147 2609 in
169 2554 237 2613 not.
265 2550 395 2633 1,pop,
420 2548 493 2614 188.

207 2674 282 2737 134.
308 2674 415 2737 Porro
438 2674 498 2738 has
525 2674 656 2759 regulas
679 2674 900 2740 indebilitatis
924 2692 1006 2757 quae
1030 2674 1132 2759 magis
1158 2673 1297 2739 demon-

118 2799 254 2863 strative
285 2817 379 2881 quam
412 2799 563 2865 lanamve
594 2800 820 2870 enuncientur,
846 2798 943 2863 iudex
966 2819 1026 2883 pro
1050 2798 1176 2883 singulo
1203 2817 1293 2869 casu,

119 2940 174 3002 quo
189 2922 309 3006 aliquis
324 2942 360 2986 se
375 2920 490 2987 offerat
513 2928 745 2995 accusatorem,
763 2922 903 3008 probare
927 2920 1021 2987 debet
1037 2941 1078 2985 au
1095 2923 1146 3005 qui
1165 2925 1297 2987 accusat

120 3046 155 3109 ad
183 3046 405 3111 accusandum
436 3049 478 3113 sit
506 3047 640 3129 habilis,
669 3055 702 3112 et
731 3053 903 3112 accusator
935 3066 998 3109 non
1031 3051 1182 3111 censetur
1213 3046 1294 3131 legi·

119 3172 189 3235 time
212 3174 456 3237 accusationem
481 3174 666 3237 instaurare
689 3192 854 3257 quousque
877 3192 897 3235 a
919 3170 1024 3235 iudice
1055 3169 1208 3254 probatus
1231 3190 1295 3235 non

119 3296 169 3370 sit3
192 3295 278 3382 quod
304 3297 367 3360 iam
391 3304 527 3361 caverat
550 3300 599 3362 ius
623 3317 801 3362 romanum.
828 3299 907 3362 Nam
932 3297 973 3362 ab
997 3317 1035 3362 eo
1059 3299 1112 3380 qui
1136 3316 1295 3362 accusare

119 3421 319 3502 intendebat,
348 3421 496 3487 facienda
520 3428 591 3489 erat
617 3423 802 3507 postulatio
809 3443 824 3506 ;
854 3425 905 3488 cui
936 3425 962 3487 si
994 3430 1155 3488 annueret
1179 3423 1294 3495 iudex,

119 3556 224 3629 postea
259 3545 358 3612 fiebat
391 3548 539 3613 formalis
572 3548 722 3615 mominis
755 3549 808 3612 vel
843 3548 996 3613 criminis
1022 3548 1162 3627 delatio,
1189 3547 1218 3611 id
1245 3554 1296 3614 est

119 3672 297 3742 menotio,
314 3692 384 3757 arg.
403 3674 424 3737 t.
436 3672 491 3753 12,
506 3674 542 3755 ff.
559 3672 609 3737 De
624 3692 735 3739 accus.
749 3708 768 3719 -
782 3674 963 3737 Accusator
979 3673 1120 3758 legitime
1137 3671 1294 3739 admissus

119 3792 255 3860 libellum
280 3814 424 3860 exarare
446 3795 542 3861 debet
563 3796 707 3879 scriptas.
725 3816 788 3879 quo
811 3798 1016 3861 contineatur
1038 3802 1071 3863 et
1094 3798 1239 3861 criminis
1263 3802 1295 3862 et

119 3921 279 3985 criminosi
303 3919 466 3986 sufficiens
489 3922 613 3986 notitia.
639 3956 656 3970 ·
683 3924 816 4005 iuquam
833 3922 977 4004 scriptis,
996 3922 1070 4005 quia
1085 3942 1155 4007 arg.
1173 3940 1247 3987 cam.
1266 3920 1293 3996 1,

120 4060 147 4125 q.
170 4044 206 4119 8,
230 4066 259 4110 c.
276 4045 322 4108 2.-
347 4047 636 4112 «demutatorum
667 4064 837 4127 personae
870 4065 1050 4129 numquam
1081 4045 1295 4128 recipiantur

119 4166 185 4233 aine
206 4168 335 4251 scripto
351 4190 369 4231 a
387 4168 428 4234 ad
444 4189 591 4234 normam
607 4169 688 4255 legis
711 4167 736 4235 3
757 4172 792 4253 ff.
818 4170 868 4235 De
890 4189 1001 4235 cocus.
1025 4204 1043 4217 ·
1066 4172 1109 4234 At
1132 4170 1295 4255 scriptura

120 4289 227 4356 coudci
263 4292 353 4356 valet
386 4311 493 4375 opero
526 4292 655 4358 notarii
688 4292 740 4355 oet
771 4292 919 4357 actuarii
949 4291 1096 4374 publici,
1128 4293 1172 4357 uti
1204 4297 1295 4357 notat
1339 4282 1341 4289 ’

123 4411 280 4481 Reiffenst
294 4414 328 4477 b.
341 4416 363 4480 l.
379 4415 455 4480 no.
477 4450 494 4462 ·
514 4414 707 4480 Solemnitas
722 4434 802 4479 vero
825 4418 1007 4501 scripturae
1024 4435 1089 4481 non
1103 4418 1245 4502 exigitur
1261 4418 1295 4482 in
