3350 5100
363 248 432 313 228
879 267 963 314 rens
980 267 1031 338 gn.

371 391 521 477 Episcopi
546 397 758 458 reserventur
773 410 898 458 causae
921 391 1117 457 criminales
1141 391 1236 494 etiam
1261 391 1301 456 ad
1325 391 1547 456 exclusionem

365 515 493 580 Vicarii
517 515 695 581 Generalis.
715 551 732 564 -
750 516 877 580 Verum
900 517 976 599 quia
990 515 1141 600 Episcopi
1165 522 1197 580 et
1221 515 1348 580 Vicarii
1373 515 1547 580 Generalis
1640 499 1641 552 1

362 659 462 704 unum
492 640 639 725 idemque
663 647 711 706 est
734 640 886 712 tribunal,
911 659 1031 738 'nempe
1057 639 1200 704 tribunal
1231 639 1432 736 episcopale,
1456 646 1547 724 patet
1640 643 1641 660 ¹

363 772 489 831 textum
505 785 570 829 nou
586 767 663 830 salis
677 763 863 850 significare
880 764 1035 830 eiusmodi
1050 764 1283 830 exclusionem.
1300 765 1441 828 Mentem
1462 785 1544 827 vero
1640 813 1641 836 2

363 885 502 953 Consilii
518 911 583 955 non
600 890 697 955 luisse
713 889 865 954 Vicarios
882 889 1059 958 Generales
1081 887 1259 974 probibere
1282 887 1323 952 ab
1347 889 1437 953 hisce
1461 887 1545 952 iudi·
1640 867 1641 884 ἵ

362 1012 1543 1100 ciis,utiprohibuitDecanosArchidieconosnonobscurearguiturex
1640 1067 1641 1072 ,

363 1159 440 1220 cap.
454 1139 489 1219 2,
501 1158 579 1206 sess.
593 1138 638 1204 13
653 1139 703 1204 De
717 1137 793 1220 ref„
810 1140 856 1203 ila
871 1144 1037 1223 concepto:
1054 1160 1072 1199 u
1085 1139 1114 1202 A
1127 1138 1293 1204 sententia
1310 1137 1473 1220 Episcopi
1489 1139 1543 1202 nel

361 1263 469 1346 ipsius
483 1263 522 1328 in
535 1262 770 1346 spiritualibus
790 1262 915 1328 Vicarii
934 1261 1110 1329 Generalis
1121 1263 1158 1327 in
1171 1261 1407 1330 miminalibus
1423 1263 1545 1344 appet-

362 1388 499 1454 tationis
511 1407 626 1468 causa,
642 1387 701 1454 ubi
716 1388 939 1471 appellationi
955 1389 1048 1454 locus
1058 1386 1174 1468 fuerit
1188 1387 1218 1452 si
1230 1385 1417 1468 apostoliea
1428 1390 1544 1451 aucto-
1640 1383 1641 1462 J

361 1513 462 1579 ritate
477 1511 683 1596 inpartibus
705 1532 783 1578 ecum
806 1513 970 1579 committi
992 1512 1179 1597 commorit,
1196 1511 1457 1592 metropolitano
1482 1528 1546 1576 sea

361 1638 453 1703 itlius
467 1638 571 1704 etiam
595 1638 730 1704 Vicorio
745 1641 782 1704 in
796 1637 1031 1722 spiritualibus
1052 1639 1206 1723 peneroli
1229 1643 1289 1702 aut
1304 1638 1333 1703 si
1349 1639 1404 1702 ille
1420 1637 1543 1721 aliqua
1640 1713 1641 1716 Ἴ

359 1781 528 1830 excausa
541 1768 716 1845 suspect-us
736 1761 827 1844 foret
850 1764 901 1828 uel
924 1763 1018 1828 ultra
1042 1764 1130 1828 duas
1146 1763 1270 1847 lepales
1291 1763 1422 1828 diaetas
1441 1763 1543 1828 distet

358 1905 419 1952 seu
442 1885 486 1952 ab
504 1886 579 1968 ipso
603 1887 814 1968 appellatum
835 1885 1036 1967 saevitum
1059 1905 1104 1951 ea
1127 1885 1347 1952 vicinioribus
1361 1885 1546 1968 Episcopus
1640 1949 1641 1976 ξ

358 2029 419 2076 seu
434 2029 589 2076 rauonun
604 2027 763 2090 vicians,
780 2029 847 2078 nou
864 2029 979 2077 cornu
996 2029 1235 2076 rossemannus
1253 2028 1423 2076 moremus
1447 2029 1544 2076 corii·

358 2133 559 2201 mittatur».
586 2135 629 2199 Hi
652 2140 761 2198 textus
784 2131 978 2200 confirmant
1000 2133 1203 2204 adamussim,
1228 2133 1261 2197 ni
1286 2133 1439 2206 fallimur,
1465 2151 1542 2197 con-

357 2258 547 2339 elusionem,
571 2259 604 2322 in
632 2277 728 2341 quam
758 2257 947 2324 devenimus
974 2261 1008 2323 in
1036 2258 1110 2323 Vol.
1144 2259 1186 2331 ΙΙ,
1216 2279 1247 2322 n.
1281 2255 1356 2330 340,
1385 2260 1542 2321 nimirum

358 2383 526 2450 Vicarium
558 2384 753 2450 Generalem
777 2403 871 2469 posse
898 2403 1097 2469 cognoscere
1123 2403 1238 2450 causas
1268 2383 1454 2448 criminales
1482 2383 1542 2448 sed
1640 2365 1641 2420 i

357 2528 425 2574 non
447 2507 633 2595 probiores,
657 2528 740 2593 quae
763 2510 914 2574 nimirum
937 2509 1093 2595 generali
1116 2509 1279 2575 mandato
1304 2508 1539 2595 comprehendi

356 2654 422 2698 uon
446 2642 631 2700 censentur.
657 2636 699 2700 Et
721 2638 766 2700 ita
789 2638 1043 2720 interpretamur
1065 2640 1168 2718 capul
1191 2634 1292 2701 licet.
1317 2635 1368 2701 De
1390 2636 1445 2718 off.
1468 2634 1542 2701 Vis.

356 2758 393 2822 in
406 2758 430 2823 6
441 2758 482 2841 (Ι,
500 2758 553 2840 13)
567 2758 748 2823 decernens
767 2781 784 2819 ‹
802 2758 894 2825 Licet
904 2761 938 2823 in
952 2756 1132 2826 Officialem
1145 2760 1306 2847 Episcopi,
1320 2779 1380 2845 per
1391 2762 1544 2825 commis·
1640 2734 1641 2739 ἵ

356 2882 479 2947 sionem
496 2881 592 2949 officii
608 2883 808 2969 generaliter
831 2883 891 2949 sibi
915 2883 1044 2958 faciam,
1068 2904 1241 2951 causarum
1262 2886 1402 2971 cognitio
1426 2890 1542 2951 irens—

356 3006 494 3078 feratur,
514 3012 704 3092 potestatem
721 3014 829 3073 umen
845 3008 1054 3100 inquirendi,
1068 3009 1264 3095 compendi
1283 3016 1344 3075 out
1362 3008 1542 3092 puniendi
1640 2980 1641 3047 5

355 3129 553 3214 aliquorum
579 3151 737 3198 eacessus
758 3152 819 3199 seu
842 3132 976 3217 aliquos
999 3152 1021 3199 a
1045 3133 1115 3199 suis
1139 3134 1316 3219 beneficiis,
1341 3134 1460 3219 officiis
1484 3136 1540 3200 oet

355 3256 708 3323 udiiiinistrationibus
738 3259 935 3332 amonendi,
967 3258 1141 3325 transferri
1174 3260 1340 3331 nolumus,
1370 3260 1431 3323 nisi
1471 3256 1540 3324 sibi
1640 3252 1641 3279 ³

352 3378 545 3461 specialiter
562 3379 646 3446 baec
659 3381 914 3447 committantur
930 3402 960 3447 ›.
977 3380 1074 3448 Patet
1090 3384 1175 3448 enim
1199 3383 1253 3447 hic
1277 3384 1329 3469 agi
1352 3382 1392 3447 de
1416 3400 1537 3448 enses·

352 3501 445 3569 sibus
462 3503 516 3586 qui
531 3508 700 3568 merentur
714 3504 920 3570 aunotionem
935 3526 993 3571 seu
1006 3505 1235 3589 privationem
1253 3512 1286 3573 et
1296 3507 1349 3591 agi
1365 3505 1405 3570 de
1420 3506 1541 3591 poenis
1640 3520 1641 3534 ¹

351 3628 417 3711 fer.
437 3634 531 3704 sent,
548 3649 613 3695 non
628 3630 668 3695 de
684 3632 795 3715 poenis
818 3632 875 3697 lat.
900 3638 983 3699 sent.
1008 3652 1091 3718 quae
1113 3632 1154 3698 ab
1178 3631 1355 3699 Ordinario
1379 3636 1538 3715 expostu-

351 3752 421 3815 lent
442 3752 662 3819 tantummodo
676 3754 868 3819 seutentiam
888 3755 1163 3822 declamtoriam.
1180 3754 1260 3821 Inde
1276 3752 1445 3819 firmamus
1463 3771 1537 3819 sen·

348 3877 790 3962 tentiampracticamquam
803 3879 967 3963 posuimus
980 3880 1000 3944 l.
1010 3879 1075 3951 eit..
1085 3899 1201 3964 nempe
1211 3900 1219 3944 ε
1228 3876 1382 3945 Proinde
1388 3878 1536 3963 quando

350 4021 456 4066 causa
472 4002 680 4067 instituenda
694 4002 737 4067 sit
752 4002 951 4077 criminalis,
968 4003 1006 4069 in
1018 4023 1088 4088 qua
1103 4004 1146 4069 de
1162 4004 1304 4069 crimine
1316 4002 1435 4087 apitur
1449 4002 1534 4066 mul-

349 4125 473 4191 ctanda
499 4128 548 4190 oet
571 4122 924 4193 encosnmeinicatione
950 4129 1002 4193 vel
1029 4128 1208 4195 interdicto
1231 4130 1283 4193 vel
1306 4125 1535 4209 suspensione
1640 4162 1641 4173 .

349 4250 402 4314 uel
421 4248 617 4331 priuatione
639 4253 687 4316 nel
711 4251 782 4315 alia
803 4252 959 4336 proniori
977 4272 1103 4335 poena,
1117 4253 1303 4320 duriimodo
1328 4270 1398 4318 non
1417 4268 1475 4315 res
1490 4249 1533 4314 sit

350 4374 393 4437 rte
407 4372 555 4453 simplici
570 4379 601 4437 et
615 4392 685 4438 non
702 4372 806 4439 dubia
818 4374 1050 4457 applicatione
1066 4376 1149 4463 lepis
1162 4376 1362 4457 communis,
1376 4372 1535 4439 inanime
