3350 5100
296 285 339 350 38
638 288 642 297 “
820 306 904 355 raas
929 307 951 354 1.

296 444 360 490 non
373 427 536 501 committi,
550 428 674 511 quoties
685 429 773 494 inter
788 449 823 493 se
835 434 1061 515 permutentur
1071 430 1140 494 sola
1151 430 1345 516 spiritualia;
1363 436 1477 517 utputa

294 551 321 616 si
338 549 443 616 officia
458 552 544 616 inter
560 573 594 617 se
611 558 846 638 permutentur,
863 555 915 618 vel
932 557 1028 620 etiam
1044 553 1216 631 beneficia;
1233 558 1309 641 quia
1323 558 1477 641 utrinque

295 678 384 742 venit
406 678 525 761 aliquid
550 680 719 763 spirituale
742 700 801 764 pro
825 681 994 764 spirituali,
1011 686 1044 744 et
1066 683 1246 766 temporale
1274 703 1334 768 pro
1356 687 1478 767 tempo·

295 800 366 865 rali.
393 802 465 868 Hoc
488 801 527 866 de
551 802 628 868 inre
642 803 776 886 dicino;
800 803 841 870 de
864 805 940 870 inre
962 809 1071 869 nmen
1086 805 1307 872 ecclesiastico
1327 806 1474 888 positivo

295 925 353 990 sub
370 945 473 1010 poena
489 927 644 991 simoniae
664 929 744 992 iuris
760 929 903 1000 humani,
920 934 1072 996 vetantur
1086 931 1343 1014 permutationes
1357 928 1478 995 benefi-

294 1053 428 1123 ciorum,
445 1052 567 1116 iniussu
580 1054 744 1139 Episcopi:
762 1074 805 1118 en
816 1075 888 1139 cap.
906 1054 938 1127 5,
954 1055 1001 1120 De
1012 1073 1080 1120 rer.
1095 1061 1245 1138 permut.
1259 1056 1300 1136 X,
1317 1055 1394 1141 (111,
1409 1054 1474 1140 19).

384 1175 456 1240 Hoc
480 1176 518 1241 de
543 1175 640 1242 rebus
663 1176 894 1261 spiritualibus,
918 1183 974 1242 aut
996 1178 1228 1263 temporalibus
1255 1179 1393 1245 adnexis
1415 1180 1476 1265 spi·

294 1298 462 1367 ritualibus
479 1307 722 1386 consequenter
738 1302 824 1366 inter
840 1322 875 1367 se
891 1302 1126 1387 permutandis;
1150 1304 1227 1367 item
1249 1323 1330 1368 vero
1349 1303 1477 1368 dicatur

294 1424 334 1489 de
356 1424 587 1510 temporalibus
617 1427 855 1493 antecedenter
883 1426 1038 1510 adnexis,
1061 1447 1145 1512 quae
1168 1431 1201 1492 in
1225 1430 1296 1494 iure
1327 1431 1390 1494 emi
1421 1430 1476 1495 vel

295 1551 380 1617 inter
403 1571 438 1616 se
462 1553 641 1637 permutari
657 1571 721 1616 non
737 1551 961 1637 prohibentur,
980 1555 1039 1618 nisi
1063 1572 1220 1638 expresse
1236 1554 1299 1618 hoc
1313 1559 1403 1619 vetet
1425 1555 1475 1620 ius

292 1677 463 1761 positivum
487 1677 520 1739 in
544 1675 671 1761 singulo
696 1695 782 1741 casu.

383 1801 436 1866 26.
461 1800 558 1865 Aliud
574 1802 766 1885 principium
783 1801 846 1865 hac
868 1803 902 1865 in
925 1803 1062 1867 materia
1076 1802 1188 1867 scdulo
1205 1803 1475 1868 considerandum

294 1931 357 2000 est;
381 1925 515 2005 scilicet,
531 1945 575 1991 ex
597 1927 668 1990 iure
691 1928 759 2010 ipso
776 1927 915 1991 naturali
931 1947 1061 1992 cessare
1076 1928 1256 2001 simoniam,
1272 1947 1378 2011 neque
1402 1929 1475 1993 iure

292 2048 429 2132 positivo
453 2047 569 2120 induci,
593 2049 719 2132 quoties
748 2035 916 2132 spirituale
938 2055 971 2113 et
993 2051 1173 2136 temporale
1196 2071 1261 2116 non
1287 2069 1330 2115 ex
1353 2070 1419 2116 una
1440 2055 1475 2116 et

293 2173 398 2238 altera
413 2173 673 2238 contrahentium
688 2179 781 2258 parte
797 2175 883 2240 inter
902 2193 937 2240 se
952 2180 1187 2268 permutantur,
1203 2175 1260 2241 sed
1277 2176 1333 2240 uni
1347 2180 1474 2242 tantmn

293 2298 422 2364 cedunt.
437 2298 548 2364 Veluti
565 2300 590 2362 si
607 2301 743 2384 pecunia
759 2298 853 2364 detur
869 2319 980 2384 puero,
996 2305 1032 2363 ut
1048 2299 1219 2366 inducatur
1234 2300 1274 2364 ad
1291 2322 1316 2366 s.
1334 2321 1474 2367 commu-

293 2425 421 2489 nionem
441 2422 633 2496 faciendam,
658 2425 710 2488 vel
738 2427 773 2488 ut
796 2423 913 2489 devote
936 2425 1055 2488 Missae
1083 2425 1236 2500 intersit;
1265 2427 1417 2510 quocirca
1439 2428 1473 2491 in

293 2568 363 2635 cap.
383 2550 405 2616 2
429 2550 482 2615 De
504 2550 628 2617 condit.
652 2535 797 2633 apponit.
818 2550 861 2631 X,
878 2547 951 2633 (lV,
972 2550 1005 2636 5)
1030 2570 1095 2615 non
1118 2551 1394 2617 condemnabatur
1416 2554 1472 2636 qui

291 2693 423 2740 serrum
446 2676 696 2749 manumitteret,
721 2673 975 2755 reconditione,
1000 2677 1036 2737 ut
1056 2674 1234 2739 monachus
1259 2672 1363 2739 tieret.

381 2798 435 2863 27.
468 2800 600 2864 Demum
631 2804 783 2865 teneatur
813 2800 895 2865 haec
925 2799 1057 2883 regula:
1085 2800 1253 2865 simoniam
1284 2801 1420 2873 incurri,
1444 2802 1472 2866 si

291 2925 471 3010 temporale
494 2924 589 2989 detur
616 2944 675 3009 pro
698 2924 867 3009 spirituali,
891 2930 947 2990 aut
973 2926 1045 2989 vice
1068 2943 1182 2999 versa3
1206 2926 1251 2990 ila
1274 2931 1310 2990 ut
1331 2926 1470 2992 alterum

287 3068 355 3132 pro
379 3050 486 3115 altero
510 3050 599 3132 quasi
623 3049 762 3133 pretium
788 3069 848 3133 pro
864 3070 974 3113 merce
996 3050 1115 3115 veniat.
1133 3050 1268 3124 Quando
1289 3070 1369 3116 vero
1392 3050 1471 3117 alte-

292 3193 364 3237 rum
388 3192 454 3237 uon
483 3192 548 3239 rao
571 3191 649 3238 nnio
672 3171 776 3244 detur,
801 3174 857 3238 sed
881 3193 1036 3241 raorrnn
1057 3193 1172 3255 aaron,
1193 3196 1250 3239 seu
1280 3176 1398 3240 intuitu
1421 3177 1472 3240 rei

291 3302 354 3365 iam
377 3299 537 3381 obtentae,
559 3297 599 3363 ad
623 3300 707 3383 grati
730 3300 829 3363 animi
852 3297 1127 3384 significationem,
1148 3301 1269 3385 absque
1291 3303 1470 3367 intentione

292 3444 389 3489 unum
413 3444 486 3488 cum
509 3424 613 3489 altero
630 3422 835 3507 comparandi
860 3428 893 3487 et
915 3424 1143 3508 compensandi
1163 3425 1284 3509 absque
1299 3444 1360 3507 spe
1373 3426 1472 3492 retri-

292 3546 446 3619 butionis,
464 3546 600 3610 simonia
615 3552 728 3611 cessat.
747 3545 820 3609 Dixi
833 3546 880 3611 cd
891 3546 983 3631 qrcti
999 3546 1108 3611 animi
1121 3515 1416 3633 siqnifieationenn
1436 3553 1471 3614 et

291 3671 411 3756 absque
421 3690 481 3754 spe
492 3670 732 3743 retributionis,
745 3689 821 3735 nam
834 3673 861 3735 si
873 3671 944 3754 quis
956 3669 996 3734 ob
1008 3688 1077 3735 rem
1091 3672 1290 3755 spiritualem
1303 3672 1468 3739 obtentam

290 3797 486 3883 rependeret
498 3795 573 3879 quid
581 3796 769 3880 temporale,
784 3798 875 3879 quasi
888 3796 1049 3880 gratuitae
1060 3798 1346 3879 compensationis
1358 3818 1468 3875 causa,

290 3928 324 3991 et
338 3922 409 3988 fere
423 3921 465 3986 ad
479 3920 681 3988 solvendam
696 3920 846 3993 debitum,
862 3926 919 3986 aut
934 3940 1007 3985 cum
1022 3940 1079 4005 spe
1093 3921 1327 3989 retributionis
1337 3923 1395 4010 (l),
1408 3944 1469 3991 seu

381 4114 419 4186 (l)
432 4116 548 4185 lnquam
561 4132 624 4169 cum
637 4114 905 4182 emandationis,
918 4130 982 4166 nam
992 4113 1111 4181 simplex
1119 4129 1184 4183 spes
1194 4130 1250 4169 non
1260 4116 1369 4179 obstst3
1382 4132 1469 4186 quare

289 4221 375 4277 alicui
394 4221 485 4275 officia
504 4226 656 4289 praestare,
674 4237 724 4291 spe
742 4220 863 4274 alicuius
882 4219 1012 4275 beneficii
1030 4221 1175 4276 obtinendi
1188 4239 1205 4275 a
1217 4221 1361 4289 collatore,
1377 4225 1469 4277 soiius

290 4327 367 4398 prati
375 4326 462 4380 animi
471 4341 565 4391 cansa,
575 4340 630 4379 non
640 4330 683 4379 est
693 4324 886 4389 simoniacum,
896 4324 1031 4395 quamvis,
1039 4327 1101 4379 sine
1114 4342 1148 4379 ea
1159 4340 1209 4395 spe
1222 4325 1314 4379 officia
1325 4325 1376 4380 ille
1389 4342 1468 4396 prae·

290 4434 407 4489 siiturus
426 4450 481 4487 non
499 4434 605 4487 suisset.
622 4433 706 4488 Certa
724 4432 818 4502 opinio
837 4436 894 4488 est:
912 4431 939 4486 S.
953 4430 1087 4501 Alpbons.
1103 4432 1148 4500 lll,
1161 4434 1204 4488 51.
1219 4434 1338 4488 Proinde
1357 4433 1467 4487 licitum
