3350 5100
408 317 451 363 oe
476 317 614 363 romeus
638 315 880 365 caruissemus
904 317 940 362 rn
964 317 1082 364 sancia
1269 297 1336 362 545

156 459 236 525 gens
251 446 284 504 et
298 440 441 525 prudens
456 446 505 504 est
520 442 696 524 inquisitio;
712 440 891 505 delatorum
908 459 988 504 vero
1004 445 1037 505 et
1051 441 1180 506 testium
1205 442 1335 504 nomina

156 583 219 629 non
231 564 481 629 manifestantur
493 567 538 630 uti
550 567 717 650 proprium
730 572 779 629 est
790 583 961 649 processus
969 583 1061 647 pure
1076 563 1262 648 iaquisitioi
1278 562 1334 650 (cl.

155 707 254 774 supra
263 689 468 772 n.377)etde
477 709 630 773 processu
643 689 674 756 S.
685 687 790 755 Officii
804 709 958 774 expresse
971 690 1062 754 iussit
1075 689 1152 754 Pius
1164 689 1214 754 IV
1227 690 1333 755 Const.

158 815 243 879 Cum
258 815 344 880 sicut
365 833 437 880 aaa
450 814 531 887 sine,
550 817 663 880 lNov.
685 816 786 891 156];
811 820 844 880 at
866 815 995 881 testium
1017 814 1107 880 dieta
1130 814 1341 878 manifestam·

154 943 209 1001 tur
224 957 282 1022 pro
296 940 491 1003 necessitate
514 938 720 1004 defensionis.
745 936 850 1004 Porro
866 937 898 1004 S.
917 936 1023 1003 Officii
1039 937 1235 1022 procedendi
1252 939 1335 1002 ratio

155 1069 204 1126 est
227 1064 312 1128 mitis
327 1067 360 1127 et
375 1064 571 1129 charitativa
592 1065 699 1148 prouti
724 1063 904 1128 Ecclesiam
928 1061 1031 1143 decet,
1053 1067 1085 1127 ct
1107 1067 1245 1127 testatur
1260 1061 1335 1127 Gar-

155 1185 271 1250 dinalis
298 1185 339 1252 de
371 1188 461 1252 Luca
490 1189 524 1250 in
551 1185 659 1251 «Hel.
689 1186 743 1252 De
767 1187 848 1252 Car.
874 1185 968 1252 Rom.
992 1207 1010 1247 a
1037 1187 1186 1269 inquiens
1215 1186 1256 1250 D.
1282 1184 1334 1250 14.

154 1331 188 1374 a.
213 1311 263 1376 15.
290 1331 307 1372 ‹
327 1311 409 1377 Illud
433 1319 541 1377 autem
564 1319 689 1377 certum
713 1317 747 1377 et
770 1311 982 1376 indubitatum
999 1317 1047 1377 est
1067 1310 1231 1396 (quidquid
1248 1312 1335 1396 igna-

155 1454 226 1498 rum
243 1435 360 1520 vulgus
383 1436 525 1503 indebite
541 1442 573 1500 et
588 1434 709 1520 absque
729 1436 937 1501 fundamento
953 1435 1117 1522 opinatur)
1132 1435 1216 1519 quod
1232 1435 1335 1520 stylus

155 1567 204 1626 est
226 1563 358 1627 nimium
383 1563 526 1647 placidus
549 1582 589 1627 ac
610 1561 780 1647 benignus,
804 1563 954 1645 omnique
981 1563 1096 1625 maiori
1119 1560 1280 1626 charitate
1304 1565 1336 1624 et

156 1689 442 1771 circumspectione
466 1686 580 1772 plenus
603 1685 684 1751 adeo
698 1691 735 1750 ut
751 1705 815 1749 non
840 1686 900 1750 nisi
925 1701 1051 1770 magna·
1064 1689 1203 1770 urgente
1225 1702 1335 1748 neces·

154 1815 248 1879 sitate
271 1818 303 1876 st
326 1811 453 1896 quando
476 1817 675 1897 compertum
692 1812 732 1876 sit
748 1811 832 1894 quod
856 1812 1081 1877 exactissimae
1104 1809 1252 1874 occultae
1268 1807 1336 1872 dili-

154 1937 284 2020 gentiae
306 1957 370 2000 non
394 1935 575 2021 proficiant,
599 1935 779 2000 huiusmodi
804 1937 935 2020 negotia
957 1933 1084 2022 publice
1107 1932 1334 2018 pandantur».

244 2059 415 2144 Singulare
432 2061 528 2123 estin
551 2079 703 2144 processu
720 2057 803 2142 apud
820 2058 852 2124 S.
871 2055 1020 2124 Officium
1040 2061 1075 2121 ut
1094 2075 1152 2120 reo
1168 2054 1335 2120 deferatur

154 2186 379 2250 iuramentum.
397 2186 435 2250 ln
451 2187 504 2251 cit.
524 2187 674 2251 Instruct.
692 2185 839 2250 iubetur:
858 2204 876 2248 c
891 2185 991 2250 Hisce
1008 2185 1149 2269 peractis
1161 2183 1334 2268 diligentiis

155 2329 231 2375 reus
260 2313 294 2375 in
320 2310 471 2376 iudicium
502 2310 672 2376 adducitur
701 2315 734 2375 et
764 2329 875 2375 coram
906 2308 1012 2375 iudice
1044 2329 1116 2374 cum
1147 2310 1334 2374 interventu

154 2435 270 2502 eccles.
293 2437 388 2499 viri...
404 2455 502 2520 super
524 2436 659 2520 singulis
675 2437 829 2517 cuiusque
853 2435 1109 2500 denunciationis
1124 2441 1157 2498 et
1175 2434 1334 2498 examinis

153 2559 312 2624 adiunctis
345 2560 526 2623 iuramento
556 2558 711 2623 dicendae
743 2559 893 2623 veritatis
927 2557 1100 2624 adstrictus
1136 2555 1334 2641 respondere

153 2682 301 2749 debet».
331 2681 394 2748 Sed
426 2681 523 2746 hodie
553 2682 592 2746 ob
622 2684 769 2747 notitiam
799 2700 894 2765 quam
925 2681 989 2745 hac
1019 2680 1059 2747 de
1090 2699 1127 2744 re
1157 2682 1332 2764 assumpsi,
1395 2718 1397 2727 ‚

153 2809 220 2870 scio
242 2806 493 2889 praestationem
516 2806 689 2869 iuramenti
711 2824 777 2868 non
800 2804 936 2889 amplius
960 2822 1031 2868 esse
1055 2808 1255 2868 constantem
1279 2823 1333 2867 re-

156 2926 275 3010 gulam.

243 3050 422 3114 Praeterea
445 3050 610 3135 singulare
633 3057 684 3120 est·
704 3057 740 3114 ut
763 3049 803 3114 ab
826 3022 975 3134 incoepto
1009 3048 1159 3113 examine
1183 3050 1235 3112 vel
1258 3066 1335 3113 con·

153 3177 263 3261 stituto
279 3194 356 3239 reus
377 3192 562 3257 marpessam
575 3194 598 3241 α
613 3175 738 3241 divinis
760 3176 828 3259 ipso
851 3174 938 3239 facto
955 3178 1130 3239 remaneat.
1149 3209 1167 3222 -
1187 3176 1237 3238 An
1254 3174 1332 3258 Epi-

152 3302 242 3385 scopi
265 3320 401 3365 servare
423 3300 563 3365 debeant
577 3300 662 3364 hanc
677 3319 823 3365 normam
840 3319 904 3364 non
921 3305 970 3365 est
985 3298 1146 3384 explorati
1169 3300 1259 3373 iuris,
1276 3296 1332 3363 sed

153 3428 246 3492 istam
257 3426 436 3511 prudenter
450 3426 624 3492 observant
635 3425 675 3490 ob
691 3426 819 3491 easdem
832 3426 974 3493 rationes
990 3444 1073 3509 quae
1085 3429 1216 3491 movent
1228 3426 1332 3509 ipsum

153 3552 184 3617 S.
202 3549 364 3618 Officium.
381 3552 507 3617 Verum
530 3553 709 3636 periculum
727 3552 877 3617 'scandali
901 3556 934 3617 et
954 3552 1163 3617 revelationis
1186 3552 1333 3617 criminis

152 3676 277 3739 evitare
293 3676 410 3741 debent
422 3677 572 3763 Episcopi
588 3681 621 3742 st
636 3682 690 3742 est
700 3680 783 3743 ratio
799 3682 882 3761 quae
898 3680 984 3761 ipsos
1001 3696 1063 3741 non
1080 3678 1180 3742 semel
1197 3680 1332 3741 excusat

152 3815 251 3862 anon
276 3799 412 3864 ferenda
427 3801 636 3886 suspensione
659 3802 696 3866 in
717 3802 930 3885 inpeditam.

242 3923 317 3989 535.
334 3923 364 3989 S¹
384 3925 633 4011 Congregationi
650 3926 681 3991 S,
699 3930 732 3989 et
754 3926 791 3991 U.
810 3928 880 4009 lnq.
897 3922 1003 3988 affinis
1020 3930 1054 3990 et
1068 3923 1260 3989 subsidiaria
1283 3930 1333 3991 est

153 4048 183 4113 S.
202 4047 418 4132 Congregatio
442 4039 579 4123 Indicis,
599 4068 681 4133 quae
704 4050 875 4133 specialem
899 4049 998 4114 habet
1020 4050 1268 4134 competentiam
1292 4046 1333 4112 ad

151 4170 252 4237 libros
262 4178 427 4258 suspectos
443 4172 483 4237 de
498 4173 628 4239 haeresi
640 4178 698 4238 aut
713 4172 813 4239 bonos
825 4194 931 4239 mores
944 4176 1134 4259 impetentes
1146 4174 1332 4239 examinan-

153 4297 209 4362 dos
225 4317 342 4381 eosque
357 4297 616 4382 proscribendos,
634 4299 660 4362 si
676 4316 779 4382 prave
794 4300 932 4385 scriptos
948 4318 1019 4365 esse
1035 4304 1170 4365 constet.
1185 4297 1332 4363 Ecclesia
1354 4359 1355 4363 ,

152 4442 280 4507 semper
293 4422 356 4487 hac
373 4428 530 4508 potestate
544 4443 604 4488 usa
623 4426 672 4489 est
688 4441 770 4507 quae
785 4420 926 4488 fidelium
943 4428 1033 4491 recto
1058 4425 1206 4511 regimini
1224 4430 1272 4490 est
1288 4426 1332 4489 ita

225 4548 283 4599 sac.
304 4546 391 4617 nepa,
411 4546 471 4600 ura.
490 4546 522 4608 n.
542 4547 596 4601 vor.
616 4547 662 4600 rv.
1226 4548 1261 4603 35
