3350 5100
312 249 378 318 520
820 269 903 316 rans
935 270 985 316 111.

312 397 377 456 tur.
409 390 501 465 Quod
524 391 564 456 de
586 391 722 456 testibus
750 391 893 464 dicimus,
926 391 1023 474 valet,
1051 397 1182 458 servata
1212 393 1430 476 proportione,
1453 390 1494 456 de

301 517 402 581 ¹omni
425 515 648 602 probationum
671 517 789 602 specie.

404 641 479 707 506.
498 641 716 728 Regularibus
731 645 892 708 sententia
908 643 1128 708 condemnatis
1144 645 1193 708 ius
1209 644 1362 728 competit
1376 644 1494 707 instau-

315 765 410 831 randi
433 767 681 851 appellationem
698 767 802 851 quoad
819 764 970 833 effectum
986 769 1082 834 etiam
1106 769 1353 850 smspensioum.
1380 767 1493 834 Refert

315 886 448 964 Suarez,
472 893 534 957 loc.
558 892 624 974 cit,
648 911 681 955 m.
699 892 734 964 5,
758 891 845 956 hanc
868 892 1062 958 decisionem
1086 893 1117 957 S.
1136 893 1254 979 Oongr.
1273 893 1340 957 EE.
1358 899 1391 958 et
1407 893 1492 958 RR.:

318 1015 392 1079 «In
414 1013 548 1100 Congtle
572 1015 792 1081 Cardinalium
815 1037 876 1102 pro
893 1017 1110 1102 Regularibus
1125 1017 1292 1082 decretum
1310 1016 1428 1082 factum
1446 1023 1494 1080 est

313 1161 346 1206 a.
371 1141 461 1207 1587
486 1147 520 1206 ut
542 1142 777 1226 appellationes
801 1143 1027 1228 religiosorum
1059 1142 1138 1208 liant
1161 1143 1343 1208 immediate
1366 1142 1406 1207 ab
1430 1162 1494 1211 uno

316 1264 467 1332 Praelato
491 1266 658 1351 religionis
680 1266 721 1332 ad
744 1268 843 1333 alium
867 1268 1074 1353 Superiorem
1099 1273 1131 1332 et
1154 1269 1343 1356 sGenerali
1360 1267 1400 1332 cd
1417 1268 1495 1332 Pro·

312 1395 472 1456 tectorem
503 1397 537 1456 et
567 1411 587 1456 a
616 1393 807 1458 Protectore
837 1393 877 1458 ad
909 1393 941 1458 S.
968 1393 1259 1480 Congregetionem
1277 1415 1306 1459 a.
1339 1392 1415 1458 Hoc
1446 1395 1495 1457 ius

313 1519 422 1581 temen
438 1515 631 1582 observatur
646 1519 679 1582 in
695 1518 863 1584 sententiis
878 1520 1010 1602 proprie
1025 1518 1256 1592 criminalibus
1271 1517 1385 1602 quibus
1397 1516 1497 1602 appli-

266 1666 268 1669 ·
313 1645 431 1705 cantur
454 1659 578 1724 poenae
601 1643 793 1716 canonicam
823 1661 888 1705 non
913 1643 945 1738 in
969 1644 1075 1708 causis
1101 1645 1340 1707 correctionum
1370 1661 1495 1707 morum

314 1784 412 1848 quum
429 1768 531 1852 magis
548 1767 779 1849 poenitentioe
801 1769 1006 1852 applicentur
1021 1776 1078 1834 aut
1093 1769 1295 1833 monitiones.
1322 1769 1350 1832 A
1366 1767 1497 1832 fortiori

316 1889 500 1974 Regulares
520 1895 611 1955 tenet
633 1889 697 1956 boc
720 1893 769 1957 ius
792 1893 999 1958 constitutum
1032 1895 1127 1958 etiarn
1159 1894 1190 1957 in
1222 1892 1362 1958 clericos
1385 1910 1497 1956 saecu-

315 2012 411 2078 lares.
438 2013 487 2080 cf.
514 2016 627 2088 Bouix,
652 2016 714 2082 loc.
739 2017 804 2097 cit,
826 2035 861 2099 p.
887 2015 967 2082 446.

471 2265 493 2344 S
520 2264 547 2329 l.
578 2264 623 2330 De
646 2265 806 2331 eiecticiae
829 2271 859 2331 et
883 2265 1079 2332 dimissione
1103 2265 1339 2350 Repularium.

316 2471 581 2531 summarium·
592 2477 654 2529 507.
674 2476 781 2531 Eiectio
799 2477 894 2530 differt
907 2493 924 2530 e
936 2479 1098 2530 dimissione
1117 2478 1152 2530 ob
1171 2476 1309 2531 divensem
1329 2473 1497 2543 procedendi

405 2584 553 2638 rationem.
573 2612 606 2625 -
624 2583 688 2637 508.
710 2584 876 2652 Explicatur
895 2600 1040 2654 processus
1059 2583 1204 2637 ordinatus
1217 2585 1252 2637 ab
1266 2580 1382 2637 Urbano
1395 2578 1457 2634 Vlll
1469 2586 1499 2634 et

407 2690 572 2744 Innocentio
591 2689 644 2742 xll
662 2690 852 2744 observandus
872 2691 900 2744 in
920 2694 1054 2745 eiectione
1074 2690 1266 2759 Regularium.
1284 2716 1320 2730 -
1338 2688 1399 2742 509.
1421 2686 1499 2740 Hauc

406 2797 572 2866 procedendi
592 2798 731 2852 rationem
750 2798 928 2852 confirmavit
941 2798 998 2853 Leo
1012 2797 1075 2851 Xlll
1090 2796 1238 2852 oser-eto«
1254 2798 1390 2860 Auctis»,
1407 2798 1460 2849 ert.
1472 2795 1499 2847 6.

407 2930 440 2943 -
458 2901 520 2957 510.
539 2901 592 2957 Sed
611 2902 639 2953 S.
659 2902 849 2971 Congregetio
869 2902 960 2973 Super
979 2903 1076 2973 discip.
1097 2902 1190 2971 repul.
1209 2902 1232 2955 si
1252 2904 1354 2968 agatur
1373 2900 1406 2954 de
1420 2898 1499 2952 Ordi-

406 3009 488 3062 nibus
507 3008 661 3077 religiosis;
682 3009 708 3061 S.
724 3008 825 3077 Congr.
846 3010 901 3063 EE.
919 3014 948 3064 et
970 3010 1028 3063 RR.
1047 3009 1069 3062 si
1090 3014 1192 3078 egetur
1210 3008 1244 3063 de
1263 3006 1499 3077 congregationi·

406 3117 457 3168 bus
470 3132 519 3170 seu
536 3116 677 3170 institutis
690 3115 839 3185 religiosis,
852 3117 1025 3185 prospiciunt
1038 3120 1069 3169 ut
1083 3117 1232 3185 procedere
1246 3115 1361 3170 valeant
1374 3114 1499 3169 Praelati

407 3222 577 3291 Regulcres,
602 3224 732 3291 sepositis
759 3222 1000 3287 solemnitatibus,
1027 3240 1089 3277 cum
1116 3239 1246 3293 processu
1271 3226 1425 3277 summario
1449 3238 1498 3275 seu

406 3330 550 3383 commati.
565 3358 599 3371 -
611 3328 673 3384 511.
693 3329 732 3384 De
750 3330 819 3383 viris
842 3328 983 3399 religiosis
1000 3330 1174 3386 dimittendis
1193 3334 1258 3384 ante
1279 3334 1344 3383 vota
1362 3328 1499 3381 solemnia

407 3440 576 3504 nuncupata.
594 3463 631 3475 -
648 3435 710 3489 512.
731 3434 770 3489 De
789 3435 959 3489 monialibus
977 3436 1122 3490 eiiciendis
1141 3437 1185 3491 vel
1205 3432 1386 3489 dimittendis.

407 3634 481 3699 507.
508 3631 630 3707 Verba,
651 3633 781 3715 eiicere,
798 3640 831 3698 et
847 3634 1015 3699 dimittere
1031 3654 1094 3698 non
1113 3653 1188 3699 raro
1204 3634 1387 3717 promiscue
1402 3651 1498 3697 usur·

320 3765 455 3843 pantur;
472 3765 506 3821 at
528 3757 653 3830 eiectio,
670 3777 767 3822 sensu
787 3760 910 3831 stricto,
928 3766 977 3822 est
992 3757 1169 3829 decretum,
1187 3778 1251 3842 quo
1267 3758 1442 3842 professus,
1459 3755 1499 3820 ob

322 3889 481 3969 patratam
497 3883 625 3967 culpam
641 3902 773 3967 gravem
791 3888 824 3947 et.
840 3889 1011 3947 externam
1028 3888 1061 3947 et
1076 3882 1236 3967 publicam
1253 3887 1285 3947 et
1303 3902 1375 3947 cunr
1390 3882 1499 3947 incor-

322 4008 518 4095 m'pibilitute
533 4011 748 4084 coniunctam,
764 4029 785 4074 a
801 4008 954 4073 Praelato
969 4008 1122 4093 regulari,
1140 4013 1272 4073 servata
1287 4007 1394 4073 forma
1409 4008 1500 4073 iudi-

320 4134 418 4207 ciali,
443 4133 577 4208 eicitur;
602 4133 754 4199 dimissio
785 4151 865 4197 vero
889 4132 1097 4218 distinguitur
1123 4132 1163 4197 ab
1191 4132 1360 4213 eiecticiae,
1384 4134 1500 4216 quippe

320 4256 509 4322 decernitur
531 4278 552 4321 a
573 4258 725 4323 Praelato
749 4258 845 4323 etiarn
866 4256 906 4322 ob
930 4276 1049 4341 graves
1069 4260 1101 4321 et
1120 4257 1281 4342 legitimas
1300 4276 1423 4329 causas,
1440 4256 1499 4319 etsi

319 4399 343 4445 c
366 4382 467 4463 culpo
490 4380 614 4445 alienas
637 4384 671 4445 et
693 4380 813 4463 absque
836 4379 942 4445 forme
966 4378 1128 4445 iudiciali.
1154 4376 1278 4443 Verum
1303 4398 1367 4443 non
1392 4377 1500 4443 dimit·
