3350 5100
291 281 336 345 30
821 301 907 348 snas
932 303 954 347 1.

293 422 400 508 piendi
423 422 582 503 decimas,
607 423 656 488 ius
679 424 878 508 percipiendi
901 425 1028 490 fructus
1049 422 1273 505 beueticiales‚
1298 428 1348 491 ius
1369 429 1474 512 sepul·

294 551 388 610 turae
410 545 659 610 ecclesiasticae.

383 671 628 736 Antecedenter
660 693 713 735 res
736 672 927 757 temporalis
952 673 1112 758 spirituali
1140 673 1270 738 adnexa
1295 680 1363 746 est,
1391 695 1475 758 quae

294 799 494 882 praeexistit,
518 803 551 862 et
573 796 713 862 habetur
739 805 903 882 tamquam
925 799 1170 865 fundamentum
1193 807 1380 866 sustentans
1402 822 1473 866 rem

292 923 504 1006 spiritualem,
517 923 618 988 veluti
634 923 798 1008 templum,
808 924 905 992 calix.
915 927 1023 996 vestis,
1039 930 1071 988 et
1081 945 1302 1009 quaecumque
1316 946 1369 992 res
1379 947 1474 991 sacra

293 1046 422 1112 addicta
444 1047 545 1112 cultui
567 1046 686 1128 divino,
702 1053 737 1113 at
752 1049 962 1133 praecedens,
979 1052 1011 1113 in
1036 1070 1095 1113 sua
1117 1053 1264 1122 materia,
1281 1051 1476 1116 benedictio

294 1190 378 1243 nem,
403 1174 680 1237 consecrationem
704 1179 758 1237 aut
781 1172 1029 1238 destinationem
1052 1174 1092 1239 ad
1115 1175 1237 1238 cultum
1261 1175 1417 1240 divinum.

386 1295 437 1359 19,
463 1294 598 1360 Obiecto
619 1296 773 1360 simoniae
797 1297 842 1360 ita
863 1297 1035 1380 explicato,
1059 1297 1157 1362 facile
1178 1299 1379 1384 intelligitur,
1401 1319 1475 1383 quo

295 1419 389 1484 modo
412 1420 495 1484 haec
518 1420 645 1484 sitatis
667 1420 755 1484 iuris
777 1421 896 1496 divini,
920 1422 984 1485 alia
1005 1423 1094 1487 iuris
1121 1423 1272 1488 humani.
1298 1443 1356 1488 seu
1377 1425 1477 1490 eccle·

294 1543 430 1609 siastici.
458 1545 537 1608 Nam
560 1545 824 1628 quotiescumque
850 1546 935 1608 inest
958 1545 1106 1610 voluntas
1135 1547 1344 1630 comparandi
1370 1549 1476 1632 pretio

295 1669 464 1752 temporali
481 1669 621 1752 aliquam
639 1689 708 1733 rem
723 1670 933 1754 spiritualem,
950 1671 1020 1735 sive
1034 1671 1118 1736 haec
1134 1673 1182 1736 rei
1197 1673 1368 1756 temporali
1382 1672 1476 1736 adne

296 1798 413 1864 otetur,
438 1794 506 1858 sive
530 1813 589 1878 per
611 1813 646 1857 se
670 1795 835 1875 consistat,
860 1794 959 1858 veluti
992 1797 1060 1880 ipsa
1083 1801 1224 1879 potestas
1247 1795 1477 1860 iurisdictionis

297 1919 498 1984 ordinariae
519 1923 575 1983 aut
597 1919 784 2004 malepotus,
808 1925 887 1984 tunc
913 1918 1053 1984 habetur
1079 1921 1216 1984 simonia
1237 1920 1325 1986 iuris
1347 1919 1477 2003 diuini5

297 2043 414 2126 quippe
443 2043 526 2107 haec
556 2050 605 2107 est
636 2044 812 2107 intrinsece
843 2043 937 2116 mala,
962 2064 1019 2108 seu
1049 2045 1152 2110 vetita
1177 2045 1261 2128 quia
1291 2047 1395 2110 mulo
1425 2046 1477 2110 Ex

295 2167 445 2238 adverso,
461 2169 488 2232 si
509 2165 588 2232 fiant
606 2171 861 2252 permutationes
877 2191 987 2234 rerum
1011 2171 1226 2255 spiritualium
1244 2169 1478 2256 temporalibus

296 2291 508 2364 adnexarum,
524 2292 577 2356 vel
601 2294 627 2358 si
652 2299 746 2378 pacta
768 2292 984 2358 adnectantur
1005 2295 1039 2357 in
1062 2295 1274 2379 suscipiendis
1289 2302 1346 2360 aut
1360 2316 1479 2361 renun-

298 2417 433 2488 ciandis,
446 2423 502 2481 aut
517 2417 725 2486 conterendis
740 2419 837 2484 rebus
852 2419 1071 2504 spiritualibus
1086 2422 1135 2484 rei
1151 2421 1319 2506 temporali
1332 2420 1477 2496 adnexis

299 2539 382 2606 haec
394 2540 539 2627 pluribus
554 2542 587 2605 in
604 2541 730 2607 casibus
746 2547 779 2607 et
793 2542 956 2607 nonnullis
968 2541 1026 2608 sub
1043 2542 1277 2609 conditionibus
1287 2540 1360 2608 fieri
1372 2542 1478 2629 probi-

299 2665 417 2731 bentur
435 2686 494 2751 per
509 2668 563 2732 ius
582 2666 853 2748 ecclesiasticum,
870 2669 986 2752 quippe
1003 2669 1231 2752 praeseferunt
1252 2669 1477 2753 suspicionem,

299 2788 352 2853 vel
379 2788 484 2853 labem
511 2791 675 2855 simoniae.
701 2789 816 2863 Porro,
841 2791 932 2853 circa
962 2810 1016 2854 res
1038 2790 1232 2875 temporales
1259 2774 1479 2875 spiritualibus

300 2914 453 2988 adnexas,
468 2936 562 2980 nemo
582 2936 646 2979 non
662 2915 758 2987 videt,
776 2936 872 3001 posse
890 2915 961 2981 fieri
984 2918 1254 3001 permutationem
1277 2919 1384 2982 animo
1399 2918 1478 2982 deli·

301 3038 413 3104 berato
437 3059 502 3103 non
518 3040 643 3104 emendi
663 3041 712 3103 vel
730 3040 891 3105 vendendi
912 3044 1015 3125 pretio
1031 3041 1201 3125 temporali
1217 3042 1301 3126 quod
1317 3048 1367 3107 est
1388 3044 1479 3127 spiri·

301 3164 397 3233 tuale,
408 3163 464 3228 sed
479 3164 563 3247 quod
577 3166 757 3250 temporale
773 3173 830 3257 est.
844 3168 970 3231 Verum
987 3169 1120 3251 quisque
1135 3188 1233 3232 sanus
1250 3170 1396 3253 percipit,
1410 3188 1479 3254 per-

299 3308 394 3371 quam
419 3290 634 3373 periculosum
658 3308 729 3353 esse
745 3290 828 3353 inire
845 3296 1032 3356 contractus
1049 3292 1089 3357 de
1108 3292 1198 3356 hisce
1214 3292 1321 3366 rebus,
1334 3314 1407 3358 cum
1422 3295 1480 3357 vix

300 3410 389 3476 labes
405 3410 580 3475 simoniaca
595 3406 693 3495 effugi
715 3413 813 3494 possit
829 3413 862 3476 in
877 3413 1057 3478 huiusmodi
1072 3410 1257 3499 peragendo
1274 3416 1477 3479 commercio.

302 3531 518 3607 Quamobrem
541 3533 700 3603 Ecclesia
716 3534 756 3599 ad
780 3534 1013 3621 profligandam
1037 3538 1069 3599 in
1095 3537 1244 3601 Ecclesia
1267 3538 1364 3600 etiam
1387 3539 1481 3603 simo

302 3657 376 3721 niae
391 3658 607 3742 suspicionem
632 3662 664 3721 et
678 3658 792 3727 labem,
809 3660 911 3724 vetuit
931 3659 1076 3743 pluribus
1099 3662 1132 3723 in
1148 3660 1285 3733 casibus,
1299 3660 1358 3725 sub
1374 3662 1481 3746 probi-

303 3779 423 3845 bitione
438 3782 593 3845 simoniae
608 3782 696 3847 iuris
711 3782 933 3856 ecclesiastici,
944 3792 1129 3868 permutare
1147 3787 1233 3849 inter
1244 3806 1280 3850 se
1296 3805 1349 3849 res
1361 3792 1481 3869 tempo

304 3906 390 3969 rates
412 3904 630 3990 spiritualibus
647 3905 800 3988 adnexas,
817 3908 870 3972 vel
894 3915 989 3993 pacta
1004 3909 1146 3974 adiicere
1170 3911 1201 3973 in
1223 3910 1342 3975 eisdem
1366 3909 1480 3975 dandis

302 4035 358 4093 aut
368 4030 572 4113 accipiendis.
588 4030 680 4094 Haec
691 4036 741 4095 est
754 4033 837 4097 ratio
850 4031 1062 4097 distinctionis
1079 4035 1233 4099 simoniae
1246 4036 1326 4098 iuris
1338 4034 1481 4099 humani

304 4159 337 4220 et
350 4154 467 4228 divini,
485 4156 530 4220 ita
552 4161 588 4222 ut
604 4176 732 4241 semper
747 4157 829 4222 adsit
845 4159 981 4223 simonia
997 4159 1077 4222 iuris
1092 4159 1203 4239 divini,
1219 4160 1481 4243 quotiescumque

302 4279 480 4364 temporale
496 4300 555 4365 pro
567 4282 726 4365 spirituali
743 4290 959 4367 permutetur;
972 4289 1006 4350 at
1020 4285 1157 4350 simonia
1167 4285 1274 4351 obstat
1288 4286 1368 4350 iuris
1379 4285 1481 4350 eccle

303 4400 432 4474 siastioi,
442 4420 499 4465 seu
514 4402 547 4464 in
563 4401 637 4466 foro
654 4403 830 4477 Ecclesiae,
840 4404 866 4468 si
885 4411 1110 4488 permutentur
1121 4408 1226 4491 pretio
1241 4406 1411 4492 temporali
1427 4423 1481 4471 res
