3350 5100
490 274 534 320 os
558 273 698 321 runicus
721 273 976 322 cernissemus.
1263 252 1327 319 175

146 397 379 481 sapientissime
406 395 564 467 ordinata
593 398 626 462 in
643 416 715 462 rem
742 402 887 463 nostrum
918 398 1021 482 magis
1048 395 1244 462 attendenda
1268 399 1326 474 est,

146 521 260 605 quippe
282 539 368 604 quae
386 522 527 586 maxime
550 541 590 585 ea
612 521 653 588 de
676 541 775 586 causa
794 521 1009 602 inductafuit,
1028 524 1104 606 quia
1122 521 1327 606 experientia

145 652 344 728 compertum
367 651 441 710 erat
464 646 595 719 iudices,
620 645 661 710 ad
683 646 875 711 indiciorum
892 643 1092 731 effugiendas
1107 643 1327 728 dispendiosas

144 768 376 839 solemnitates,
393 770 490 838 nimis
508 769 606 833 facile
621 770 713 852 qnasi
728 771 891 834 notorium
907 772 1080 836 aestimare
1099 769 1209 833 solitos
1225 767 1326 834 fuisse

146 892 228 974 quod
244 891 388 957 iudiciali
409 892 598 977 probatione
613 893 795 979 indigebam
812 913 887 980 erp.
905 894 959 960 cit.
976 913 1051 976 cap.
1068 891 1119 961 14.
1136 891 1186 958 De
1201 893 1324 976 appell.

144 1017 234 1084 Dum,
249 1035 295 1081 ex
311 1015 572 1097 adversatione
586 1018 753 1084 iudicium
764 1018 1004 1098 summarium,
1016 1015 1137 1100 absque
1149 1015 1324 1100 dispendio,

143 1138 313 1203 obsonari
338 1139 428 1205 umet
450 1142 547 1205 etism
570 1143 603 1204 iu
627 1143 667 1206 iis
689 1161 773 1226 quae
795 1142 932 1208 notoria
956 1140 1116 1206 videntur.

136 1304 140 1308 Α
229 1265 396 1338 Attamen,
410 1271 446 1330 ut
460 1265 556 1350 plene
571 1267 755 1351 explicetur
766 1268 816 1346 ius
829 1267 1047 1332 Decretalium
1062 1271 1097 1332 et
1110 1270 1212 1330 status
1232 1283 1334 1347 quae

142 1391 265 1460 minuis
290 1393 412 1475 inquiri
435 1391 531 1456 debet
552 1394 586 1456 in
610 1411 672 1476 quo
696 1395 854 1458 consistat
872 1411 1043 1478 processus
1066 1409 1112 1456 em
1133 1390 1276 1463 notorio,
1293 1393 1326 1453 et

141 1533 181 1578 an
205 1517 268 1581 iste
283 1535 458 1600 processus
471 1516 627 1582 dicendus
649 1518 692 1582 sit
713 1517 897 1583 iudicialis.
923 1550 940 1565 -
967 1515 1123 1599 Equidem
1139 1515 1203 1580 DD.
1222 1513 1324 1598 expli·

140 1647 254 1708 cantes
266 1645 316 1708 ius
328 1644 556 1718 Decretalium,
569 1646 616 1710 uti
628 1644 739 1709 videre
756 1649 806 1708 eet
819 1643 904 1728 apud
917 1643 1073 1710 Schmale.
1093 1642 1123 1707 ir.
1139 1647 1158 1708 t.
1176 1661 1211 1706 n.
1228 1641 1325 1726 8sq.,

140 1767 274 1832 tradunt
288 1785 355 1832 non
371 1770 496 1851 requiri
511 1770 545 1834 iu
560 1771 694 1834 notoriis
709 1770 949 1834 accusationem
962 1773 1018 1832 aut
1033 1767 1322 1836 denunciationem.

141 1912 204 1957 uon
221 1894 347 1976 requiri
363 1893 561 1967 citationem,
576 1893 731 1966 libellum,
745 1893 814 1960 litis
831 1893 1109 1966 contestationem,
1126 1890 1325 1978 proindeque

138 2035 204 2080 non
228 2016 441 2100 expostulari.
473 2017 534 2082 uisi
559 2019 606 2082 rei
631 2018 826 2089 citationem,
851 2018 1017 2102 praeviam
1041 2018 1220 2084 sententiae
1247 2035 1323 2081 con·

138 2138 363 2206 damnatorias
384 2146 441 2206 aut
463 2139 710 2208 declaratoriae.
737 2141 830 2208 Unde
855 2141 1023 2224 quaeritur
1046 2159 1089 2204 an
1112 2141 1175 2204 iste
1198 2141 1324 2206 ratione

141 2263 203 2330 dici
227 2267 330 2348 possit
345 2267 473 2330 servari
487 2265 633 2331 ordinem
650 2265 861 2331 iudiciarium.
891 2266 1042 2330 Iemvero
1059 2267 1125 2349 ipse
1142 2264 1321 2352 Schmalzg.

141 2389 161 2452 i.
177 2409 207 2454 c.
223 2409 259 2453 n.
277 2386 322 2452 14
344 2390 462 2454 asserit
481 2388 647 2454 «ratione
669 2389 825 2455 niminis
848 2408 985 2455 norosn
1009 2389 1117 2454 iudam
1135 2387 1323 2470 procedere

140 2515 309 2581 adamnan
331 2533 431 2580 reum
450 2512 568 2598 possit,
593 2513 715 2581 ordine
737 2513 919 2581 iudiciario
943 2525 1013 2579 non
1037 2497 1212 2579 observato
1229 2533 1259 2575 s.
1282 2513 1324 2578 Et

139 2638 216 2704 huic
231 2638 416 2705 sententiae
429 2637 636 2717 assentimur,
653 2644 719 2703 tum
736 2639 811 2721 quia
826 2638 944 2702 asserit
960 2635 1114 2701 eiusmodi
1135 2656 1322 2721 processum

141 2783 205 2827 nou
235 2782 310 2829 esse
340 2761 554 2844 iudicum,
577 2769 645 2827 tum
677 2767 752 2847 quia
782 2764 873 2848 ponit
901 2762 1055 2827 eiusmodi
1084 2780 1270 2847 processum
1303 2780 1322 2827 a

140 2891 270 2951 ratione
299 2886 443 2951 naturali
465 2904 532 2951 non
554 2905 626 2951 esse
656 2886 808 2951 alienum.
833 2888 913 2951 Nam
937 2884 1089 2951 iudicium
1120 2885 1257 2949 inservit
1282 2883 1323 2949 ad

138 3009 356 3095 deoegendum
380 3012 506 3075 crimen
528 3016 562 3075 et
582 3011 728 3075 criminis
750 3016 928 3084 auctorem,
945 3028 1048 3093 quere
1070 3008 1229 3073 iudicialis
1247 3028 1321 3093 pro-

141 3154 250 3200 cessus
274 3139 325 3199 est
350 3153 433 3219 pene
457 3153 729 3219 supervacaneus,
753 3135 881 3219 quando
913 3155 988 3200 reus
1012 3136 1063 3200 cui
1090 3154 1195 3219 poena
1221 3134 1323 3219 appli-

141 3258 245 3321 canda
269 3262 328 3329 est,
354 3257 445 3321 nullo
472 3264 576 3342 potest
599 3264 791 3343 argumento
814 3279 850 3323 se
866 3278 1026 3323 excusare
1043 3256 1082 3322 ab
1100 3260 1237 3342 impacto
1262 3257 1322 3321 cri·

142 3382 236 3456 mine;
255 3382 373 3466 quippe
390 3382 552 3447 evidentia
567 3384 714 3447 criminis
733 3383 890 3449 adversus
906 3384 994 3449 illum
1015 3380 1141 3448 clamat.
1161 3419 1178 3431 -
1196 3384 1321 3448 Verum

141 3505 222 3573 haec
246 3506 383 3572 dicimus
408 3543 424 3556 -
450 3508 490 3572 de
514 3527 551 3572 re
574 3508 742 3576 abstracte
766 3529 945 3594 perpensa,
972 3544 988 3557 -
1014 3511 1089 3594 quie
1119 3515 1251 3594 praeter
1282 3528 1322 3575 ea

142 3652 221 3714 quae
234 3632 406 3696 advertam
421 3632 644 3700 dedodieme
662 3635 782 3717 praui,
799 3635 882 3699 haec
897 3634 1066 3700 euidentia
1082 3634 1160 3699 facti
1176 3640 1225 3699 est
1239 3654 1321 3719 pene

142 3754 365 3839 hypothetica,
393 3762 426 3821 et
450 3757 520 3840 ipse
543 3756 724 3843 Schmalzg.
748 3758 770 3822 l.
795 3778 834 3830 c.,
859 3764 969 3823 mouet
992 3758 1140 3839 iudicem,
1164 3764 1200 3823 ut
1222 3764 1321 3824 testes

142 3881 277 3964 recipiat
300 3879 484 3946 referentes
506 3879 546 3945 de
570 3883 639 3966 ipsa
670 3882 748 3946 facti
770 3885 965 3947 notorietate
989 3889 1021 3947 et
1045 3902 1136 3947 reum
1161 3885 1254 3956 citet,
1278 3904 1320 3948 ne

142 4006 231 4084 qnasi
261 4005 435 4071 uolonum
466 4012 649 4071 assumatur
680 4006 763 4089 quod
793 4006 984 4092 probatione
1019 4007 1140 4093 indiget
1173 4007 1320 4091 quodque

144 4131 334 4213 exceptione
358 4130 446 4194 valet
469 4130 617 4196 refutari.

231 4253 311 4317 Post
323 4253 441 4318 editam
454 4252 765 4326 condemnationem,
779 4275 822 4319 ex
835 4256 1029 4319 notorietate
1045 4256 1201 4327 criminis,
1218 4257 1320 4339 sequi-

143 4378 287 4448 innuen
302 4377 427 4444 admitti
446 4378 703 4463 appellationem,
721 4398 803 4460 quae
824 4375 962 4457 dicenda
976 4384 1061 4443 esset
1083 4348 1318 4461 frustratoria.
