3350 5100
621 330 828 381 mascaron
851 330 900 378 vr.
1047 364 1050 370 .
1289 308 1356 377 625

265 454 504 510 Reverendisaime
524 458 553 509 et
572 454 767 509 colendissimo
792 453 917 507 Domine.
936 482 970 494 -
989 450 1183 507 Necessarium
1205 468 1269 505 cum
1287 449 1357 505 mihi

173 562 211 615 sit
229 560 334 616 habere
352 560 544 615 testimonium
570 560 674 615 domini
696 559 740 625 N.,
758 560 787 613 in
806 558 926 615 dioecesi
946 558 980 613 N.
999 557 1206 623 commorantis,
1224 557 1254 611 in
1272 572 1358 611 causa

174 666 303 737 quadam,
327 681 398 736 quae
423 681 517 719 coram
542 682 587 719 me
611 664 762 729 actitatum
787 668 872 735 teque
896 662 1072 717 Ordinarium
1092 662 1214 717 indicta
1237 663 1357 718 dioecesi

174 772 293 828 iudicem
313 772 434 827 existere
458 772 652 842 dignoscatur3
677 770 767 824 visum
787 774 830 825 est
848 769 985 823 auxilium
1007 774 1088 823 tuum
1113 769 1262 840 requirere.
1286 769 1358 829 Qua·

175 884 288 951 propter
307 879 381 934 omni
402 878 512 946 maiori,
524 896 580 950 qua
597 894 716 948 possum,
735 878 872 932 instantia
890 893 968 946 rogo,
980 882 1013 931 ut
1024 878 1197 948 praedictum
1215 877 1357 931 dominum

176 986 210 1041 N.
228 1002 322 1041 coram
341 990 371 1041 te
388 1002 550 1057 comparere
567 986 655 1041 facias
678 1002 798 1056 eumque
822 984 948 1050 heridios,
966 984 1001 1038 ad
1019 988 1132 1039 nostrae
1151 984 1246 1039 curiae
1265 984 1360 1053 praxis

176 1109 311 1159 normam,
331 1072 492 1148 examinare
509 1090 590 1156 velie,
609 1106 708 1161 nempe
726 1089 815 1160 ipsius
835 1090 1029 1146 testimonium
1053 1090 1176 1145 iuratum
1201 1090 1359 1161 excipiente

176 1202 287 1258 notario
311 1201 439 1271 legitime
463 1204 558 1255 creato
577 1204 606 1255 et
624 1200 654 1254 in
672 1200 839 1268 scripturam
865 1199 1007 1270 publicam
1031 1198 1195 1269 redigente;
1214 1203 1244 1255 et
1261 1200 1295 1253 ad
1313 1216 1360 1254 me

178 1308 265 1377 ipsius
282 1306 485 1376 depositionem
501 1305 702 1361 transmittere.
722 1304 844 1360 Articuli
864 1321 946 1374 porro
964 1305 1195 1375 interrogationis
1209 1308 1274 1359 sunt
1287 1304 1360 1360 inse-

178 1418 295 1487 quentes
314 1414 355 1484 (et
372 1413 413 1469 ibi
430 1413 555 1468 scribens
576 1411 686 1467 easdem
710 1412 948 1481 interrogationes
965 1416 1059 1481 ponat,
1081 1429 1150 1484 quas
1167 1412 1227 1483 ipae
1245 1414 1359 1478 faceret,

178 1524 201 1577 ei
220 1526 307 1577 testes
326 1519 520 1593 examinaret).
539 1520 654 1573 Interim
667 1525 717 1573 tuo
729 1537 773 1575 me
791 1518 942 1574 famulatui
962 1524 1126 1575 reverenter
1144 1520 1271 1589 offerens,
1290 1536 1360 1590 rogo

179 1636 211 1685 ut
228 1635 257 1685 te
277 1630 350 1684 Deus
368 1632 461 1684 servet
479 1626 655 1681 incolumem.
677 1626 813 1681 Datum...

927 1751 986 1819 Ego
1005 1748 1038 1804 N.
1058 1750 1189 1806 Vicarius
1207 1750 1359 1805 Generalis.

926 1858 987 1927 Ego
1005 1857 1038 1911 N.
1059 1858 1217 1912 Actuarius

341 2107 502 2157 FORMULA
528 2108 687 2156 TENBNDA
710 2111 732 2156 Δ
755 2109 872 2157 molon
895 2109 938 2155 AD
963 2108 1058 2163 QUEM
1080 2107 1202 2157 Mlsssn

264 2235 349 2283 SUNT
373 2234 541 2281 LITTERAE
564 2234 840 2298 REMISSORIALGS,
865 2234 909 2282 ΠΤ
932 2233 1065 2281 TESTEM
1087 2232 1279 2283 nnuman.

480 2388 583 2437 (Poterit
593 2392 694 2445 procedi
706 2396 731 2435 ct
743 2391 816 2435 aartdt
829 2391 857 2435 tn
870 2393 937 2435 hasac
950 2389 1064 2443 modum).

270 2583 302 2639 ln
320 2583 439 2640 Nomine
458 2585 576 2639 Domini.
596 2586 695 2640 Amen.
722 2583 791 2638 Gum
812 2583 980 2640 reverendus
998 2584 1031 2638 N.
1052 2584 1274 2640 reverendissimi
1298 2584 1364 2655 lipi-

181 2691 257 2762 scopi
269 2691 303 2744 N.
317 2691 447 2744 Vicariue
460 2690 605 2745 Generalis
618 2689 771 2761 recepisset
784 2706 801 2743 a
814 2689 966 2744 reverendo
980 2689 1014 2746 N.
1027 2691 1056 2744 in
1069 2690 1189 2746 dioecesi
1202 2691 1235 2744 N.
1249 2690 1364 2745 Vicario

182 2795 312 2852 Generali
324 2800 354 2851 et
366 2795 507 2849 ordinario
520 2795 612 2850 iudice
623 2795 758 2866 quasdam
771 2793 883 2850 litteras
895 2795 1104 2864 remissoriales,
1114 2812 1187 2867 quae
1200 2796 1363 2866 incipiunt...

183 2903 212 2955 et
223 2900 388 2954 desinunt...
402 2902 432 2953 et
443 2902 509 2953 eunt
526 2899 632 2954 tenoris
650 2898 801 2970 sequentis,
821 2899 954 2955 videlicet
966 2898 1018 2971 (ibi
1031 2900 1144 2956 litterae
1159 2901 1363 2972 describentur)

183 3006 246 3061 ideo
264 3007 406 3074 praelatus
424 3005 592 3060 reverendus
610 3005 645 3064 N.
666 3006 796 3060 Vicariua
817 3006 963 3062 Generalis
986 3007 1120 3075 decrevit,
1141 3013 1224 3079 prout
1241 3008 1276 3064 de
1293 3010 1363 3076 iure,

184 3129 232 3169 aaa
255 3112 414 3168 executioni
441 3089 616 3168 demandare.
641 3113 817 3184 Quapropter
843 3131 888 3168 me
912 3114 1039 3170 adhibito
1066 3116 1246 3186 infrascripto
1268 3117 1365 3173 curiae

184 3214 351 3290 episcopalis
368 3219 497 3273 actuario
513 3219 614 3273 statuit
632 3219 666 3272 ad
684 3220 802 3274 formam
821 3220 891 3272 iuris
908 3237 1035 3287 examen,
1047 3220 1082 3276 de
1095 3237 1151 3292 quo
1168 3221 1223 3275 fuit
1240 3224 1367 3291 rogatus,

184 3323 340 3382 instituere.
360 3328 433 3380 Acta
451 3329 517 3380 eunt
534 3325 605 3380 haec
623 3325 702 3380 die...
722 3325 863 3381 mensis...
882 3343 994 3383 anno...

928 3471 989 3541 Ego
1007 3472 1041 3525 N.
1061 3471 1190 3526 Vicariua
1209 3470 1364 3528 Generalis.

928 3576 989 3646 Ego
1007 3577 1039 3630 N.
1059 3578 1219 3631 Actuarius.

275 3749 485 3822 Consequenter
502 3753 620 3805 vocatus
636 3751 692 3806 tuit
709 3751 836 3807 dominus
855 3752 888 3807 N.
908 3756 938 3807 et
955 3753 1147 3823 interrogatus
1170 3769 1255 3822 super
1276 3752 1367 3822 primo

186 3857 307 3913 articulo
317 3859 461 3928 respondit
462 3898 505 3914 .....
519 3859 608 3928 Super
619 3860 740 3915 secundo
750 3859 927 3930 respondit...
938 3859 1053 3931 (Postea
1062 3865 1205 3930 ponuntur
1214 3859 1367 3926 clausulae,

186 3967 287 4036 quibus
304 3965 377 4021 solet
395 3983 505 4036 semper
523 3966 651 4021 concludi
670 3983 789 4022 examen
806 3966 931 4022 testium.
950 3967 1075 4024 Examen
1096 3972 1192 4024 numm
1209 3967 1365 4039 sigillatum

187 4071 396 4124 transmittatur
414 4069 449 4126 ad
466 4071 595 4138 iudicem,
609 4071 656 4142 qui
675 4071 895 4127 remissorialem
913 4071 1012 4143 dedit).

261 4549 320 4602 Soc.
342 4547 428 4618 Lago,
447 4547 508 4602 Lib.
527 4545 559 4612 11,
577 4547 632 4603 vol.
651 4549 698 4604 IV.
