3350 5100
425 291 469 337 DE
493 291 630 339 litoreus
655 291 899 341 calumniosus
924 291 958 337 IN
984 291 1100 338 sraela
1287 272 1348 336 441

173 412 313 475 nariisa
336 411 424 475 Trid.
443 411 585 477 Concilio
608 411 778 487 tributam;
802 410 939 477 mediam
964 418 1071 478 autem
1095 413 1179 477 dam
1203 410 1352 477 inibimus

172 536 357 599 insistentes
372 535 517 619 vestigiis
533 534 816 621 iurisprudentiaa
832 537 867 601 in
882 536 1004 622 primis,
1022 537 1052 604 S.
1070 536 1190 621 congr.
1208 536 1350 611 Consilii,

172 682 254 746 qnae
277 662 456 728 innumeris
480 665 642 747 responsis
658 660 839 727 declaravit
861 682 990 727 sensum
1013 661 1137 728 decreti
1160 662 1351 730 Tridentini.
1441 704 1445 713 ·

172 783 330 867 Equidem
353 785 449 851 huius
470 758 581 851 textus
603 792 654 850 est
675 785 871 851 suboscurus
894 791 927 849 et
949 786 1077 851 facilem
1100 784 1236 871 praebet
1262 804 1352 851 occa·

171 910 293 973 sionem
317 910 640 995 interpretationibus
660 911 715 975 vel
738 912 922 975 contrariis.

261 1034 338 1099 389.
363 1035 406 1101 Ut
420 1036 506 1099 viam
521 1042 705 1102 sternamus
720 1036 980 1120 interpretationi
1000 1036 1200 1121 singularum
1221 1036 1351 1102 Decreti

172 1157 323 1240 partium,
348 1158 436 1224 iurat
458 1162 554 1223 antea
579 1157 750 1241 quamdam
780 1177 969 1243 expungere
1000 1155 1219 1223 difficultatem
1249 1158 1350 1224 veluti

170 1280 462 1362 praeiudicium,
479 1284 692 1367 attingentem
713 1284 875 1367 integrum
892 1287 1089 1348 contextum.
1115 1284 1195 1348 Nam
1210 1288 1351 1368 potestas

172 1406 456 1473 eubamdiunric
467 1409 652 1473 continetur
665 1407 756 1473 hisce
770 1407 881 1472 verbis
895 1428 952 1473 seu
964 1442 978 1455 -
990 1408 1088 1474 uuita
1102 1408 1267 1476 restitutio
1283 1406 1351 1490 suf·

170 1526 331 1613 frcqetur
354 1528 480 1595 ‹...ei
500 1530 556 1595 cui
578 1548 740 1595 ascensus
758 1529 805 1595 ad
827 1548 945 1595 sacros
963 1528 1102 1596 ordines
1124 1548 1147 1594 a
1169 1548 1230 1597 suo
1248 1530 1351 1597 Prae

172 1652 240 1719 tato
263 1672 310 1718 ex
331 1672 547 1739 quacumque
573 1673 689 1729 cnusu,
714 1656 816 1721 etium
839 1654 881 1721 ob
904 1656 1072 1721 occultum
1103 1654 1242 1726 crimea,
1267 1674 1351 1738 quo-

171 1779 352 1846 modolibet
375 1780 477 1845 etiem
499 1781 808 1848 emtruiudiciutiter
829 1780 935 1863 fuerit
958 1780 1166 1847 interdictus.
1185 1815 1202 1829 -
1229 1778 1351 1845 Deinde

170 1922 231 1987 per
252 1903 445 1988 particulam
475 1904 700 1970 disiunctivam
730 1910 792 1970 aut
822 1906 866 1969 ita
889 1906 1035 1987 sequitur
1061 1902 1229 1988 periodus:
1256 1908 1351 1968 <out

172 2026 228 2112 (ei)
251 2028 311 2113 qui
326 2047 349 2093 a
369 2029 443 2094 suis
464 2029 652 2102 ordinibus,
676 2048 737 2095 seu
758 2028 926 2115 praedibus
940 2031 992 2095 oet
1008 2028 1230 2114 dipuitatibus
1253 2029 1350 2095 ecete-

170 2152 314 2218 siasticis
335 2153 444 2235 fuerit
460 2172 646 2237 suspeum
660 2175 691 2219 u.
712 2158 756 2221 nt
770 2156 836 2219 iam
851 2153 892 2218 ab
913 2152 998 2219 edito
1022 2152 1154 2219 decreto
1171 2152 1349 2218 dubitatum

173 2282 222 2341 est
243 2296 286 2341 an
302 2277 385 2342 baec
400 2282 542 2362 potestas
557 2279 842 2347 eatraordiuuria
857 2276 1052 2363 procedendi
1069 2278 1172 2343 etum
1187 2277 1228 2344 ob
1244 2279 1350 2344 occut-

171 2403 243 2463 rum
258 2399 398 2474 crimea,
411 2400 661 2485 quomodolibet
676 2400 779 2466 etium
790 2400 1098 2467 eatraiudicictiter
1111 2435 1128 2449 ·
1142 2402 1243 2485 possit
1258 2418 1350 2465 exer·

171 2524 240 2588 ceri
262 2524 296 2588 in
320 2525 547 2609 suspensiones
577 2523 729 2591 ferendas
754 2524 795 2591 ab
822 2523 936 2590 officiis
959 2525 1149 2591 sacristam
1174 2524 1348 2608 possessis.

171 2650 267 2714 Ratio
297 2650 462 2716 dubitandi
492 2652 620 2735 aliquod
650 2651 895 2716 fundamentum
926 2652 1055 2718 videtur
1081 2651 1204 2717 babere
1231 2650 1349 2716 nedum

170 2775 204 2838 in
226 2780 329 2858 textu,
352 2775 458 2843 sedin
478 2779 548 2862 ipsa
570 2776 714 2842 subiecta
737 2778 973 2861 materiaque
996 2765 1125 2845 facilius
1144 2780 1215 2863 quis
1237 2779 1349 2864 probi·
1410 2843 1417 2856 ,

169 2898 265 2965 betur
287 2922 307 2965 a
330 2903 401 2966 iure
432 2902 628 2987 quaerendo
658 2921 754 2984 quam
784 2923 803 2966 a
830 2903 1005 2986 quaesit05
1031 2904 1147 2988 quippe
1172 2938 1189 2952 ·
1215 2903 1350 2986 turpius

170 3023 303 3089 eiicitur
332 3045 438 3109 quum
460 3045 531 3092 uou
554 3026 747 3092 admittitur
777 3025 907 3110 hospes.
933 3061 951 3074 -
978 3024 1057 3092 lnde
1087 3028 1151 3092 hoc
1178 3025 1306 3092 dubium
1329 3045 1349 3092 e

169 3145 274 3211 medio
296 3149 429 3213 auferre
452 3168 516 3214 non
540 3154 669 3233 poterat
691 3150 753 3214 nisi
774 3149 970 3216 authentica
993 3149 1228 3233 interpretatio
1252 3169 1348 3234 quam

169 3273 296 3357 saepius
318 3271 466 3338 exhibuit
488 3270 521 3338 S.
544 3273 662 3358 Congr.
680 3272 830 3347 Concilii3
855 3280 887 3338 et
911 3274 1123 3338 resolutiones
1145 3272 1348 3338 authenticas

170 3398 282 3472 refert,
314 3400 399 3464 inter
429 3399 521 3480 alios
551 3399 665 3472 Bouix‚
697 3398 747 3465 De
768 3399 892 3466 iudicis
916 3401 963 3475 ΙΙ,
992 3421 1022 3486 p.
1047 3399 1113 3466 320
1136 3406 1169 3466 et
1195 3400 1255 3466 has
1284 3420 1349 3465 non
1473 3465 1480 3476 ,

169 3522 312 3596 excribo‚
343 3526 420 3607 quia
447 3525 586 3592 indubie
614 3530 778 3600 asserunt,
809 3526 997 3592 facultatem
1029 3527 1347 3594 eutruordiuuriaru

168 3647 466 3715 cutrciudiciutem
488 3651 656 3735 Episcopis
683 3670 871 3717 concessam
901 3653 1067 3736 respicere
1091 3651 1186 3716 etiam
1210 3649 1349 3717 ordines

168 3778 339 3855 susceptos
363 3778 396 3838 et
417 3776 576 3858 appositu
598 3775 710 3860 officio
733 3778 796 3840 iam
820 3795 976 3862 possessa.

258 3895 334 3962 390.
358 3897 471 3981 Neque
493 3895 630 3963 dicenda
653 3904 702 3964 est
724 3899 756 3966 S.
776 3897 994 3986 congregatio
1018 3899 1134 3965 fecisse
1156 3901 1347 3984 iuterpreta-

167 4021 287 4086 tionem
315 4022 548 4104 exterusiucm3
573 4024 690 4088 <Nam
720 4022 778 4107 (ait
808 4024 983 4110 Fagnanus
1007 4025 1038 4089 in
1064 4044 1133 4110 cap.
1166 4025 1222 4090 Ad
1245 4043 1348 4090 aures

170 4142 219 4208 De
243 4149 343 4227 temp.
367 4146 490 4227 ordiri„
515 4166 546 4210 n.
570 4146 605 4228 7)
630 4149 689 4212 etsi
711 4147 814 4212 verba
841 4147 896 4212 illa
924 4167 969 4214 eu
999 4167 1214 4234 quacumque
1242 4166 1348 4214 causa

167 4265 271 4331 etiam
293 4265 336 4332 ob
358 4268 526 4333 occuitum
549 4268 689 4342 crirueu,
706 4275 769 4333 ete.
792 4287 858 4333 non
878 4271 942 4336 sint
957 4271 1102 4356 apposita
1118 4271 1180 4336 nisi
1196 4274 1227 4335 in
1245 4271 1347 4356 priori

168 4397 262 4475 parte
286 4391 362 4456 dicti
386 4393 511 4477 capitis,
535 4392 588 4458 ubi
612 4395 720 4479 agitur
742 4393 782 4459 de
805 4393 1040 4463 interdictique
1046 4416 1060 4479 ;
1085 4402 1193 4462 tamen
1216 4398 1346 4462 censeri
