3350 5100
318 273 384 339 476
826 294 910 341 rnre
936 294 985 341 111.

316 418 408 483 salva
422 416 627 491 conscientia,
644 415 797 483 defensor
813 420 1008 483 matrimonii
1032 415 1299 503 acquiescendum
1315 435 1379 480 non
1396 420 1493 499 putet.

316 542 370 607 vel
393 543 468 625 quia
496 540 559 607 sibi
588 541 717 607 videtur
746 543 917 609 manifeste
941 543 1069 624 iniusta,
1093 542 1146 607 rel
1169 540 1320 621 invalida,
1345 540 1397 605 vei
1421 540 1495 623 quia

316 665 417 731 fuerit
439 667 505 731 lata
526 667 559 731 in
583 666 683 733 tertia
709 666 864 733 instantia
885 672 919 733 et
942 666 984 733 sit
1006 666 1212 731 revocatoria
1242 664 1377 729 alterius
1400 680 1494 748 prae·

317 791 461 858 cedentis
484 812 582 877 super
604 791 771 859 validitate
794 792 827 856 in
851 791 993 858 secunda
1020 794 1174 859 instantia
1201 796 1380 863 emanatas,
1405 790 1493 855 volu·

316 938 397 990 mus,
419 922 453 982 ut
475 914 571 983 flrma
593 922 784 982 remanente
807 918 935 1001 utrique
958 918 1087 1003 coniugi
1111 916 1329 1003 prohibitione
1350 914 1391 981 ad
1415 915 1494 979 alias

316 1038 691 1126 transeundi‘nuptias....
712 1060 810 1105 causa
823 1042 858 1105 in
875 1040 1042 1107 tertiaret
1060 1045 1185 1126 quarta
1209 1039 1360 1107 instantia
1376 1056 1493 1123 cogno·

317 1169 471 1231 ecaton...
488 1185 520 1228 a.
551 1164 614 1231 Sed
645 1163 812 1258 Ordinarii
840 1184 905 1229 non
935 1165 1036 1231 semel
1060 1164 1228 1249 querelam
1257 1167 1431 1229 moverunt
1452 1160 1493 1227 ad

317 1290 349 1357 S.
366 1288 491 1363 Sedem
507 1289 714 1357 advertentes
729 1292 762 1357 in
778 1290 943 1356 nonnullis
966 1291 1073 1357 causis
1096 1288 1275 1355 multitatem
1301 1288 1494 1353 matrimonii

317 1412 399 1489 fleri,
419 1434 462 1479 ex
485 1414 631 1481 collectis
652 1413 911 1480 attestationibus
926 1419 959 1479 et
974 1412 1186 1493 documentis,
1201 1429 1285 1497 pene
1301 1409 1492 1481 evidentem,

317 1539 417 1605 veluti
440 1559 537 1622 quum
561 1544 688 1605 constat
702 1538 886 1607 diaconam
910 1544 966 1604 aut
984 1537 1236 1625 presbyterium
1251 1538 1380 1622 nuptias
1395 1541 1495 1601 atten-

317 1669 402 1730 tasse
425 1668 481 1730 aot
502 1663 765 1749 impedimentum
788 1663 920 1731 obstare
942 1662 1119 1749 tipaminis
1143 1682 1187 1729 ex
1208 1662 1301 1727 libris
1325 1660 1494 1747 parocbia-

316 1789 399 1855 libus
422 1788 552 1855 indubie
566 1790 725 1865 evictum;
741 1791 967 1857 necessitatem
991 1810 1070 1855 vero
1094 1787 1258 1855 obtinendi
1279 1788 1357 1853 duas
1380 1788 1493 1853 saltem

317 1916 495 1981 sententias
509 1913 703 1986 conformes,
720 1914 839 1981 diutius
852 1914 1009 2001 impedire
1031 1915 1226 1981 matrimonii
1242 1913 1493 1979 celebrationem

318 2060 361 2105 ex
376 2046 469 2125 parte
484 2039 580 2121 illius,
596 2042 651 2125 qui
666 2058 687 2105 a
700 2041 832 2106 vinculo
851 2048 945 2107 matr.
964 2040 1114 2107 immunis
1129 2039 1313 2104 declaratus
1329 2042 1392 2114 est;
1408 2036 1495 2103 hunc

317 2168 425 2229 autem
440 2163 610 2231 dilationes
624 2164 795 2231 secandae
808 2170 865 2230 aut
882 2165 1000 2231 tertiae
1014 2164 1188 2227 instantiae
1202 2182 1303 2247 aegre
1324 2161 1494 2239 ferentem,

318 2288 447 2352 interim
461 2289 716 2354 incontinentem
739 2289 838 2353 vitam
861 2287 992 2353 ducere.
1017 2290 1077 2353 Ast
1092 2287 1183 2352 hisce
1199 2286 1408 2351 incommodis
1431 2304 1494 2349 non

318 2410 516 2479 obstantibus
540 2413 572 2479 S.
589 2413 624 2479 O.
641 2412 675 2478 O.
693 2414 726 2479 in
748 2411 935 2480 Souoreasi
956 2410 1122 2479 multitatis
1145 2411 1356 2479 matrimonii
1376 2410 1431 2477 die
1446 2409 1495 2475 26

318 2538 406 2624 Aap.
424 2537 514 2604 1848
530 2539 706 2624 rescripsit,
728 2536 972 2604 Benedictinam
988 2536 1255 2606 constitutionem
1269 2555 1342 2602 esse
1361 2553 1493 2601 serven-

318 2660 400 2734 dum,
416 2661 472 2728 sed
488 2681 553 2727 non
569 2661 691 2728 destitit
713 2663 821 2727 media
844 2661 1000 2727 adhibere
1015 2661 1130 2745 quibus
1152 2661 1280 2726 facilior
1303 2658 1496 2726 redderetur

318 2781 564 2852 Constitutionis
573 2787 756 2872 applicatio.
770 2787 1094 2872 Deniqaeutpenitus
1105 2785 1198 2850 hisee
1207 2783 1414 2850 incommodis
1423 2803 1495 2848 oon·

318 2910 435 2976 saltum
450 2911 537 2976 foret
552 2899 589 2977 S.'
600 2912 634 2978 0.
652 2912 683 2978 S.
698 2909 807 2978 Officii
824 2911 876 2976 die
892 2911 914 2977 3
930 2912 943 2976 1
949 2912 1013 2976 unii
1029 2911 1114 2976 1889
1130 2910 1193 2974 hoa
1205 2908 1303 2975 edidit
1319 2907 1494 2973 decretum:

321 3034 501 3106 ‹Quaooo
524 3038 641 3123 apitar
662 3037 705 3104 de
727 3037 969 3120 impedimento
1000 3035 1212 3119 disparitatis
1243 3035 1352 3100 cattas
1375 3040 1407 3098 et
1428 3032 1494 3098 eoi·

318 3159 438 3225 denter
459 3167 598 3234 constat,
622 3179 731 3227 auam
749 3166 887 3244 partem
908 3178 978 3226 esse
993 3158 1203 3243 baptizatam
1217 3163 1249 3224 et
1264 3160 1409 3224 atteram
1424 3175 1495 3223 aon

316 3283 422 3366 faisse
445 3284 655 3368 baptizatam
662 3304 677 3368 ‚·
698 3283 839 3369 quaudo
862 3285 979 3370 apitur
994 3283 1036 3349 de
1058 3283 1299 3366 impedimento
1323 3280 1496 3367 tipaminis

318 3415 351 3476 et
372 3414 462 3476 certo
486 3415 616 3476 coastat
633 3409 793 3492 primam
822 3408 1001 3494 cooiapem
1023 3427 1096 3474 esse
1117 3406 1305 3494 tepitimam
1328 3411 1360 3472 et
1382 3404 1496 3472 adbuc

318 3535 452 3616 vivere;
474 3535 614 3619 quamdo
638 3535 784 3618 denique
807 3534 924 3620 apitar
946 3533 989 3599 de
1011 3530 1322 3618 eonsaapaimeitate
1345 3537 1406 3596 aut
1419 3529 1495 3613 affi-

317 3659 423 3725 nitate
452 3678 499 3726 ere
528 3659 653 3742 copata
682 3658 774 3724 licita
805 3664 866 3723 aut
895 3658 998 3724 etiam
1021 3675 1067 3724 aa·
1092 3655 1292 3743 capitatione
1321 3653 1496 3738 spirituaii

318 3784 370 3850 vet
400 3783 443 3849 de
472 3783 712 3866 impedimento
748 3781 1028 3848 clandestiaitatis
1057 3781 1094 3846 im
1124 3781 1203 3848 iocis
1234 3779 1292 3848 abi
1321 3780 1495 3846 decretam

325 3907 563 3974 tridentinum
586 3910 739 3974 Tnusrsr
759 3907 970 3991 publicatam
993 3913 1050 3982 est,
1071 3908 1122 3972 vet
1137 3907 1186 3972 ati
1210 3907 1277 3971 tate
1298 3905 1359 3970 otia
1382 3903 1493 3970 obser·

319 4037 445 4106 vatum,
476 4033 663 4100 dammodo
686 4051 732 4100 aa
754 4040 844 4101 certo
868 4039 899 4098 et
921 4032 1111 4100 authentico
1142 4031 1341 4098 decremento
1372 4032 1434 4111 vet,
1457 4029 1494 4093 ira

319 4156 420 4224 baius
441 4156 584 4240 defecta,
609 4177 654 4223 eoe
677 4158 776 4224 certis
799 4157 1013 4243 arpamentis
1034 4156 1206 4222 evidenter
1229 4161 1354 4222 comtet
1369 4155 1411 4220 de
1427 4154 1502 4232 cai-¹

317 4282 439 4347 strutio
463 4281 660 4348 huiusmodi
677 4281 1009 4364 impedimentorum,
1026 4281 1196 4348 Ecclesiae
1211 4280 1410 4346 auctoritate
1424 4295 1494 4344 nou

318 4403 603 4487 dispensatorum,
629 4405 718 4470 bisce
739 4405 777 4469 in
791 4404 935 4486 casibus,
957 4405 1207 4488 praetermissis
1229 4401 1496 4470 solemnitatibar
