3350 5100
534 344 579 390 nn
602 343 756 391 nsmcms
779 345 822 392 nr
848 345 968 392 nonnus
1237 311 1239 316 ’
1297 325 1343 391 99

160 465 335 549 nullimode
357 465 497 552 probare
516 487 642 552 possum
658 487 742 553 quae
756 474 902 566 autumat
917 465 1125 550 d¹Annibale,
1142 469 1190 540 11,
1214 489 1249 533 11.
1266 467 1343 534 532

158 594 266 657 aiens:
294 591 457 674 «prodiit
479 593 495 656 1
519 591 607 659 Noa.
630 592 723 659 1745
745 591 886 660 celebris
906 593 1091 678 Euryalen
1113 593 1240 659 Bened.
1256 593 1348 658 XIV

161 716 233 780 er
255 734 446 790 rensuum
468 716 623 782 sedtum
645 716 689 783 de
710 717 860 803 pecuina
877 717 950 783 eius
965 736 1065 782 seusu
1082 717 1173 783 ultro
1190 717 1343 802 citroque

159 840 364 924 pravissime
379 839 590 922 disputatum
603 840 721 922 fuerit.
738 840 856 908 11111111
871 841 983 907 iudice
998 841 1165 906 remansit
1181 847 1211 907 et
1230 841 1345 906 adhue

159 969 317 1029 remanet
332 983 368 1046 »5
382 963 536 1031 videlicet
556 983 599 1029 an
615 984 734 1030 usurae
750 966 839 1030 licite
854 967 942 1051 exigi
958 966 1081 1052 possint
1095 967 1128 1029 vi
1144 984 1251 1032 irsms
1269 985 1344 1032 con-

162 1107 315 1155 rnscros
338 1107 457 1154 110101.

253 1214 383 1278 Etenim
415 1233 508 1297 posse
538 1233 654 1278 usuras
684 1216 770 1299 exigi
799 1234 842 1279 ex
868 1212 1004 1298 quodam
1035 1214 1128 1280 titulo
1160 1215 1345 1279 extrinseco

161 1337 253 1402 lueri
276 1339 448 1411 cessantis,
475 1337 597 1402 damni
627 1339 839 1425 emerpeutis
859 1339 1009 1422 perteutt
1036 1338 1136 1404 sortis
1162 1331 1208 1422 (l)
1236 1357 1346 1404 omnes

162 1461 346 1540 admittunt,
363 1463 469 1545 prouti
485 1461 608 1528 fatetur
624 1463 778 1528 Pontifex
800 1463 833 1526 in
858 1463 911 1526 oit.
929 1462 1056 1527 litteris.
1075 1463 1180 1527 Porro
1196 1459 1227 1527 S.
1245 1461 1345 1546 (long.

165 1585 206 1648 de
227 1585 324 1668 Prop.
342 1583 412 1648 Fid.
429 1605 459 1648 a.
477 1583 565 1650 1645
588 1583 682 1668 (0011.
703 1586 740 1649 Ρ.
758 1586 794 1650 F.
818 1605 851 1650 n.
869 1585 970 1670 2118)
995 1584 1170 1670 respondit,
1187 1604 1252 1650 non
1275 1603 1347 1650 esse

162 1709 390 1792 inquietandos
413 1710 609 1774 christianos
624 1711 776 1776 Sinenses
799 1712 854 1794 qui
878 1711 910 1775 in
934 1715 1045 1775 mutuo
1065 1709 1266 1795 recipiebant
1287 1709 1345 1773 111-

164 1834 256 1918 ginta
277 1853 338 1918 pro
367 1839 507 1908 centum,
531 1837 743 1918 quantitatem
765 1855 883 1922 nempe
906 1833 1031 1921 legibus
1054 1835 1169 1921 patriis
1191 1838 1346 1904 taxatam.

165 1956 391 2022 «dummodo
409 1956 575 2023 labentur
589 1957 679 2024 ratio
696 1957 871 2042 qualitatis
884 1957 1031 2040 periculi
1047 1963 1077 2024 et
1095 1957 1349 2040 probabilitatis

164 2079 327 2154 eiusdem,
352 2099 393 2144 ac
427 2087 558 2146 servata
587 2083 798 2166 proportione
828 2082 916 2147 inter
945 2080 1127 2166 periculum
1150 2089 1183 2146 et
1206 2081 1237 2146 id
1264 2081 1348 2166 quod

161 2207 373 2290 accipitur».
399 2205 541 2270 Proinde
564 2206 596 2272 S.
620 2204 888 2287 Paenitentiaria,
917 2205 973 2290 (18
993 2207 1072 2290 Apr.
1092 2205 1190 2293 1889)
1215 2208 1348 2278 monuit,

167 2329 386 2412 periculosum
411 2349 482 2394 esse
504 2328 647 2395 fructum
664 2332 821 2414 pecuniae
844 2349 904 2415 per
928 2328 1055 2394 modum
1072 2329 1205 2414 regulae
1222 2335 1347 2410 taxare,

163 2457 201 2517 et
222 2458 434 2519 recurrentes
457 2455 583 2519 remisit
605 2453 644 2519 ad
671 2455 853 2536 ‹praaim
875 2473 1091 2526 communem
1113 2458 1286 2519 seruatam
1309 2453 1350 2518 ab

165 2578 353 2643 hominibus
377 2578 557 2647 timoratae
587 2581 811 2647 eonscientiae
837 2580 1029 2665 respectivis
1052 2582 1085 2643 in
1108 2580 1188 2646 locis
1215 2584 1248 2644 et
1270 2584 1348 2645 tem·

166 2702 303 2785 poribus
318 2723 351 2765 ».

258 2826 313 2892 72.
338 2826 421 2901 Quia
450 2826 491 2892 de
523 2826 671 2892 doctrina
697 2828 867 2893 Ecclesiae
898 2828 1058 2891 constanti
1090 2832 1124 2893 et
1155 2828 1352 2913 gravissimis

164 2953 371 3017 documentis
401 2951 564 3038 explicata
590 2951 683 3017 nobis
713 2950 888 3017 nullimode
919 2950 1058 3017 dubitari
1089 2970 1182 3037 posse
1213 2952 1351 3023 videtur.

169 3080 265 3144 modo
287 3079 434 3145 breviter
457 3078 664 3164 expediemus
687 3078 911 3164 probationem
934 3078 1030 3144 huius
1053 3078 1192 3155 theseos,
1217 3078 1351 3151 scilicet,

168 3204 344 3283 illicitum,
369 3222 414 3268 ea
439 3203 514 3285 ipso
540 3203 694 3269 naturali
720 3203 797 3268 iure
822 3220 909 3278 esse,
938 3202 972 3267 oi
1000 3221 1106 3269 msms
1138 3222 1352 3270 conrmcros

171 3345 292 3397 norm,
317 3346 444 3392 usuras
466 3312 614 3412 eaiqere'
628 3344 689 3394 seu
712 3325 845 3409 aliquid
867 3344 977 3409 supra
999 3330 1125 3393 sortem
1151 3333 1352 3393 mutuatam.

263 3450 350 3515 Saue
373 3455 518 3515 mutuum
540 3454 733 3514 recensetur
756 3450 844 3514 inter
866 3454 1052 3514 contractus
1079 3450 1256 3536 proluitos,
1281 3452 1355 3533 quia

168 3574 334 3640 obiectum
357 3574 458 3638 mutui
474 3577 549 3637 sunt
563 3572 639 3636 illae
655 3591 710 3637 res
724 3591 807 3654 quae
830 3572 983 3638 dicuntur
999 3573 1050 3638 vel
1067 3592 1133 3638 usu
1153 3574 1355 3655 comsumpti-

171 3698 265 3769 biles.
283 3716 367 3781 quae
389 3695 515 3763 scilicet
536 3697 608 3762 usui
631 3716 697 3761 non
720 3697 902 3761 inserviunt
920 3698 982 3761 nisi
999 3701 1164 3762 mutentur
1186 3698 1220 3760 in
1243 3715 1354 3761 earnm

172 3823 284 3907 specie
307 3826 341 3886 et
362 3840 479 3887 novam
502 3825 667 3887 assumant
687 3820 834 3890 formam.
852 3821 953 3886 veluti
969 3822 1185 3895 frumentum
1209 3820 1261 3885 vel
1282 3827 1357 3885 sunt

171 3945 375 4032 sumqibites,
404 3947 480 4030 quia
509 3964 621 4011 eorum
652 3946 746 4009 valor
775 3965 841 4009 non
872 3945 1099 4011 consideratur
1128 3945 1161 4009 in
1193 3944 1356 4010 individuo
1407 3959 1409 3966 ·

264 4140 305 4209 (l)
325 4140 477 4196 Praeterea
495 4140 634 4195 recenseri
653 4138 746 4193 solent
770 4138 812 4192 nti
831 4138 909 4193 tituli
930 4140 1096 4204 extrinseci,
1117 4139 1229 4193 labores
1250 4140 1358 4193 insoliti

175 4246 331 4301 sustinendi
350 4246 386 4300 ad
403 4247 488 4301 sortis
506 4246 763 4315 recuperationem
781 4250 811 4299 et
828 4262 919 4316 poena
938 4246 1158 4300 conventionalis
1176 4262 1226 4300 seu
1245 4252 1354 4315 pactum

174 4368 233 4422 quo
250 4351 439 4412 mutuatarius
457 4369 488 4408 se
505 4353 615 4422 obligat
636 4352 671 4405 ud
695 4350 857 4405 solvendam
876 4356 982 4407 certam
1005 4350 1139 4422 pecuniae
1162 4352 1359 4422 quantitatem,

180 4460 205 4513 si
221 4464 325 4515 mrtem
343 4465 470 4531 tempore
491 4464 598 4515 statuto
616 4477 673 4515 non
692 4459 817 4515 solverit.
837 4458 875 4529 (S.
895 4458 1038 4530 Alphons,
1058 4459 1108 4527 IV,
1132 4460 1215 4529 766).
