3350 5100
467 314 511 360 nn
535 312 675 361 remens
700 311 944 360 cernrnameus
969 309 1005 356 ru
1029 305 1143 354 senone
1332 291 1397 358 557

215 435 331 489 crimine
344 435 588 491 denunciationem
601 436 751 505 acceperit,
761 435 841 489 illico
854 435 888 488 ad
900 401 1064 503 diligentias
1075 432 1248 502 peragendas
1261 433 1398 502 procedet.
1485 463 1488 476 ·

218 541 258 594 Ad
276 559 358 612 quem
378 543 471 606 linem,
483 541 528 596 rel
548 557 597 611 per
609 558 639 596 ee
652 541 698 596 rel
718 557 766 610 per
784 541 962 596 Sacerdotem
977 555 1036 594 aee
1054 539 1216 610 specialiter
1229 538 1399 610 delegatum,

215 649 362 704 advocabit
381 649 545 722 (separatim
569 649 679 704 scilieet
697 654 726 705 et
744 666 800 721 qua
823 650 904 704 decet
926 647 1187 718 circumspectione)
1211 647 1279 701 duos
1303 652 1398 729 testes²

216 759 351 824 quantum
371 755 432 810 lieri
455 756 567 824 poterit,
585 771 620 811 ex
639 761 721 810 coetu
740 753 946 820 ecclesiastico,
965 757 1115 824 utcumque
1133 769 1200 807 vero
1219 753 1294 806 omui
1320 769 1400 807 exce·

218 860 313 930 ptioue
330 863 463 927 maiores,
481 863 529 932 qui
548 863 620 918 bene
639 862 768 916 noverint
788 866 845 916 tum
865 861 1072 926 denunciatum,
1091 863 1150 914 tum
1173 875 1270 914 omnes
1293 864 1322 914 et
1340 861 1398 915 ain·

217 967 298 1034 gulos
316 967 526 1031 denunciantes,
544 983 655 1038 eoaque,
673 970 724 1022 sub
743 969 895 1022 sanctitate
917 968 1066 1022 iuramenti
1086 967 1119 1021 de
1138 967 1261 1021 veritate
1284 965 1400 1021 dicenda

216 1072 298 1126 etde
320 1079 432 1155 secreto
456 1073 482 1127 S.
502 1074 591 1128 Officii
617 1074 768 1140 servando,
787 1073 958 1128 iudicialiter
982 1073 1182 1141 interrogabit,
1208 1071 1398 1127 testimonium

217 1178 322 1247 scripto
341 1181 472 1245 reterens,
490 1179 571 1234 iuxta
588 1179 782 1250 insequentem
807 1179 971 1244 formulam
991 1179 1136 1249 utriusque
1154 1195 1221 1234 vero
1245 1179 1397 1234 testimonii

217 1289 302 1355 atque
320 1303 376 1340 una
387 1286 471 1340 simul
489 1287 663 1356 respectivae
675 1287 899 1341 denunciationis
917 1285 1110 1340 authenticum
1124 1285 1281 1355 exemplum
1295 1285 1400 1340 directe

219 1396 336 1464 tutaque
348 1394 393 1448 via
405 1395 439 1447 ed
452 1394 524 1448 banc
541 1393 706 1464 Supremam
725 1394 979 1464 Congregationem
998 1393 1202 1464 quamprimum
1218 1394 1399 1448 transmittet.

307 1501 351 1554 Vl.
372 1501 482 1556 Dictum
507 1506 562 1556 eet:
581 1503 656 1558 «vel
683 1519 732 1572 per
749 1519 780 1556 se
796 1503 843 1558 rel
869 1519 918 1572 per
942 1501 1119 1556 Sacerdotem
1143 1518 1159 1554 a
1184 1518 1213 1556 se
1238 1503 1400 1572 specialiter

217 1608 378 1677 delegatum
390 1624 416 1673 »3
430 1609 500 1663 nihil
513 1610 588 1664 euim
609 1609 739 1679 probibet
750 1611 907 1680 quominus,
920 1610 1081 1664 rationabili
1095 1626 1129 1664 en
1143 1626 1234 1675 causa,
1248 1609 1294 1678 pio
1305 1609 1399 1674 alicui,

218 1717 299 1770 docto
317 1733 351 1770 ac
366 1716 495 1785 prudenti
515 1716 658 1772 Sacerdoti
677 1718 704 1770 id
723 1718 847 1772 muneris
859 1716 1022 1770 Ordinarius
1035 1718 1200 1772 demandare
1212 1718 1321 1781 valeat;
1339 1735 1398 1790 spe-

219 1825 287 1877 ciali
304 1829 397 1878 tamen
411 1825 438 1879 ei
451 1825 481 1878 in
498 1824 618 1893 singulis
636 1811 748 1879 casibus
759 1825 937 1895 delegatione
951 1826 1103 1894 impertita,
1116 1825 1197 1895 eique
1209 1829 1293 1878 antea
1305 1823 1400 1878 delato

219 1930 397 1985 iureiurando
415 1931 449 1985 de
467 1947 582 1985 munere
600 1931 722 1988 fideliter
739 1933 866 1988 obeundo
885 1937 914 1988 et
932 1933 965 1986 de
985 1937 1094 1988 secreto
1113 1931 1138 1986 S.
1153 1931 1241 1987 Officii
1255 1933 1398 1986 servando.

308 2034 366 2088 Vll.
386 2033 464 2096 Quod
482 2036 505 2089 ai
523 2036 644 2091 inveniri
663 2041 804 2107 nequeant
821 2037 877 2091 duo
893 2041 1002 2090 tantum
1022 2041 1117 2107 testes,
1130 2036 1177 2107 qui
1197 2036 1326 2090 noverint
1346 2053 1400 2090 una

219 2141 302 2196 simul
314 2142 511 2197 denunciatum
525 2148 555 2198 et
566 2160 663 2198 omnes
676 2149 706 2198 et
716 2143 844 2212 singulos
855 2142 1065 2209 denunciantes,
1080 2143 1172 2212 plures
1185 2143 1279 2198 vocari
1290 2143 1400 2196 debent.

219 2250 274 2304 'l'ot
291 2267 391 2318 nempe
409 2249 461 2305 hoc
480 2252 509 2304 in
527 2267 594 2305 casu
613 2255 708 2316 testes,
725 2258 757 2304 ut
774 2267 868 2320 supra,
881 2251 998 2305 vocandi
1018 2255 1108 2309 erunt.
1123 2255 1191 2320 quot
1210 2251 1351 2319 oportebit
1370 2255 1401 2304 ut

140 2360 146 2372 '
219 2357 321 2427 duplex
336 2358 428 2427 quoad
445 2357 642 2412 denunciatum
655 2363 685 2412 et
697 2375 921 2430 unumquemque
939 2358 1153 2412 denunciantsm
1173 2354 1311 2411 habeatur
1323 2359 1400 2410 testi-

220 2481 352 2519 monium.

309 2568 380 2621 Vlll.
399 2566 514 2629 Quoties
532 2574 626 2623 autem
644 2570 831 2623 iuramentum
845 2568 878 2623 de
892 2573 1000 2621 secreto
1018 2567 1153 2622 servando
1166 2572 1204 2633 et,
1216 2582 1266 2637 pro
1285 2567 1401 2621 diversis

220 2678 339 2742 casibus,
356 2676 391 2731 de
409 2676 529 2732 veritate
547 2676 664 2731 dicenda
681 2678 727 2733 vel
745 2678 779 2731 de
798 2694 913 2733 munere
932 2676 1054 2731 fideliter
1078 2676 1204 2731 obeundo
1222 2676 1399 2732 deferendum

220 2785 265 2849 sit,
284 2784 471 2837 iuramentum
491 2784 579 2851 ipsum
598 2800 707 2851 semper
725 2788 755 2838 et
773 2784 808 2837 ab
827 2782 965 2848 omnibus,
985 2784 1070 2837 etiam
1093 2782 1302 2848 Sacerdotibus,
1321 2788 1401 2837 tactis

223 2890 263 2942 St.
283 2890 336 2944 Dei
355 2890 518 2957 Euarrqelis'e
535 2900 561 2945 et
578 2907 635 2943 nou
652 2891 747 2955 aliter,
759 2892 954 2959 praestandum
968 2891 1030 2943 erit.
1051 2888 1079 2943 ln
1094 2888 1233 2943 Ordinarii
1245 2906 1312 2944 vero
1326 2894 1400 2961 pote-

221 3000 295 3051 state
312 2997 375 3063 erit‚
394 2995 528 3066 siquidem
547 3012 598 3065 pro
617 3013 718 3061 rerum,
739 2997 865 3051 locorum
883 3000 933 3053 aut
952 3012 1132 3065 personarum
1151 2994 1289 3051 adiunctis
1308 3012 1400 3051 neces·

221 3103 325 3157 sarium
343 3102 389 3157 vel
407 3094 556 3172 expediens
574 3103 749 3170 iudicaverit,
761 3106 1078 3159 excommunicationem
1091 3105 1150 3173 ipso
1166 3107 1241 3159 fecto
1259 3106 1401 3159 incurren-

222 3210 283 3262 dam
302 3214 331 3263 et
350 3208 429 3262 Rorn.
449 3208 530 3262 Pont.
548 3207 663 3277 speciali
682 3209 763 3263 modo
781 3214 951 3263 reservatam
970 3208 1154 3263 violatoribus
1173 3210 1346 3265 comminari.
1402 3236 1404 3241 ·

310 3315 358 3371 tx.
378 3315 512 3387 Sequitur
528 3316 759 3385 interrogationis
777 3315 905 3371 formula.

512 3566 1098 3622 iiie..;.mense....anno....

310 3780 433 3835 Vocatus
451 3780 636 3851 personaliter
655 3780 812 3850 comparuit
829 3796 924 3835 coram
942 3795 987 3834 rne
1006 3780 1183 3849 infrascripto
1204 3780 1400 3850 Episcopo...

222 3888 344 3953 (notetur
361 3904 463 3941 mmen
484 3890 626 3942 dioecesis.
646 3889 799 3957 Deleqotus
817 3898 912 3941 cutem
930 3888 1021 3941 dicat:
1040 3900 1133 3940 coram
1154 3902 1199 3941 me
1224 3887 1402 3957 infrascripto

221 4008 273 4045 ar.
288 4008 313 4061 p.
329 3992 354 4045 d.
367 3992 555 4062 Episcopo...
567 4032 573 4044 .
595 3992 628 4045 ad
641 3991 715 4047 hunc
728 3996 822 4045 actum
834 3998 944 4046 tantum
958 3992 1119 4063 specialiter
1130 3992 1272 4061 delegato)
1285 3994 1401 4048 sistente

222 4100 251 4155 in
262 4141 268 4153 .
280 4141 286 4153 .
297 4141 321 4154 ..
343 4102 464 4169 (notetur
484 4100 562 4154 locus
579 4102 629 4153 ubi
644 4103 788 4169 negotium
805 4101 937 4170 peritur).

311 4204 398 4259 N....
423 4204 510 4258 N....
535 4206 661 4273 (nomen,
687 4221 839 4274 cognomen
862 4215 888 4259 et
906 4207 1057 4276 qualitates
1081 4208 1156 4260 testis
1181 4208 1320 4273 conventi)
1345 4208 1402 4277 qui,

222 4309 314 4366 delato
327 4310 353 4364 ei
366 4311 524 4366 iuramento
535 4311 666 4365 veritatis
683 4310 827 4373 dicendae,
837 4312 912 4381 quod
931 4311 1073 4381 praestitit
1092 4312 1175 4365 tactis
1192 4310 1233 4365 Ss.
1248 4310 1298 4364 Dei
1313 4310 1398 4364 Evan-

223 4418 314 4487 geliis,
330 4418 385 4472 fuit
403 4434 453 4487 per
469 4434 515 4473 me
