3350 5100
367 284 434 350 210
880 308 963 355 rans
988 308 1024 355 11.

372 425 420 490 ef.
436 426 507 491 Dir.
523 426 663 493 Thomas
685 428 728 494 2·
748 430 805 495 2⁰·
823 436 951 515 quaest.
968 428 1026 505 33,
1048 436 1112 496 art.
1130 432 1153 496 6
1175 437 1206 497 et
1230 432 1262 505 7,
1286 438 1318 499 et
1339 440 1469 519 quaest.
1487 436 1548 510 68,

370 556 435 616 ort.
459 553 486 616 1.
518 552 734 628 Quamobrem
756 557 825 640 ipse
855 562 1021 642 promotor
1042 555 1161 623 fiscalis
1184 578 1227 623 ex
1253 558 1387 645 simplici
1420 561 1550 626 denun-

370 678 523 752 ciatione,
551 680 640 746 nullo
663 678 776 747 innixa
799 688 990 767 argumento
1016 690 1072 749 aut
1099 704 1142 749 ex
1165 683 1289 751 levibns
1315 684 1452 769 indiciis,
1481 708 1550 752 nou

366 810 471 887 potest
493 824 686 891 promovere
708 808 987 892 specialissimam
1004 812 1251 893 inquisitionem,
1268 810 1353 877 unde
1368 811 1457 877 fama
1479 812 1553 878 lae--

368 924 464 990 datur
485 928 638 1012 inquisiti.

457 1052 592 1125 Verum,
613 1055 645 1117 in
668 1054 732 1119 hoc
754 1056 963 1141 propositum,
981 1056 1196 1123 recedendum
1212 1064 1296 1124 esta
1313 1060 1435 1144 regulis
1450 1061 1550 1123 nimis

368 1176 548 1252 abstractis,
565 1198 645 1263 quas
659 1182 897 1249 concinnarunt
911 1182 1096 1247 canonistae
1112 1186 1145 1247 et
1160 1182 1369 1249 recolendum
1385 1188 1435 1249 est
1451 1186 1547 1269 prin-

329 1316 332 1321 ·
367 1302 485 1387 cipium
507 1302 629 1369 diserte
658 1305 855 1391 explicatum
881 1324 902 1370 a
924 1306 994 1371 Div.
1019 1306 1143 1372 'l'homa
1165 1308 1186 1373 t.
1211 1308 1263 1373 cit.
1289 1314 1322 1373 et
1347 1309 1381 1373 in
1407 1308 1545 1379 Quaeri.

238 1420 244 1430 ’
368 1426 462 1511 Βίῳ.
487 1428 537 1495 De
559 1434 697 1496 coerect.
720 1428 881 1512 frate-uc
911 1433 943 1495 in
974 1450 1067 1515 corp.
1092 1432 1208 1497 ort?
1237 1434 1284 1498 ita
1314 1438 1476 1518 arguente
1508 1432 1548 1499 de

367 1554 436 1640 ipso
459 1554 576 1621 delicto
598 1553 762 1643 (ρεσοαῑο)
783 1557 911 1622 occulto
937 1576 955 1621 ‹
981 1556 1111 1623 Deinde
1132 1557 1215 1643 qaia
1238 1576 1461 1625 couscrnurrn
1484 1576 1547 1625 nsr

366 1697 480 1745 ranan
511 1700 773 1762 enarraremus,
802 1681 833 1746 oi
862 1680 961 1747 aliter
989 1679 1102 1763 frater
1131 1678 1308 1747 emendari
1336 1700 1408 1747 eoo
1433 1688 1549 1765 potest

366 1824 471 1890 quom
505 1826 584 1872 cum
615 1805 794 1888 depondio
827 1804 962 1888 famae,
989 1805 1139 1891 finaliter
1169 1806 1337 1871 Dominae
1370 1806 1547 1874 erdem

365 1928 495 2016 (nempe
510 1932 542 1995 in
558 1936 650 1996 textu
662 1913 830 2018 Matthaei)
846 1936 884 1996 ut
894 1930 1031 2015 publice
1045 1931 1274 2012 denuntietur,
1289 1936 1327 1997 ut
1338 1930 1545 2019 obiurpotio,

252 2109 256 2119 .
368 2075 456 2142 quoe
477 2057 516 2141 fit
537 2074 560 2122 a
582 2056 742 2140 pluribus
771 2056 803 2123 ei
831 2056 875 2121 sit
904 2050 1093 2122 remedium
1119 2054 1272 2123 satutare
1296 2078 1326 2121 ι.
1350 2056 1546 2125 Emendatio

367 2188 473 2247 autem
496 2180 712 2265 delinquentis
733 2188 782 2247 est
801 2182 886 2247 ratio
909 2185 943 2246 et
965 2180 1210 2247 fundamentum
1225 2180 1432 2266 systhematis
1449 2201 1545 2266 poen.

367 2306 484 2372 eccles.
509 2305 563 2389 (cf.
588 2308 663 2372 Vol.
687 2303 748 2387 III,
772 2326 804 2371 n.
833 2304 886 2393 13)
908 2310 942 2372 et
964 2307 1029 2371 huc
1058 2304 1252 2371 adlaboraro
1279 2306 1373 2373 debet
1400 2312 1545 2391 potestas

366 2431 591 2497 Praelatornm
607 2410 761 2518 poenalis,
778 2450 893 2518 nempe
916 2436 952 2496 ut
967 2430 1158 2503 obtineatur,
1175 2434 1202 2496 si
1219 2429 1290 2497 fleri
1307 2433 1414 2517 possit,
1432 2412 1543 2496 emen·

365 2557 471 2639 datio,
482 2564 514 2623 et
532 2563 705 2644 praeterea
719 2562 874 2623 arceatur
889 2556 1085 2630 scandalum,
1102 2557 1129 2621 si
1149 2558 1275 2622 crimen
1295 2562 1344 2623 est
1366 2555 1542 2642 publicum.

363 2682 498 2757 Quando
517 2689 625 2749 antem
640 2681 704 2747 hoc
718 2687 769 2747 est
783 2682 962 2763 occultum,
977 2685 1101 2747 tantum
1117 2681 1330 2748 emendationi
1347 2661 1541 2747 studendum
1644 2675 1645 2680 ’

364 2815 415 2873 est
429 2814 462 2874 et
476 2810 573 2873 etiam
595 2809 636 2874 ab
660 2805 928 2873 admonitionibus
951 2805 1085 2892 publicis
1108 2805 1330 2871 abstinendum
1346 2841 1361 2852 -
1375 2805 1406 2871 si
1420 2807 1480 2890 (ait
1505 2807 1540 2870 D.

365 2933 425 2998 Th.
451 2935 470 2998 t.
496 2933 547 3000 cit.
572 2933 619 2999 ad
641 2933 725 3018 2an
748 2951 794 2999 ecc
812 2931 1042 3016 publicatione
1060 2931 1120 3016 piot
1142 2930 1290 2998 deterior
1305 2966 1321 2978 -
1336 2929 1539 3014 delinquens.

366 3059 469 3124 Hodie
486 3061 570 3124 enim
590 3059 795 3124 denunciatio
811 3059 942 3144 proprie
958 3055 1128 3122 iudicialis
1143 3057 1176 3120 in
1191 3054 1434 3122 desuetudinem
1451 3054 1537 3136 abiit,

363 3192 396 3250 et
419 3187 452 3249 in
474 3205 566 3249 more
589 3191 637 3248 est
659 3183 865 3248 denunciatio
887 3181 1093 3267 eoanpetioa·
1106 3185 1138 3245 et
1161 3181 1336 3245 canonica.

452 3309 606 3393 Equidem
630 3307 835 3372 denunciatio
858 3305 1030 3372 iudicialis
1052 3302 1236 3388 expostulat
1250 3319 1362 3368 omnes
1384 3303 1538 3368 conditio

361 3457 431 3516 nes,
455 3457 534 3523 quas
562 3436 698 3519 requirit
719 3434 892 3514 accusatio,
918 3437 1055 3516 excepta
1084 3435 1203 3502 tamen,
1226 3429 1449 3512 inscriptione
1455 3447 1471 3510 ,·
1495 3430 1538 3492 ita
1637 3449 1638 3487 ι

364 3563 579 3628 communiter
593 3561 676 3626 DD.:
693 3559 735 3624 ci.
760 3557 940 3642 Schmalzg.
957 3556 989 3621 h.
1003 3561 1026 3620 t.
1045 3555 1117 3621 170.
1135 3591 1150 3602 ·
1168 3557 1248 3620 item
1264 3552 1343 3618 illud
1358 3556 1409 3618 est
1424 3553 1535 3637 singu·

362 3686 433 3750 lare
456 3687 489 3749 in
513 3683 769 3753 denunciatione,
791 3685 826 3747 ut
849 3679 1046 3745 denuncians
1068 3677 1184 3743 debeat
1206 3677 1240 3742 in
1262 3680 1337 3742 actu
1361 3675 1537 3740 denuncia-

360 3813 458 3877 tionis
488 3809 629 3896 pandere
651 3811 853 3893 argumenta,
881 3809 991 3884 testes,
1014 3804 1244 3876 instrumente;
1268 3800 1341 3865 dum
1365 3805 1536 3866 accusator
1633 3809 1634 3812 ’

360 3939 421 4002 ista
444 3935 565 4002 evolvit
579 3940 611 4000 et
627 3935 769 4018 explicat
782 3934 816 3996 in
831 3949 1007 4016 progressu
1021 3928 1249 4002 accusationis;
1267 3935 1300 3993 et
1322 3928 1454 4013 planum
1478 3905 1534 3992 est.

450 4061 602 4127 Ceterum
624 4079 690 4124 non
711 4061 808 4123 vacat
829 4056 973 4142 singulas
1003 4054 1205 4139 quaestiones
1227 4051 1302 4118 heic
1332 4050 1535 4137 perpendere

360 4208 380 4252 a
403 4188 577 4253 canonistis
599 4187 746 4271 agitatas,
761 4167 817 4250 'nti
840 4181 953 4247 videre
977 4184 1025 4246 est
1047 4179 1131 4266 apud
1156 4173 1323 4244 Reiffenst.
1341 4177 1372 4242 h.
1389 4178 1412 4242 t.
1428 4195 1463 4242 a.
1490 4177 1535 4242 89

361 4335 440 4398 seq,
464 4318 498 4378 et
519 4312 624 4377 Bouix
643 4329 679 4394 p.
701 4309 748 4374 44
770 4327 818 4392 sq.
844 4309 888 4373 At
910 4307 969 4391 ipsi
992 4305 1189 4386 canonistae,
1206 4307 1316 4388 utpote
1338 4302 1420 4366 nulli
1444 4306 1534 4366 certo

359 4440 422 4504 iuri
445 4439 567 4518 innixi,
592 4437 625 4499 in
654 4435 836 4500 contrarias
866 4429 1042 4497 sententias
1072 4429 1191 4494 abeunt
1214 4435 1246 4492 et
1270 4423 1403 4490 infinitis
1427 4425 1531 4512 impli-
