3350 5100
374 283 440 352 422
882 305 967 354 rans
990 305 1041 352 111.

372 427 440 495 siat
450 427 679 516 prooueimae
695 447 828 502 caueae,
844 449 950 514 saper
965 429 1089 515 quibas
1102 430 1248 516 copailio
1272 436 1304 496 et
1322 429 1482 496 indiciue
1497 432 1543 496 ad

371 557 511 640 pteram
534 553 828 642 conprepatioaem
847 555 1042 640 pertinet».

463 678 643 743 Praeterea
666 675 722 744 die
744 678 767 742 6
791 678 884 745 lanii
907 678 997 744 1847
1027 677 1141 744 endem
1164 677 1196 744 S.
1221 678 1257 744 (l.
1280 685 1318 744 at
1347 677 1549 746 satisfaceret
1635 690 1636 695 ’

254 837 259 848 ·
373 805 499 870 iteratis
523 805 692 876 instantiis,
717 802 831 887 quibus
854 803 1121 890 expostulabatur
1142 804 1349 870 interventus
1370 803 1548 870 defensoris

374 929 422 993 rei
445 928 480 993 in
503 928 650 1013 plenaria
673 929 803 992 comitia
826 929 894 994 EE.
920 926 996 1001 ΡΡ.,
1020 929 1084 994 hoe
1106 927 1226 1013 prodiit
1249 930 1444 1013 rescriptam
1465 928 1549 1011 qnod

372 1051 471 1116 latine
488 1049 605 1116 reddo:
634 1051 663 1135 l)
688 1050 730 1116 Ia
744 1050 866 1116 iisdem
882 1049 1100 1117 convertebas
1113 1049 1147 1115 S.
1168 1047 1205 1116 0.
1220 1051 1289 1116 llll.
1305 1056 1338 1116 et
1352 1049 1427 1116 llll.
1443 1070 1549 1135 paam

373 1175 549 1243 habebitur
576 1175 698 1242 relatio
733 1193 920 1242 causarum
950 1175 1203 1251 criminalium,
1229 1182 1373 1259 praeter
1404 1176 1549 1243 induem

372 1303 555 1368 relatorem
574 1305 605 1366 et
628 1305 890 1382 procuratorem
912 1301 1110 1386 peaeralem
1132 1300 1213 1385 fisci,
1239 1301 1333 1367 meae
1362 1301 1420 1385 fiet
1449 1300 1549 1366 etiam

372 1426 424 1492 rei
446 1424 619 1509 doleam
642 1430 701 1492 aut
728 1424 863 1508 publiea
886 1431 946 1491 aut
964 1425 1103 1508 privato
1133 1423 1333 1509 (dammodo
1360 1425 1419 1490 ille
1442 1444 1487 1492 ea·
1508 1426 1550 1492 lia
1635 1436 1636 1503 ἶ

373 1551 415 1616 sit
435 1552 501 1618 rite
519 1549 708 1635 probatae).
733 1550 767 1636 2)
787 1549 999 1618 &coaretor
1020 1551 1093 1636 fisci
1114 1552 1286 1638 peueralie
1307 1570 1390 1618 utos
1410 1551 1548 1618 deducet
1635 1616 1637 1637 ,

373 1676 622 1744 obseruationes
640 1681 711 1742 tam
734 1675 772 1741 ia
793 1674 896 1759 facto,
914 1682 986 1742 tam
1007 1677 1044 1742 ia
1063 1676 1140 1742 iure
1160 1683 1191 1743 et
1204 1695 1287 1744 suaa
1300 1675 1407 1760 factet
1421 1679 1549 1744 concla-

372 1800 493 1867 riores
506 1800 540 1882 3)
553 1799 617 1866 Rei
628 1799 788 1883 defensor
803 1799 989 1883 amplicabit
1002 1798 1344 1884 medlo-deseaaioaie,
1357 1800 1481 1886 qulbus
1492 1821 1549 1884 po

375 1925 451 1992 terit
469 1929 616 2008 promat.
630 1925 756 2010 fiscalia
769 1925 939 2008 replicare
954 1931 987 1990 et
1000 1923 1162 2008 defermr
1175 1926 1228 1991 rei
1242 1945 1361 2010 sapae,
1379 1933 1547 2010 postremo

373 2053 456 2130 loco,
471 2047 670 2132 facultatem
686 2048 847 2133 loquendi
862 2047 1003 2114 babebit.
1021 2047 1158 2132 allude
1172 2053 1245 2115 tam
1254 2055 1468 2132 procurator
1480 2050 1548 2130 fisci

373 2173 561 2260 peaeralis,
585 2177 657 2240 tura
688 2170 848 2254 defensor
869 2173 1025 2239 recedent
1053 2191 1076 2238 a
1107 2177 1289 2254 coaventu,
1320 2174 1381 2239 sed
1403 2173 1549 2240 manaa

373 2300 481 2366 iudea
509 2300 638 2366 relator
667 2303 705 2364 at
735 2298 998 2365 dilucidatiouea
1027 2299 1217 2381 cuppeditet
1248 2299 1313 2365 eibi
1341 2299 1548 2383 acquisitam

292 2423 296 2428 ’
375 2425 442 2491 llll.
467 2424 538 2491 PP.
563 2443 642 2490 aero
665 2423 834 2510 cantapia
856 2422 968 2506 sereret
991 2425 1029 2488 ia
1051 2442 1176 2490 caueae
1198 2423 1441 2509 detlaffioaem.

464 2550 564 2615 Hisce
587 2547 726 2615 decretis
749 2545 862 2613 eadem
885 2547 917 2615 S.
934 2547 1054 2635 Gongr.
1074 2548 1184 2633 aliqua
1205 2568 1248 2615 ex
1271 2556 1375 2635 parte,
1392 2550 1549 2637 derogan-

375 2675 448 2740 dum
468 2694 539 2741 esse
555 2646 709 2753 decrerit,
724 2672 764 2738 ob
781 2676 962 2758 temporum
978 2677 1011 2739 et
1026 2674 1137 2738 curiae
1153 2694 1234 2739 rom.
1250 2679 1373 2739 mutata
1387 2675 1547 2741 adiuncta.

375 2800 459 2865 Sane
481 2817 675 2884 perpensum
697 2796 776 2879 fuit,
805 2816 870 2862 non
901 2795 1056 2883 expedire
1082 2797 1160 2880 ipsa
1185 2817 1368 2883 processus
1395 2806 1476 2867 acta
1506 2801 1547 2865 rei

374 2924 536 2991 defensori
559 2922 700 2993 tradere.
717 2923 763 2989 uti
780 2920 1001 3007 praecipiebat
1017 2922 1090 2987 ldtt.
1109 2920 1225 2991 circat.
1242 2942 1272 2988 a.
1290 2924 1388 2989 1851.
1408 2926 1549 3009 Itemque

373 3070 438 3115 non
461 3049 597 3133 amplius
620 3046 774 3131 expedire
797 3048 901 3111 visum
917 3047 1030 3111 estrei
1053 3046 1257 3113 defensorem
1276 3046 1453 3114 admittere
1472 3048 1549 3134 apud

375 3175 442 3239 ΕΕ.
459 3171 576 3239 Patres
590 3174 623 3237 in
639 3172 786 3257 plenario
802 3178 971 3249 conventu,
988 3169 1214 3245 deliberantes,
1231 3172 1433 3257 proindeque
1448 3192 1549 3257 neque

375 3304 620 3385 procuratorem
644 3294 712 3363 fisci
736 3296 918 3383 generalis3
942 3295 998 3361 sed
1013 3297 1063 3360 rei
1079 3295 1242 3361 defensori
1264 3294 1455 3362 facultatem
1472 3295 1550 3362 suffi-

375 3442 453 3490 cere
483 3418 673 3488 eonfleiendi
702 3419 1001 3486 animadversiones
1023 3420 1091 3485 EE.
1120 3420 1198 3501 ΡΡ.,
1222 3413 1352 3506 scriptis
1379 3426 1437 3487 aut
1469 3423 1549 3508 typis

375 3548 476 3614 editas
498 3545 751 3621 distribuendas;
775 3545 815 3610 ad
835 3564 969 3631 operam
991 3562 1072 3610 vero
1095 3544 1304 3629 supplendam
1328 3548 1549 3630 procuratoris

375 3669 501 3744 fiscalis,
518 3670 577 3755 ipsi
599 3670 710 3735 euriae
725 3686 748 3734 a
763 3686 833 3753 qao
855 3666 1067 3753 significanda
1086 3686 1158 3733 esse
1180 3685 1263 3751 quae
1285 3667 1398 3733 forsan
1422 3671 1549 3735 noviter

375 3794 512 3862 deducta
527 3794 589 3860 sint
605 3799 640 3859 ut
655 3794 719 3858 ista
730 3811 804 3858 suas
818 3792 961 3858 referret
970 3791 1193 3877 allegationes.
1207 3791 1279 3856 Hae
1295 3811 1432 3858 normae
1448 3794 1548 3861 editae

375 3918 508 3985 fuerunt
523 3920 556 3983 in
572 3917 704 3983 decreto
720 3916 751 3983 S.
770 3916 804 3982 G.
818 3916 886 3980 ΕΕ.
903 3920 937 3981 et
952 3916 1027 4007 RR.¹
1041 3915 1109 3981 diei
1123 3915 1174 3980 26
1189 3914 1312 3981 Martii
1326 3914 1418 3982 1886
1434 3915 1547 3982 dictam

375 4043 616 4128 derogationem
639 4060 698 4108 sex
724 4040 873 4107 articulis
897 4040 1003 4119 italice
1026 4041 1191 4125 conceptis
1213 4042 1258 4106 ita
1284 4038 1444 4113 edicente,
1470 4041 1547 4125 quod

375 4170 474 4235 latine
498 4166 668 4248 redditum,
697 4172 746 4233 est
772 4166 936 4250 sequentis
965 4167 1105 4231 tenoris:
1132 4185 1151 4231 e
1176 4168 1201 4233 Ι.
1226 4165 1396 4248 Defensor
1419 4168 1472 4233 rei
1493 4173 1547 4234 eat

374 4312 525 4374 reorum,
547 4292 742 4378 eelipeadae
771 4290 862 4357 iuter
883 4290 1068 4359 aduocatos
1091 4310 1113 4357 a
1137 4288 1197 4357 SS.
1225 4290 1547 4378 concrepationibus

376 4417 592 4500 adprobator,
602 4416 744 4499 praeuio
760 4420 917 4482 consueto
933 4415 1095 4497 deposito,
1105 4420 1206 4485 ,caute
1221 4414 1448 4501 copritioaem
1459 4434 1547 4482 asaal·
