3350 5100
319 298 385 363 410
831 324 912 371 raas
938 324 987 369 111.

317 443 403 509 bitur
426 446 458 508 iu
482 443 620 529 quodam
642 444 795 513 Marum
818 448 932 513 codice
955 468 1110 534 expresse
1142 450 1289 515 ordinato
1312 458 1347 515 et
1368 469 1388 513 a
1410 450 1490 517 iudi·

319 569 425 643 cibus,
454 570 506 653 qui
526 568 772 653 interfuerunt,
803 572 1017 638 subscribitur
1041 581 1073 639 ot
1095 594 1116 639 a
1138 575 1336 639 cancellario
1367 584 1401 643 et
1431 594 1495 641 una

286 713 289 718 ⁴
318 695 412 759 simul
437 715 497 781 per
527 714 712 771 cursorem,
743 696 780 761 in
810 698 923 779 copia,
956 698 1096 763 traditur
1126 704 1278 765 accusato
1299 722 1329 763 a.
1363 701 1401 764 ln
1433 700 1496 765 hoc

317 821 456 886 articulo
479 822 675 905 potissimum
699 825 811 907 priora
826 811 936 889 ¹verba
958 822 1181 907 advertantur,
1204 825 1280 909 quia
1310 830 1418 909 posset
1440 823 1494 889 ob·

318 967 431 1013 norme
454 947 567 1018 videri,
584 968 765 1013 sermonem
789 948 903 1013 baberi
928 949 968 1015 de
992 956 1087 1017 texta
1108 951 1295 1017 sententiae
1318 950 1494 1021 exarando.

318 1079 484 1157 postquam
508 1092 597 1156 pars
618 1074 826 1157 dispositiva,
852 1064 894 1139 e'x
917 1082 978 1140 art.
1004 1078 1079 1150 451,
1104 1078 1165 1141 iam
1197 1076 1316 1141 tradita
1346 1080 1396 1141 est
1419 1096 1494 1141 can·

318 1198 462 1264 cellario.
488 1198 639 1263 Iamvero
661 1217 812 1264 eaarare
839 1200 1037 1265 sententiam
1069 1206 1130 1281 est,
1163 1218 1234 1265 eam
1258 1202 1290 1265 in
1314 1220 1373 1265 suo
1401 1205 1496 1267 tescia

317 1317 486 1405 perticere,
498 1319 615 1385 additis
626 1322 710 1406 parti
724 1321 941 1404 dispositivae
957 1321 1101 1408 partibus
1112 1322 1293 1389 namatica
1311 1328 1344 1388 et
1358 1323 1494 1389 metica

408 1446 484 1525 345.
509 1446 572 1511 Sed
595 1447 773 1530 quaeritur,
797 1446 837 1511 de
860 1448 931 1511 iure
951 1448 1095 1530 positivo
1128 1468 1213 1519 can,
1237 1470 1280 1513 an
1310 1450 1496 1514 necessario

318 1570 465 1635 addenda
486 1573 528 1637 sit
550 1591 626 1656 pars
640 1572 822 1638 narnatino
845 1576 878 1637 et
899 1573 1034 1638 motiva.
1062 1574 1166 1639 Porro
1189 1574 1229 1639 ad
1253 1574 1302 1639 ius
1326 1592 1496 1639 commune

319 1694 402 1781 quod
424 1698 558 1769 attinet,
583 1716 682 1781 supra
705 1698 737 1761 in
760 1696 1009 1783 prolegomenis,
1034 1697 1199 1763 docuimus
1225 1701 1402 1765 sententias
1431 1718 1496 1763 non

318 1842 391 1887 esse
412 1822 575 1907 periectas
599 1823 658 1887 nisi
684 1824 872 1887 contineant
887 1824 982 1887 etiam
999 1829 1123 1907 partem
1139 1824 1303 1891 motivam
1318 1844 1376 1890 sen
1390 1824 1494 1889 ratio·

318 1969 378 2016 nes
408 1948 596 2015 deddcndi.
621 1948 717 2013 Modo
741 1968 784 2013 ex
808 1950 876 2033 ipso
899 1952 991 2013 textu
1018 1955 1080 2013 art.
1106 1951 1237 2015 XXXV
1269 1950 1497 2015 Instructionis

318 2095 384 2140 non
418 2046 557 2142 obscure
589 2074 747 2147 innuitur,
778 2076 959 2139 sententiae
989 2074 1288 2142 condemnandae
1317 2075 1496 2141 addendam

318 2219 391 2265 esse
410 2203 547 2281 partem
569 2218 695 2282 quoque
717 2198 880 2265 motivam
885 2217 899 2281 ;
922 2198 967 2262 ait
986 2200 1070 2261 enirn
1095 2204 1157 2263 art.
1184 2198 1311 2281 «sacta
1333 2198 1497 2282 adplicita

318 2325 501 2401 vacatione,
525 2324 563 2389 in
586 2342 669 2390 casn
692 2323 934 2404 damnationis,
959 2324 1001 2389 dc
1016 2325 1188 2391 sanctione
1211 2326 1377 2392 canonica
1397 2344 1495 2391 acca

318 2456 391 2519 sato
414 2452 590 2536 applicata
605 2472 635 2516 a.
662 2452 760 2535 Atqui
784 2470 967 2516 memorare
990 2450 1198 2517 sanctionem
1221 2450 1424 2517 canonicam
1447 2456 1498 2516 est

319 2578 468 2644 recolere
491 2580 594 2664 ipsum
617 2578 698 2664 legis
720 2577 867 2663 poenalis
889 2577 1080 2650 articulum,
1108 2597 1202 2663 quem
1225 2575 1396 2644 offendisse
1419 2598 1496 2642 reus

318 2701 548 2766 condemnatus
572 2701 717 2767 edicitur.
744 2700 835 2765 Haec
858 2705 965 2765 autem
989 2701 1119 2774 mentio,
1137 2701 1198 2766 nisi
1217 2701 1398 2766 consentiat
1421 2720 1497 2766 cum

317 2827 396 2894 facti
418 2829 527 2912 specie
550 2833 584 2893 et
606 2825 822 2913 peculiaribus
846 2825 923 2890 facti
954 2825 1113 2890 adiunctis
1136 2828 1169 2890 in
1192 2845 1347 2910 processu
1371 2827 1496 2908 evictis,

319 2952 441 3016 nullam
457 2953 682 3017 auctoritatem
698 2950 868 3016 conferret
891 2951 949 3035 ipsi
973 2952 1167 3026 sententiae;
1192 2969 1274 3034 quae
1291 2951 1365 3016 dum
1382 2952 1498 3016 recolit

319 3077 491 3142 articulum
521 3079 698 3142 canonicae
728 3077 903 3141 sanctionis
933 3095 972 3141 eo
1004 3077 1138 3141 consilio
1170 3096 1211 3141 ne
1237 3075 1386 3142 videatur
1416 3097 1495 3142 con-

319 3205 479 3283 demnatio
505 3205 642 3288 simplici
667 3202 782 3269 iudicis
804 3205 940 3288 imperio
968 3203 1060 3278 ferri,
1083 3204 1184 3268 nihilo
1208 3205 1313 3268 minus
1336 3204 1498 3269 sententia

319 3328 486 3394 videretur
508 3327 705 3399 arbitraria,
729 3328 757 3392 si
779 3347 845 3392 non
869 3332 977 3411 pateat
1000 3346 1136 3411 quonam
1161 3347 1249 3392 nexu
1272 3327 1496 3394 condemnatio

319 3455 535 3540 coniungatur
561 3473 634 3518 cum
661 3453 734 3539 lege
761 3453 898 3538 poenali.
926 3487 943 3500 -
974 3453 1149 3518 Praeterea
1176 3453 1295 3518 mentio
1320 3453 1497 3518 sanctionis

319 3581 499 3667 applicatae
511 3581 545 3645 in
557 3579 813 3660 condemnatum,
826 3577 937 3664 pandit
948 3579 1049 3662 ipsum
1067 3577 1342 3644 condemnationis
1354 3580 1496 3654 titulum;

319 3724 423 3788 quem,
440 3705 468 3770 si
483 3705 650 3790 appellare
665 3703 724 3768 sibi
740 3701 895 3788 expedire
914 3699 1102 3783 arbitretur,
1119 3701 1350 3768 condemnatus
1365 3704 1498 3787 impetat

319 3849 379 3912 per
402 3830 587 3894 instantiam
606 3827 842 3913 appellationis.
862 3825 930 3892 -Si
954 3827 1113 3892 sententia
1136 3832 1185 3892 est
1207 3826 1425 3901 absolutoria,
1443 3847 1497 3892 res

319 3952 500 4037 expeditior
523 3958 579 4018 est.
597 3950 722 4018 Sufficit
736 3952 822 4016 enim
839 3950 1016 4014 enunciare
1038 3969 1082 4014 ex
1097 3950 1181 4017 actis
1201 3956 1234 4017 ot
1254 3952 1408 4035 probatis
1431 3971 1495 4015 non

319 4083 480 4152 constare,
505 4079 633 4152 Titium,
658 4081 853 4148 accusatum,
880 4075 1022 4140 criminis
1046 4075 1146 4140 fuisse
1169 4082 1346 4142 auctorem.

408 4203 653 4289 aecneaque
677 4223 742 4268 non
765 4207 862 4267 vacat
885 4197 1073 4266 difficultate
1102 4207 1164 4266 art.
1189 4202 1338 4267 XXXVI
1370 4199 1494 4266 Instru-

319 4326 435 4392 ctionis
452 4329 654 4414 praecipiens
673 4325 881 4392 «Sententia
896 4324 1058 4390 indicitur
1072 4343 1140 4398 reo,
1158 4327 1218 4409 qni
1234 4327 1496 4409 appeliationem

318 4449 535 4534 interponere
550 4454 639 4518 vaiet
661 4452 708 4518 ad
729 4451 944 4534 asperiorem
960 4449 1072 4514 eccles.
1085 4455 1285 4531 potestatem
1303 4472 1331 4516 s.
1349 4451 1494 4533 Namque
