3350 5100
326 286 394 353 332
844 308 926 355 psas
953 308 987 354 11.

326 417 382 477 aut
396 410 572 495 absolutio,
589 414 670 477 nihil
686 414 835 498 probibet
851 417 1020 498 quominus
1036 414 1180 481 eamdem
1197 415 1389 481 sententiam
1405 416 1504 499 impe-

326 540 397 601 tant
408 537 623 621 appellatione
638 544 671 604 et
686 545 852 623 promotor
864 537 982 605 fiscalis
997 546 1031 605 et
1046 539 1288 613 condemnatus
1302 542 1435 623 quisque
1447 558 1505 624 pro

326 679 367 725 ea
388 666 491 747 parte,
508 681 590 745 quae
613 664 711 749 ipsius
733 666 902 730 intentioni
923 662 1125 730 contradicit.
1148 666 1295 749 -Neque
1318 663 1504 749 repellenda

325 786 376 846 est
398 783 572 867 appellatio
593 784 758 851 incidens.

415 904 492 971 261.
517 908 563 973 De
592 909 808 995 appellatione
837 910 1000 976 incidenti
1030 911 1114 977 baec
1144 914 1329 977 teneantur.
1354 910 1507 996 Appella·

326 1034 446 1098 tionem
468 1054 622 1099 vocamus
640 1038 882 1119 principalem,
898 1056 993 1121 quam
1016 1038 1085 1103 sive
1109 1044 1275 1122 promotor
1295 1036 1422 1107 llsoalis.
1439 1038 1508 1101 sive

326 1154 558 1225 condemnatus
580 1128 790 1244 interponunt
804 1159 927 1226 directe
951 1163 984 1225 in
1008 1180 1099 1226 suum
1116 1161 1331 1235 commodum
1355 1160 1507 1227 inciden-

328 1285 393 1387 tem
409 1302 488 1346 vero
504 1302 575 1347 eam
591 1282 725 1349 dicimus
740 1286 987 1369 appellationem
1003 1285 1043 1352 ab
1059 1287 1164 1351 altero
1181 1286 1374 1371 litigantium
1387 1286 1506 1349 instau-

326 1413 441 1483 ratam,
461 1412 551 1494 quasi
573 1428 639 1493 per
661 1410 814 1477 incidens
837 1416 870 1475 et
892 1411 1067 1479 occasione
1092 1412 1317 1498 appellationis
1340 1411 1379 1475 ab
1403 1410 1507 1475 altero

326 1532 390 1595 iam
405 1533 609 1599 introductae
626 1535 657 1597 in
674 1536 842 1599 sententiis
859 1554 962 1619 neque
978 1536 1072 1619 plene
1089 1534 1386 1613 condemnatoriis,
1403 1550 1509 1616 neque

327 1655 422 1740 plene
442 1656 665 1724 absolutoriis.
691 1660 772 1723 Nam
797 1660 824 1723 si
847 1661 1022 1744 contingat,
1040 1666 1075 1726 ut
1091 1664 1166 1743 puta
1184 1664 1401 1745 promotorem
1417 1655 1506 1723 lisca·

326 1782 390 1846 lem
414 1782 581 1867 appellare
603 1782 644 1847 ab
667 1783 820 1849 eiusmodi
837 1786 1008 1857 sententia,
1025 1804 1121 1869 quam
1136 1784 1303 1869 appellare
1327 1802 1389 1849 non
1407 1784 1508 1847 intan-

327 1905 423 1971 debat
447 1926 531 1979 rens,
555 1908 619 1981 bic,
643 1909 803 1992 pendente
825 1910 1052 1994 appellatione,
1077 1914 1192 1994 potest,
1216 1914 1338 1975 mutato
1362 1906 1508 1987 consilio,

327 2032 484 2117 impetere
502 2035 693 2099 sententiam
718 2035 751 2098 in
776 2040 869 2117 parte
892 2034 951 2099 sibi
974 2032 1130 2100 adversa:
1148 2032 1282 2119 proinde
1299 2034 1381 2099 haec
1396 2032 1508 2117 appel·

329 2155 407 2220 latio
436 2156 555 2223 dieitur
576 2159 739 2225 incidens.

418 2283 601 2367 Appellatio
624 2288 673 2348 est
695 2283 951 2359 susisaniana,
975 2292 1032 2351 aut
1047 2283 1324 2351 emtraiudicialis
1347 2286 1506 2366 quatenns
1538 2266 1546 2285 ’

330 2407 546 2490 interponitur
568 2426 588 2470 a
610 2409 799 2490 gravamine
829 2408 881 2471 vel
912 2406 1105 2473 iudicialiter
1130 2408 1183 2471 vel
1215 2404 1506 2473 extraiudicialiter

327 2508 444 2593 inlata
464 2565 482 2578 -
507 2528 722 2616 Appellationi
746 2531 930 2615 aequivalet
953 2530 1151 2618 beneficiam
1174 2551 1283 2598 nonae
1310 2532 1508 2598 audientiae

327 2675 390 2740 quo
402 2657 524 2720 utimur
535 2656 619 2740 apud
636 2655 689 2722 SS.
704 2655 979 2742 Congregationes
998 2658 1168 2724 Romanas.
1184 2657 1232 2723 Ol.
1250 2657 1321 2721 Vol.
1340 2627 1365 2730 1ss
1383 2677 1414 2721 n.
1430 2657 1506 2722 655.

323 2754 325 2757 Ι
418 2782 543 2846 Verum
566 2782 738 2866 appellatio
761 2781 942 2849 instaurari
962 2803 1026 2874 non
1056 2784 1158 2858 valet,
1183 2783 1243 2848 nisi
1275 2783 1362 2848 intra
1394 2782 1506 2848 decem

327 2904 395 2970 dies
418 2905 462 2971 ab
484 2905 576 2972 edila
598 2907 649 2972 vel
676 2925 698 2971 a
721 2908 929 2974 monetata
951 2909 1129 2980 sententia,
1160 2927 1221 2991 quo
1253 2907 1375 2992 dilapso
1404 2906 1507 2989 fatali

328 3037 482 3114 tempore,
498 3030 703 3115 appellationi
727 3031 864 3116 amplius
880 3051 944 3096 non
966 3037 1015 3096 est
1036 3032 1136 3097 locus.
1158 3031 1374 3117 -Suppetunt
1396 3037 1504 3096 antem

329 3151 472 3217 remedia
494 3153 786 3224 entraordinariis,
803 3154 903 3218 veluti
923 3155 1064 3237 quercia
1079 3155 1245 3221 nuditatis
1260 3153 1421 3220 adversus
1437 3173 1507 3219 sen-

328 3276 454 3347 tentias,
479 3293 560 3357 quae
583 3274 696 3339 valore
719 3241 888 3342 destiiutae
905 3295 983 3342 sana
1005 3276 1145 3342 transire
1167 3296 1231 3341 non
1248 3277 1410 3342 valentin
1433 3295 1508 3342 rem

328 3398 525 3464 indicatam.

418 3523 499 3589 Item
523 3541 674 3588 recursus
696 3523 736 3587 ad
762 3525 947 3607 Principem
976 3530 1024 3590 est
1054 3526 1230 3592 remedium
1262 3525 1506 3592 entraordina-

328 3649 421 3714 rinm
445 3669 505 3733 pro
529 3647 730 3733 impetranda
745 3669 766 3712 a
787 3670 892 3735 poena
915 3651 1167 3733 dispensatione
1190 3669 1247 3718 seu
1269 3651 1385 3737 aratia
1410 3651 1508 3716 Prin-

328 3777 419 3859 cipis,
431 3794 525 3859 quam
538 3773 718 3840 concedere
730 3794 859 3858 semper
870 3775 958 3840 valet
970 3776 1144 3861 Supremos
1158 3777 1322 3861 Princeps,
1335 3775 1508 3860 aliquando

329 3898 511 3965 concedunt
534 3899 629 3964 etiam
654 3898 825 3982 inferiores
858 3881 1040 3971 Praesules.
1070 3919 1127 3965 seu
1153 3899 1317 3966 Ordinarii
1350 3869 1505 3968 locorum.

329 4025 434 4107 prouti
469 4023 700 4107 explicavimus
735 4026 869 4107 agentes
903 4023 946 4088 de
983 4022 1299 4106 dispensationibus.
1332 4023 1407 4088 Vol.
1446 4025 1505 4092 111.

329 4167 360 4211 n.
384 4148 448 4212 109
464 4167 509 4230 sq.
528 4147 601 4213 Huc
624 4151 772 4232 spectant
793 4166 875 4230 quae
899 4166 997 4232 supra
1020 4147 1228 4214 disseruimus
1253 4147 1293 4214 de
1315 4147 1505 4216 abolitione.

418 4268 480 4335 Sed
502 4270 639 4335 ulterius
655 4289 719 4334 non
736 4269 981 4336 immorabimur
996 4271 1029 4335 in
1046 4271 1136 4337 hisce
1159 4271 1308 4336 remediis
1325 4277 1392 4338 tum
1416 4270 1504 4336 ordi·

329 4393 449 4473 aaran,
466 4400 533 4458 tum
554 4367 845 4461 entraordinariis
869 4395 1055 4462 evolvendis
1079 4416 1120 4463 ne
1144 4403 1251 4464 actum
1275 4415 1375 4482 agere
1398 4394 1505 4461 videa·
