3350 5100
311 288 377 353 318
459 360 461 363 ,
824 307 907 353 eins
940 308 975 352 11.

311 430 501 515 giosissime.
526 432 568 494 Et
590 432 623 494 in
647 430 707 495 hor
725 432 873 496 consistit
891 431 1084 512 pesculum
1101 450 1272 515 processus
1292 431 1488 515 inquisitiei,

312 556 386 637 quia
408 556 468 639 ipsi
492 555 589 620 iudici
605 553 702 619 datur
716 555 901 621 arbitrium
916 554 1152 620 determinandi
1169 562 1277 621 certos
1293 554 1489 621 defensionis

312 679 443 743 limites.

400 802 476 866 246.
493 802 584 876 Quod
610 804 659 867 ius
683 802 879 867 defensionis
904 804 995 889 large
1018 784 1153 889 intelligi
1171 802 1266 869 debet
1284 804 1373 869 adeo.
1391 810 1424 867 ut
1450 824 1490 867 ne

313 946 370 992 reo
393 928 521 1011 quidem
552 928 706 1010 confesso
737 930 779 993 sit
808 928 1044 1013 denegandum.
1070 929 1142 995 Hoc
1174 934 1270 995 caute
1300 930 1491 995 advertatur

312 1053 397 1134 quia.
420 1049 504 1134 apud
527 1053 744 1136 pragmaticos
766 1051 839 1134 fori
861 1053 976 1125 ciuilis,
1004 1054 1097 1117 nimis
1120 1052 1218 1119 facile
1238 1055 1421 1118 invocatum
1441 1062 1488 1118 est

312 1175 443 1241 celebre
473 1175 713 1242 brocardicum
736 1198 793 1242 sen
815 1174 946 1243 effatum
973 1194 991 1241 ιι
1015 1178 1052 1242 ia
1075 1178 1247 1260 confessos
1269 1180 1386 1244 nullae
1411 1184 1490 1243 sunt

307 1305 426 1381 portes
447 1298 570 1364 iudicis
588 1299 656 1393 misi
678 1300 716 1363 in
738 1301 1031 1367 condemnando»
1051 1298 1108 1385 (l).
1133 1300 1244 1376 Quoad
1269 1302 1397 1386 praxim
1420 1301 1491 1384 fori

312 1424 424 1489 eccles.
441 1422 590 1488 audiatur
604 1424 781 1508 Pellegrini
793 1425 815 1488 l.
828 1425 881 1490 cit.
897 1425 980 1490 Sect.
995 1426 1036 1504 X,
1053 1445 1086 1489 n.
1103 1424 1156 1497 21,
1174 1443 1241 1507 seq.
1264 1446 1282 1487 ιι
1299 1426 1350 1489 An
1367 1425 1489 1488 scilicet

312 1548 517 1635 defepsiones
531 1550 597 1614 sint
612 1568 669 1613 reo
693 1550 877 1613 examinato
894 1551 1077 1615 necessario
1094 1549 1218 1614 dandae
1234 1552 1303 1614 sive
1323 1550 1489 1615 consessus

312 1673 412 1737 inerit
425 1671 577 1737 delictum
600 1674 668 1737 sive
684 1691 758 1742 non,
776 1673 949 1739 notandum
967 1676 1039 1746 erit,
1057 1674 1140 1757 qnod
1158 1674 1335 1739 communis
1351 1680 1491 1739 steorte

311 1798 476 1863 conclusio
507 1799 649 1862 omnium
677 1796 741 1860 DI).
770 1799 898 1862 nemine
921 1817 1054 1889 prorsus
1077 1799 1285 1883 discrepante
1317 1806 1382 1871 est,
1406 1797 1490 1882 quod

313 1942 406 1987 nemo
441 1923 718 2006 qualitercumque
752 1922 928 2003 confessus
962 1926 994 1987 in
1025 1924 1246 1989 criminalibus
1280 1906 1488 1989 condemnari

311 2051 417 2129 potest
448 2046 508 2109 nisi
537 2047 626 2129 prius
656 2046 841 2131 assignetur
871 2046 917 2110 illi
947 2049 1106 2111 terminus
1133 2046 1172 2111 ad
1203 2048 1384 2113 iaciendum
1416 2066 1490 2112 suas

311 2169 519 2234 defensiones
521 2217 573 2233 .....
597 2166 710 2235 Potest
735 2172 821 2235 enim
849 2172 966 2252 primo
992 2171 1104 2236 dicere
1132 2170 1216 2255 quod
1243 2172 1404 2238 consessio
1430 2172 1490 2237 fuit

312 2293 593 2366 emireiudicialis
611 2312 693 2376 quae
716 2312 781 2357 non
804 2292 922 2358 sufficit
945 2293 1230 2378 adprobationem
1255 2295 1407 2361 delicti....
1433 2296 1490 2361 Se-

313 2418 436 2498 made,
453 2418 513 2483 etsi
529 2416 690 2482 confessio
706 2416 793 2482 facta
809 2417 909 2485 luerit
930 2418 967 2483 in
990 2418 1127 2493 iudicio,
1145 2438 1310 2504 opponere
1332 2425 1437 2505 potest
1451 2419 1492 2485 de

312 2542 564 2627 incompetentia
579 2542 711 2618 iudicis;
737 2561 811 2606 nam
828 2542 989 2608 confessio
1013 2542 1121 2610 delicti
1146 2543 1234 2610 iacta
1257 2564 1367 2610 coram
1384 2546 1490 2610 iudice

312 2670 550 2753 incompetente
573 2687 637 2734 non
661 2669 750 2734 valet
771 2670 804 2732 in
827 2671 892 2733 vim
916 2670 1126 2735 confessionis
1151 2669 1307 2736 iudicialis
1331 2671 1387 2737 sod
1410 2677 1490 2736 tarn-

400 2935 441 3001 (1)
460 2933 519 2987 Hoc
541 2933 656 2988 effatum
681 2933 829 2988 deductum
855 2913 956 2988 estex
981 2935 1122 2990 sententia
1147 2935 1233 2988 Pauli
1255 2939 1293 2990 ad
1317 2939 1437 2991 edictam
1462 2941 1491 2991 ia

313 3044 336 3096 l.
354 3044 379 3106 1,
399 3042 440 3096 De
458 3046 565 3112 confes.
583 3045 612 3113 (i.
632 3041 709 3111 libb:
728 3055 746 3096 ‹
762 3042 912 3113 Confessus
936 3059 991 3112 pro
1015 3043 1138 3098 iudicato
1158 3046 1266 3114 estqui
1287 3047 1490 3114 quedammodo

311 3164 363 3202 sua
380 3152 517 3202 sententia
534 3151 685 3202 damnatur
698 3163 723 3204 a.
736 3147 790 3201 Sed
802 3149 842 3201 ibi
855 3149 950 3218 agitur
962 3148 995 3203 de
1012 3149 1122 3204 iudiciis
1140 3150 1286 3215 civilibus3
1306 3166 1396 3221 neque
1413 3152 1492 3204 iuvat

313 3254 400 3323 ipsius
418 3253 505 3308 Pauli
522 3254 647 3308 recolere
662 3256 682 3307 l.
703 3254 732 3320 4,
745 3255 771 3308 b.
784 3264 803 3310 t.
817 3257 846 3326 ff
859 3255 987 3325 quamvis
1006 3255 1075 3309 inibi
1096 3272 1139 3310 res
1156 3257 1195 3330 sit
1214 3256 1247 3311 de
1265 3257 1412 3311 homicidio
1431 3259 1488 3312 cal·

310 3377 394 3432 poso‚·
406 3378 469 3414 nam
479 3359 672 3415 consideratur
681 3361 819 3415 confessio
829 3362 870 3414 uti
881 3366 1077 3430 argumentum
1089 3365 1274 3418 necessarium
1286 3365 1493 3419 condemnatio-¹

312 3471 356 3521 ais
368 3467 415 3521 sed
433 3467 523 3537 quoad
536 3469 665 3538 effectam
684 3468 798 3521 civilem
810 3485 848 3522 em
867 3469 931 3538 lspe
945 3469 1067 3538 Aquilio.
1082 3467 1279 3536 Nihilominus,
1294 3470 1373 3524 nullo
1392 3470 1490 3525 habito

311 3573 480 3639 discrimine,
492 3579 727 3627 commentatores
746 3573 926 3644 applicarunt
939 3574 987 3628 bas
1002 3574 1114 3644 regulas
1126 3575 1161 3629 ad
1174 3576 1217 3629 ἰιιι
1230 3576 1376 3631 criminale
1389 3581 1418 3630 et
1432 3581 1490 3630 tum

311 3682 380 3752 quia
398 3697 481 3750 penes
499 3697 629 3736 romanos
647 3682 863 3736 iurisconsultos
881 3699 936 3737 non
956 3684 1122 3737 adamussim
1134 3683 1268 3738 distincta
1286 3690 1329 3740 est
1348 3685 1491 3752 provincia

312 3787 382 3841 iuris
399 3787 554 3842 criminalis
577 3805 594 3840 a
616 3788 762 3857 provincia
785 3788 856 3842 iuris
874 3789 975 3855 civilis,
994 3794 1054 3844 tum
1073 3791 1140 3860 quia
1162 3805 1267 3860 poenae
1285 3791 1408 3845 dictatae
1427 3797 1492 3845 sunt

311 3895 467 3950 secederes
485 3900 516 3949 ut
534 3897 616 3950 rebus
629 3894 749 3964 publicis
762 3897 792 3950 in
805 3911 938 3965 praeceps
950 3901 1017 3951 tnnc
1030 3899 1176 3952 ruentibus
1188 3898 1390 3962 consuleretur,
1403 3899 1491 3953 incre·

311 4000 398 4056 dibile
416 4001 492 4055 dictu
510 4007 554 4056 est
571 4019 655 4073 qnam
673 4003 757 4072 longe
775 4003 971 4058 aberraverint
988 4004 1024 4057 ab
1043 4003 1219 4060 humanitate
1237 4007 1405 4075 interpretes
1423 4005 1491 4060 ioris

311 4108 465 4163 criminalis
488 4123 675 4163 romanorum.
697 4109 738 4162 cf.
759 4109 937 4164 Brunneman
961 4111 991 4164 in
1015 4113 1113 4165 citatas
1138 4112 1224 4182 lapse.
1243 4141 1258 4154 ·
1277 4113 1411 4184 Equidem
1437 4113 1489 4166 nisi

312 4215 439 4270 Ecclesia
456 4217 530 4270 inter
547 4215 675 4273 homines
692 4217 809 4272 fovisset
820 4219 951 4288 spiritum
970 4218 1154 4273 humanitatis
1173 4227 1202 4275 et
1220 4219 1374 4288 charitatis,
1392 4221 1491 4274 barba·

311 4323 366 4377 ries
385 4337 419 4376 eo
437 4322 575 4377 crudelior
587 4324 732 4392 pressisset
745 4323 873 4379 homines
891 4339 946 4394 qoo
965 4325 1107 4381 ardentius
1121 4331 1182 4381 erat
1199 4326 1321 4381 studium
1334 4327 1488 4398 exequendi

310 4428 388 4498 leges
406 4444 582 4483 romanorum
601 4435 631 4484 et
650 4431 802 4484 exornandi
821 4432 1037 4486 commentariis.
1387 4437 1390 4442 '
