3350 5100
321 302 389 371 640
771 320 979 369 iuueoerou
1001 320 1067 391 rr..

319 439 452 495 vicarius
470 436 611 509 generalis
629 438 780 510 respoudit,
798 457 829 496 ee
849 439 1048 511 preeetiturum
1069 453 1131 493 eeee
1155 454 1204 503 ee,
1224 454 1297 509 queo
1311 435 1345 493 de
1364 436 1424 490 iure
1441 452 1503 491 esee

319 544 466 601 iudicabit.
485 544 559 597 Acte
575 548 641 599 eunt
659 542 729 599 heeo
746 543 820 600 (lie...
840 549 894 601 eto.
914 544 974 615 Ego
992 543 1027 601 N.
1046 540 1158 614 eppello
1177 544 1207 597 et
1225 544 1290 611 peto
1309 539 1457 611 epoetoloe.

1210 666 1273 737 Ego
1290 665 1324 720 N.
1344 667 1503 719 Artueriue.

409 864 491 930 ceeu,
510 878 567 935 quo
585 880 650 919 reue
661 880 717 919 uon
730 864 856 935 eppellet
869 864 1030 920 immediate
1043 869 1105 934 poet
1114 862 1284 919 metentium
1296 860 1385 915 letem
1397 863 1506 930 (tumeo

321 970 397 1027 intre
413 971 592 1043 decennium)
610 976 704 1041 potent
720 971 866 1027 eotueriue
883 970 1103 1043 appellationem
1122 970 1253 1040 excipere
1270 972 1303 1023 ut
1321 969 1458 1039 sequitur.

410 1078 519 1131 Anno..
536 1094 668 1133 meree..
687 1078 768 1133 die...
789 1077 887 1133 1000...
906 1078 1064 1149 comperuit
1091 1092 1185 1133 oorem
1212 1074 1366 1131 reverendo
1390 1072 1509 1129 Vioerio

320 1182 451 1239 Geuereli
470 1184 604 1239 Dominus
621 1184 656 1239 N.
674 1201 740 1240 reue
759 1185 808 1257 qui
832 1200 933 1255 eupre3
953 1185 1003 1257 qui
1027 1183 1184 1255 appellavit
1210 1187 1310 1238 contre
1334 1182 1507 1237 sententium

321 1289 493 1361 publioetem
512 1296 610 1347 contre
628 1291 720 1363 ipeum
738 1291 822 1359 die...
836 1296 920 1362 prout
932 1294 961 1346 in
975 1292 1047 1348 rotie
1058 1296 1088 1349 et
1100 1291 1242 1362 epoetoloe
1254 1290 1353 1360 petiit;
1367 1289 1413 1343 oui
1427 1302 1508 1357 pree-

320 1398 396 1453 fetue
412 1398 582 1454 reverendus
599 1398 729 1453 Vioeriue
747 1398 894 1455 Generelie
913 1398 1056 1471 respondit
1073 1415 1104 1454 ee
1122 1397 1324 1468 praestiturum
1345 1412 1407 1451 eure
1432 1394 1508 1465 quod

321 1502 356 1558 (le
374 1503 437 1561 iure
454 1522 516 1559 esee
534 1504 679 1561 iudicabit.
697 1506 728 1560 lu
748 1522 867 1577 qnorum
885 1506 994 1562 fldem...

1212 1628 1270 1697 Ego
1288 1624 1321 1679 N.
1343 1623 1464 1694 appello.

1212 1732 1273 1802 Ego
1292 1731 1324 1785 N.
1346 1732 1505 1785 Actueriur.

490 2020 604 2067 FORNA
628 2022 844 2071 CONCEDENDI
867 2024 1052 2073 APOSTOLOS
1075 2021 1339 2072 Rssruueuoltloe

410 2245 480 2301 Cum
500 2248 632 2303 Dominus
650 2248 683 2303 N.
702 2251 889 2321 appellaverit
907 2254 958 2307 rub
978 2252 1049 2307 die...
1069 2268 1163 2307 uorem
1181 2250 1279 2317 Nobis,
1298 2264 1382 2319 super
1393 2247 1508 2301 decreto

320 2368 338 2406 e
355 2352 443 2407 Nobie
460 2352 571 2423 proleto
588 2355 641 2408 eub
659 2354 730 2410 die...
750 2361 834 2425 prout
852 2357 882 2411 iu
902 2358 976 2415 eolis
994 2362 1024 2413 et
1041 2374 1155 2412 oeuem
1172 2355 1374 2428 appellationis
1401 2350 1506 2423 produ-

320 2458 409 2527 xerit,
428 2465 511 2530 prout
540 2460 626 2517 letiue
649 2462 679 2517 iu
702 2462 798 2517 eitetie
823 2465 897 2519 eotie
923 2465 1103 2531 continetur3
1120 2464 1207 2520 telem
1231 2461 1451 2533 appellationem
1476 2462 1507 2513 et

320 2568 381 2622 eiue
398 2585 524 2636 oenum,
545 2574 643 2639 utpote
662 2569 769 2626 nullius
794 2572 900 2627 velorie
925 2572 1073 2628 reieoimue
1098 2577 1128 2628 et
1146 2571 1324 2628 reiioiendem
1348 2586 1410 2626 eeee
1433 2567 1509 2622 iudi·

320 2673 454 2739 cavimus,
473 2680 557 2744 prout
576 2674 611 2730 de
629 2677 705 2731 secto
723 2693 786 2732 eem
806 2677 908 2734 iterum
927 2679 1081 2734 reieoimus.
1102 2677 1206 2734 Verum
1226 2677 1293 2748 quie
1310 2675 1402 2731 denuo
1419 2692 1438 2729 e
1455 2673 1508 2731 de·

320 2784 398 2836 creto
417 2780 578 2836 reiectionis
595 2781 750 2851 appellerit
768 2786 798 2839 et
815 2783 959 2854 epoetoloe
978 2785 1070 2854 petiit,
1087 2787 1163 2855 ipsos
1182 2788 1265 2854 prout
1281 2782 1317 2838 de
1335 2782 1397 2838 iore
1409 2780 1510 2852 eppel·

322 2887 439 2941 letionie
456 2904 570 2942 eeueem
589 2889 745 2945 retutuutee
763 2889 950 2958 concedimus,
968 2897 998 2946 et
1014 2907 1129 2946 oeueem
1142 2907 1224 2961 super
1237 2889 1290 2944 hoo
1303 2887 1511 2944 ertiouloinoi-

320 2996 397 3051 denti
416 2994 450 3048 ed
470 2994 510 3065 (et
528 2995 568 3049 ibi
587 2995 761 3065 exprimetur
780 2997 958 3052 immedietue
977 2999 1061 3053 iudex
1080 2997 1114 3052 ed
1133 2995 1226 3069 quem)
1246 3001 1275 3051 et
1294 2995 1451 3050 euoceeeire
1470 2993 1508 3046 ecl

320 3099 399 3169 elios,
419 3105 501 3170 prout
519 3100 553 3155 de
572 3101 640 3170 iure,
662 3101 826 3173 ablegamus
844 3107 874 3158 et
893 3105 1069 3162 remittimur.
1090 3103 1259 3161 lutendendo
1278 3101 1362 3175 quod,
1375 3119 1425 3173 per
1443 3100 1510 3166 ¹²00»

319 3207 407 3262 telem
426 3225 504 3262 reum
523 3225 540 3262 e
558 3214 653 3262 nostru
673 3209 865 3266 iurisdictione
883 3212 997 3265 minime
1015 3212 1192 3278 dimittimus,
1206 3211 1255 3268 eecl
1274 3211 1364 3281 ipeiue
1381 3225 1515 3276 oerum,

322 3315 353 3366 ut
371 3311 405 3366 de
422 3312 492 3377 iure,
513 3313 650 3384 prosequi,
668 3331 702 3368 eo
719 3313 837 3370 definire
857 3315 930 3371 velle
948 3317 1169 3386 pronuntiemus.
1190 3315 1330 3372 Datum...

1069 3457 1129 3526 ligo
1147 3455 1180 3511 N.
1201 3456 1333 3512 Viceriue
1352 3457 1511 3514 Generelie.

1068 3564 1128 3635 Ego
1146 3563 1181 3618 N.
1200 3565 1363 3622 Aotueriue.

554 3849 669 3896 uoRMe
692 3849 935 3898 Arosuouonuu
958 3851 1275 3900 Ruvuuurtfflmurl.

413 4073 482 4130 Cum
501 4075 635 4131 Dominus
646 4077 680 4131 N.
700 4078 744 4150 (ut
762 4096 847 4149 eupre
867 4097 953 4152 usque
971 4079 1005 4134 ed
1024 4080 1076 4135 ille
1087 4082 1173 4136 verbe
1186 4099 1285 4136 oerum
1299 4083 1384 4154 quio).
1402 4083 1507 4139 Verum

324 4181 391 4254 quie
409 4182 499 4237 denuo
518 4200 535 4237 e
552 4183 665 4240 decreto
683 4185 844 4241 reiectionis
862 4185 1031 4257 appellavit,
1052 4191 1082 4242 et
1099 4188 1241 4258 apostolos
1260 4189 1363 4262 petiit)
1381 4190 1509 4262 quemvis

324 4287 395 4343 heeu
412 4305 485 4343 nove
502 4288 656 4360 appellatio
675 4290 762 4346 Nobie
779 4291 883 4346 frivole
900 4293 987 4348 fuerit
1005 4293 1074 4358 viee,
1093 4298 1187 4349 temen
1212 4297 1248 4350 ob
1276 4300 1401 4351 nostrum
1428 4312 1506 4352 reve-

325 4394 444 4450 rentiam
463 4410 532 4464 erge
548 4397 590 4466 (et
608 4397 648 4453 ibi
666 4398 825 4453 nominetur
843 4397 927 4454 iudex
945 4398 981 4453 ed
997 4402 1092 4471 quom)
1111 4404 1140 4456 et
1159 4399 1239 4470 elios,
1252 4399 1286 4455 ed
1298 4417 1369 4474 quoe
1381 4399 1509 4473 eppelle·
