3350 5100
413 331 417 338 ·
510 318 555 366 nn
579 317 718 364 ionicus
741 317 996 366 cmuiuaniaus.
1279 299 1342 364 179

253 438 326 504 125.
353 442 503 505 Iamvero
526 441 578 504 his
600 460 683 525 quae
705 441 897 506 tradidimus
920 441 953 504 in
965 441 1218 527 proteyomenn
1234 441 1309 506 Vol.
1328 443 1340 504 1

169 563 265 646 quoad
282 565 343 629 has
361 584 518 650 personas
529 566 746 646 accessorius,
758 565 877 650 aliquid
894 565 1072 630 addendum
1089 571 1147 638 est,
1161 566 1277 650 quippe
1289 566 1343 630 ha·

169 709 234 753 rum
250 688 392 754 officium
406 689 481 774 quid
493 691 659 776 singulare
671 690 769 756 habet
783 692 817 754 in
829 689 946 756 iudicio
958 689 1127 760 criminali,
1142 689 1225 773 quod
1238 691 1342 774 expli-

170 815 290 878 catione
307 814 438 900 indiget.
466 850 485 862 ·
509 814 675 898 Equidem,
691 816 726 880 in
742 816 866 899 primis,
881 833 941 900 pro
958 821 1075 880 natura
1098 815 1217 900 negotii
1233 815 1340 879 erimi-

169 936 254 1016 nalis,
270 936 504 1021 dispiciendum
527 943 577 1004 est
599 959 640 1002 an
664 939 755 1004 locus
777 940 820 1004 sit
839 937 1123 1022 procuratoribus
1139 937 1171 1000 in
1187 937 1341 1002 eiusmodi

169 1060 301 1124 iudiciis.
326 1097 346 1110 ·
372 1063 468 1126 Ratio
487 1061 650 1128 dubitandi
666 1063 793 1128 eruitur
808 1081 852 1126 ex
869 1064 936 1147 ipso
959 1061 1085 1127 obiecto
1108 1061 1217 1127 iudicii
1233 1061 1343 1128 crimi-

168 1183 254 1254 nalis
279 1185 363 1267 quod
386 1185 557 1250 ordinatur
578 1186 618 1252 ad
642 1205 763 1270 poenas
789 1185 1006 1271 applicandas,
1034 1185 1067 1248 iu
1094 1177 1195 1269 insani
1226 1204 1342 1270 nempe

168 1327 333 1390 personam
358 1311 425 1385 rei;
456 1312 572 1396 quippe
598 1329 732 1393 poenae
753 1330 855 1376 suum
878 1315 1053 1376 auctorem
1077 1314 1189 1375 tenere
1211 1309 1340 1376 debent.

170 1435 209 1494 At
233 1435 258 1495 si
282 1433 495 1500 admittantur
517 1440 748 1520 procuratores
770 1455 830 1520 pro
855 1435 920 1499 reis
942 1436 976 1498 in
999 1433 1126 1506 iudicio,
1147 1433 1181 1498 hi
1204 1453 1340 1519 poenam
1438 1493 1441 1500 .

168 1553 258 1620 facile
282 1553 439 1643 effugient
461 1559 522 1624 sibi
538 1560 616 1646 fuga
631 1543 838 1625 consulentes
861 1564 917 1624 aut
940 1559 1005 1624 alia
1021 1561 1155 1624 ratione.
1173 1561 1255 1626 Item
1271 1579 1341 1644 per·

168 1681 254 1764 pendi
272 1683 368 1748 debet
390 1704 431 1748 an
455 1687 641 1750 necessario
663 1684 846 1750 adhibenda
862 1687 903 1751 sit
918 1703 1017 1769 opera
1040 1683 1284 1750 advocatorum
1307 1684 1341 1747 in

168 1803 382 1872 defensionem
414 1829 562 1890 reorum,
593 1831 634 1874 ne
668 1811 794 1874 scilieet
826 1808 985 1874 indefensi
1019 1807 1228 1878 damnentur,
1258 1807 1340 1891 quod

167 1939 284 2016 pugnat
307 1953 381 2014 cnm
404 1934 545 1999 naturali
569 1936 650 1999 iure.
676 1969 694 1984 ·
720 1935 799 1998 lude
822 1935 882 1998 has
905 1935 1109 2018 quaestiones
1132 1932 1293 1998 solvemus
1307 1933 1341 1997 in

167 2058 309 2138 sequenti
333 2059 447 2142 eapite.
