3350 5100
299 279 303 286 ’
363 300 430 366 212
877 315 960 362 reas
993 314 1028 360 11.

362 441 586 525 inquirendam
610 439 781 504 veritatem
806 439 924 523 patrati
948 438 1101 508 criminis,
1127 456 1192 500 non
1217 437 1353 520 requirit
1375 440 1543 522 praeviam

363 564 528 629 infamiam
544 571 576 628 et
591 562 721 647 planum
738 567 795 632 est,
813 563 858 625 uti
875 565 966 624 notat
987 560 1159 645 Fagnanus
1184 561 1205 623 l.
1222 581 1249 626 a.
1267 561 1453 658 concilians,
1478 563 1545 628 hac

364 689 578 768 distinctione,
605 687 751 752 diversas
779 687 842 750 DD.
867 687 1042 770 opiniones,
1067 690 1190 750 tantum
1215 675 1438 769 specietenus
1462 707 1542 750 con-

364 815 483 879 trarias
506 812 562 896 (l).

454 939 631 1002 Praeterea
661 943 751 1000 notat
780 936 952 1020 Fagnanus
980 935 1000 998 l.
1026 955 1053 1000 c.
1077 954 1110 998 n.
1143 933 1207 1008 45,
1237 937 1285 1014 (et
1310 935 1372 1000 hoc
1395 937 1546 1020 apprime

452 1131 492 1200 (l)
512 1132 583 1184 Sane
601 1130 689 1184 lulius
706 1130 806 1183 Clarus
823 1129 896 1198 apud
919 1129 1082 1198 ragnerium
1103 1129 1121 1180 l.
1136 1131 1180 1182 cit.
1195 1129 1243 1194 ait,
1263 1129 1425 1199 requisitam
1445 1129 1545 1182 condi-

363 1240 468 1294 tionem
486 1225 684 1310 diffamationis
703 1238 850 1292 recessisse
876 1239 910 1290 ab
937 1238 1012 1302 aula,
1032 1237 1098 1306 quia
1122 1237 1214 1300 iudex,
1233 1238 1354 1290 constito
1372 1236 1406 1290 da
1431 1236 1546 1302 delicto,

362 1347 479 1399 assumit
496 1347 708 1399 informationes
727 1346 754 1397 in
774 1360 887 1414 genere,
901 1349 987 1398 testes
1000 1344 1199 1412 interrogando
1215 1361 1250 1397 an
1263 1345 1362 1410 sciant,
1375 1345 1438 1414 qnis
1451 1343 1543 1399 malc-

363 1453 456 1506 ticium
470 1454 630 1521 patraverin
644 1454 707 1506 etsi
721 1451 774 1506 hoc
788 1457 898 1520 negent,
913 1451 1122 1519 interrogantur
1134 1467 1168 1502 an
1184 1450 1284 1504 saltem
1302 1451 1400 1516 sciant,
1413 1452 1544 1522 quisnam

363 1560 400 1612 sit
409 1560 579 1623 diffamatust
598 1565 627 1614 et
645 1561 668 1612 si
686 1559 782 1612 dicant
800 1559 922 1629 aliquem
941 1557 1129 1622 diffamatum,
1150 1563 1216 1610 tunc
1236 1557 1317 1612 iudex
1343 1565 1442 1612 contra
1461 1557 1543 1612 illum

363 1667 487 1736 procedit
505 1683 553 1721 seu
566 1667 748 1737 inquisitione
759 1667 971 1735 specialissima,
984 1693 994 1704 -
1009 1663 1061 1719 Sed
1076 1665 1194 1732 Prosper
1207 1665 1387 1720 Farinaccius
1398 1667 1545 1732 obser-rat,

363 1772 443 1840 (item
462 1773 480 1824 l.
494 1790 517 1824 c.
536 1770 609 1838 apud
628 1771 803 1838 Fagriannm)
823 1771 852 1824 in
870 1772 922 1824 lma
941 1769 1104 1838 procedendi
1124 1770 1242 1833 ratione,
1255 1770 1465 1842 inquisitionem
1479 1787 1545 1842 spe·

362 1881 544 1935 viridissimam
563 1879 705 1948 praeviam
725 1878 828 1933 habere
850 1881 1011 1948 infamiam,
1030 1894 1130 1947 nempe
1157 1894 1204 1947 per
1226 1878 1335 1948 aliquos
1359 1884 1446 1933 testes
1465 1897 1543 1934 com-

363 1989 516 2056 probatam.
528 2016 542 2027 ·
562 1986 633 2039 Casu
653 2002 719 2038 vero
738 2001 793 2055 quo
812 1990 899 2038 testes
918 1984 1085 2052 interrogati
1099 1985 1289 2054 (prosequitur
1303 1983 1388 2038 lulius
1402 1985 1503 2040 Clarus
1515 1989 1545 2042 in

363 2091 526 2160 exponenda
553 2093 637 2160 praxi
659 2100 724 2143 tnnc
751 2090 864 2158 rigente
889 2091 918 2143 in
942 2087 1146 2143 Mediolanensi
1175 2090 1254 2142 curia
1279 2089 1364 2144 etiam
1390 2090 1545 2152 saeculari)

363 2200 541 2261 attestentur,
554 2212 584 2250 se
602 2195 674 2248 scire
692 2195 816 2248 criminis
829 2201 985 2258 auctorem,
996 2210 1078 2263 quem
1098 2193 1293 2250 manifestaris
1312 2201 1378 2248 tuno
1397 2196 1444 2248 ria
1463 2201 1545 2265 patet

363 2301 539 2374 inquisitioni
557 2301 775 2370 specialissimae
796 2300 886 2355 veluti
905 2305 1024 2370 praeuia
1042 2302 1266 2364 denunciatione,
1284 2301 1351 2370 quia
1369 2307 1457 2356 testes
1475 2309 1546 2358 suut

361 2409 440 2480 qnasi
459 2409 682 2472 denunciamus,
695 2407 735 2461 uti
750 2407 953 2475 interpretatur
973 2405 1121 2475 Fagnanus
1142 2409 1159 2460 l.
1180 2411 1223 2461 cit.
1237 2423 1265 2462 n.
1283 2409 1337 2474 57,
1358 2413 1387 2464 et
1406 2409 1456 2474 ait,
1468 2408 1546 2464 hauc

364 2517 471 2587 praxim
484 2532 582 2572 revera
594 2531 706 2571 servare
724 2525 812 2569 totam
824 2516 970 2569 anundum.
987 2543 1001 2555 ·
1016 2515 1091 2571 Haec
1105 2517 1195 2571 refero
1209 2516 1277 2586 quia
1295 2516 1358 2571 inde
1378 2521 1456 2585 patet
1475 2533 1548 2589 quo·

365 2625 445 2678 modo
468 2626 498 2676 in
517 2626 607 2693 praxi
630 2620 771 2691 explicata
795 2621 832 2674 sit
857 2621 971 2691 regula,
998 2639 1098 2691 nempe
1122 2624 1340 2693 specialissimae
1365 2624 1543 2693 inquisitioni

362 2732 464 2785 debere
478 2732 627 2801 praeviam
645 2744 705 2783 esse
724 2730 872 2799 infamiam
890 2745 938 2781 seu
959 2730 1108 2783 clamosam
1128 2732 1346 2785 insinuationem
1362 2760 1375 2771 -
1388 2730 1462 2783 Sane
1482 2731 1544 2799 ipse

364 2836 517 2907 pellegrini
537 2853 579 2907 op.
599 2838 642 2889 cit.
665 2837 735 2889 Seat.
752 2836 791 2898 ΙΙ,
809 2854 836 2888 n.
857 2834 893 2888 19
911 2834 960 2889 ait
979 2836 1094 2891 «ludex
1113 2854 1169 2892 non
1188 2841 1281 2905 potest
1300 2840 1398 2891 contra
1415 2838 1542 2908 aliquem

364 2941 512 3008 procedere
524 2940 558 2993 ad
574 2940 844 3003 condemnationem,
866 2940 917 2993 nisi
937 2940 1009 2994 adsit
1028 2946 1181 2995 accusator.
1195 2940 1248 2996 Sed
1259 2942 1369 3012 quando
1382 2943 1465 2998 iudex
1480 2962 1544 3014 pro·

363 3047 437 3101 cedit
462 3062 510 3115 per
528 3046 746 3115 inquisitionem,
768 3045 863 3099 nullus
881 3050 925 3099 est
942 3056 1089 3101 aecusator
1109 3048 1257 3118 formalis,·
1282 3064 1350 3118 erpo
1374 3051 1455 3105 debet
1479 3068 1543 3105 esse

362 3154 463 3207 saltam
481 3154 620 3217 virtualis,
635 3164 722 3222 prout
735 3164 775 3207 est
787 3153 907 3223 infamia
924 3168 974 3207 sen
993 3154 1152 3209 clamorosa
1170 3156 1320 3209 insinuatio
1338 3157 1374 3224 (n.
1389 3157 1444 3226 20).
1459 3156 1543 3215 Unde

364 3256 417 3307 DD.
446 3254 615 3309 concludunt
638 3255 711 3326 quod
736 3257 770 3309 ad
797 3257 1006 3326 inquisitionem
1038 3258 1234 3327 particularem
1260 3259 1414 3314 faciendam
1441 3270 1544 3319 contra

363 3362 485 3432 aliquem
504 3362 656 3431 requiritur
667 3379 702 3416 ex
716 3365 881 3417 necessitate
895 3368 926 3416 ut
946 3364 1112 3432 praecedant
1131 3364 1251 3431 indicia3
1269 3365 1343 3419 levia
1357 3372 1449 3423 tamen
1464 3372 1543 3425 suffi-

363 3468 441 3520 ciunt
459 3466 493 3519 ad
512 3466 691 3521 assumendas
710 3468 920 3523 informationes
939 3484 973 3523 ex
992 3468 1107 3535 delicte,
1121 3472 1187 3541 quia
1204 3488 1314 3540 semper
1327 3488 1360 3527 ex
1374 3472 1433 3526 illis
1451 3478 1545 3531 oritur

363 3575 436 3645 apud
448 3574 551 3629 multos
564 3576 716 3629 infamatio.
730 3576 771 3629 Ad
790 3577 931 3630 citandum
946 3594 1014 3633 vero
1027 3596 1104 3633 reum
1125 3595 1173 3648 pro
1186 3579 1297 3643 delicto,
1310 3580 1413 3636 debent
1425 3584 1544 3639 omnino
1635 3602 1636 3653 ᾗ

364 3682 527 3751 praecedere
547 3682 649 3735 indicia
667 3681 794 3752 legitima
813 3684 900 3737 etsie
919 3684 1016 3753 gravia
1028 3698 1053 3739 u.
1075 3684 1150 3738 Haec
1168 3690 1263 3739 autem
1284 3688 1355 3741 ratio
1374 3690 1542 3756 procedendi
1635 3658 1636 3697 t

363 3790 544 3859 inquisitione
562 3790 772 3859 specialissima,
792 3790 904 3859 praevia
923 3792 1122 3861 diffamatione,
1141 3798 1306 3847 accusatore
1318 3796 1444 3862 virtuali,
1457 3814 1541 3867 quam

363 3897 579 3951 diffamationem
599 3898 755 3965 probabant
774 3903 861 3953 testes
879 3898 991 3952 collecti
1011 3916 1044 3953 ex
1064 3899 1245 3969 inquisitione
1268 3903 1395 3970 speciali,
1413 3919 1463 3957 seu
1488 3924 1544 3975 pro

363 4007 561 4073 informatione
588 4006 685 4059 cariae
712 4004 843 4071 obtinuit,
874 4006 913 4059 uti
941 4006 982 4059 ait
1011 4006 1169 4074 FagnanuS,
1200 4023 1248 4075 per
1279 4018 1366 4061 totum
1393 4014 1542 4074 mandanti,

365 4118 510 4181 postquam
530 4112 673 4181 systhema
699 4129 766 4180 pure
788 4114 994 4167 acnasatorinm
1014 4128 1083 4180 pene
1109 4113 1137 4165 in
1163 4113 1373 4167 desuetudinem
1399 4116 1488 4183 abiit,
1514 4128 1541 4171 et
1634 4142 1635 4177 t

363 4223 512 4287 antequam
532 4218 687 4272 formaliter
703 4220 922 4273 constitueretur
935 4224 1076 4287 promotor
1088 4220 1198 4273 fiscalis.
1210 4248 1219 4260 -
1234 4220 1275 4273 lta
1289 4220 1452 4274 resolvenda
1465 4223 1542 4277 vide-
1634 4200 1635 4265 l

366 4327 411 4375 tur
422 4323 557 4393 quaestio,
571 4340 654 4393 quam
667 4324 785 4379 Cari-ara
805 4326 824 4377 l.
839 4326 884 4378 cit.
905 4328 923 4391 ἓ
943 4325 1008 4379 845
1022 4342 1060 4395 sq.
1075 4327 1180 4379 fatetur
1192 4342 1222 4380 se
1236 4342 1290 4379 non
1305 4326 1444 4382 invenisse
1459 4344 1541 4405 expe·

365 4426 460 4480 ditem.
