<?xml version="1.0" encoding="UTF-8"?>
<!DOCTYPE html PUBLIC "-//W3C//DTD XHTML 1.0 Transitional//EN"
    "http://www.w3.org/TR/xhtml1/DTD/xhtml1-transitional.dtd">
<html xmlns="http://www.w3.org/1999/xhtml" xml:lang="en" lang="en">
 <head>
  <title>
</title>
<meta http-equiv="Content-Type" content="text/html;charset=utf-8" />
  <meta name='ocr-system' content='tesseract 3.04.00' />
  <meta name='ocr-capabilities' content='ocr_page ocr_carea ocr_par ocr_line ocrx_word'/>
</head>
<body>
  <div class='ocr_page' id='page_1' title='image "./praelectionesin00legagoog_0259.png"; bbox 0 0 3350 5100; ppageno 0'>
   <div class='ocr_carea' id='block_1_1' title="bbox 456 285 1286 353">
    <p class='ocr_par' dir='ltr' id='par_1_1' title="bbox 456 285 1286 353">
     <span class='ocr_line' id='line_1_1' title="bbox 456 285 1286 353; baseline 0.004 -6"><span class='ocrx_word' id='word_1_1' title='bbox 456 302 500 348; x_wconf 85' lang='lat' dir='ltr'>ns</span> <span class='ocrx_word' id='word_1_2' title='bbox 530 301 670 349; x_wconf 79' lang='lat' dir='ltr'>sonions</span> <span class='ocrx_word' id='word_1_3' title='bbox 693 302 937 353; x_wconf 74' lang='lat' dir='ltr'>caruissemus</span> <span class='ocrx_word' id='word_1_4' title='bbox 1220 285 1286 351; x_wconf 83' lang='lat'>257</span> 
     </span>
    </p>
   </div>
   <div class='ocr_carea' id='block_1_2' title="bbox 122 422 1303 2876">
    <p class='ocr_par' dir='ltr' id='par_1_2' title="bbox 122 422 1292 1237">
     <span class='ocr_line' id='line_1_2' title="bbox 124 422 1289 513; baseline 0.005 -25"><span class='ocrx_word' id='word_1_5' title='bbox 124 424 216 489; x_wconf 88' lang='lat' dir='ltr'>locum</span> <span class='ocrx_word' id='word_1_6' title='bbox 236 422 358 488; x_wconf 88' lang='lat' dir='ltr'>babere</span> <span class='ocrx_word' id='word_1_7' title='bbox 381 426 680 509; x_wconf 76' lang='lat' dir='ltr'>praescriptionem,</span> <span class='ocrx_word' id='word_1_8' title='bbox 697 433 731 492; x_wconf 90' lang='lat' dir='ltr'>et</span> <span class='ocrx_word' id='word_1_9' title='bbox 746 428 874 513; x_wconf 89' lang='lat' dir='ltr'>quidem</span> <span class='ocrx_word' id='word_1_10' title='bbox 898 426 1015 493; x_wconf 90' lang='lat' dir='ltr'>nedum</span> <span class='ocrx_word' id='word_1_11' title='bbox 1040 424 1166 511; x_wconf 91' lang='lat' dir='ltr'>quando</span> <span class='ocrx_word' id='word_1_12' title='bbox 1190 426 1289 495; x_wconf 86' lang='lat' dir='ltr'>iudex</span> 
     </span>
     <span class='ocr_line' id='line_1_3' title="bbox 123 546 1290 635; baseline 0.005 -24"><span class='ocrx_word' id='word_1_13' title='bbox 123 546 255 633; x_wconf 77' lang='lat' dir='ltr'>procedit</span> <span class='ocrx_word' id='word_1_14' title='bbox 276 548 318 613; x_wconf 86' lang='lat' dir='ltr'>ad</span> <span class='ocrx_word' id='word_1_15' title='bbox 344 549 529 615; x_wconf 86' lang='lat' dir='ltr'>instantiam</span> <span class='ocrx_word' id='word_1_16' title='bbox 557 552 676 635; x_wconf 80' lang='lat' dir='ltr'>privati</span> <span class='ocrx_word' id='word_1_17' title='bbox 707 553 926 629; x_wconf 89' lang='lat' dir='ltr'>accusatoris,</span> <span class='ocrx_word' id='word_1_18' title='bbox 951 551 1064 618; x_wconf 87' lang='lat' dir='ltr'>sedet</span> <span class='ocrx_word' id='word_1_19' title='bbox 1091 550 1218 635; x_wconf 84' lang='lat' dir='ltr'>quando</span> <span class='ocrx_word' id='word_1_20' title='bbox 1248 552 1290 617; x_wconf 88' lang='lat' dir='ltr'>ad</span> 
     </span>
     <span class='ocr_line' id='line_1_4' title="bbox 122 672 1289 762; baseline 0.003 -25"><span class='ocrx_word' id='word_1_21' title='bbox 122 672 283 739; x_wconf 78' lang='lat' dir='ltr'>indictam</span> <span class='ocrx_word' id='word_1_22' title='bbox 305 674 466 759; x_wconf 83' lang='lat' dir='ltr'>publicam</span> <span class='ocrx_word' id='word_1_23' title='bbox 488 696 547 740; x_wconf 92' lang='lat' dir='ltr'>seu</span> <span class='ocrx_word' id='word_1_24' title='bbox 577 696 621 741; x_wconf 85' lang='lat' dir='ltr'>ex</span> <span class='ocrx_word' id='word_1_25' title='bbox 651 674 1054 761; x_wconf 86' lang='lat' dir='ltr'>officioinqui1·it;huius</span> <span class='ocrx_word' id='word_1_26' title='bbox 1081 696 1161 741; x_wconf 86' lang='lat' dir='ltr'>vero</span> <span class='ocrx_word' id='word_1_27' title='bbox 1193 697 1289 762; x_wconf 89' lang='lat' dir='ltr'>prae-</span> 
     </span>
     <span class='ocr_line' id='line_1_5' title="bbox 123 796 1291 885; baseline 0.003 -24"><span class='ocrx_word' id='word_1_28' title='bbox 123 799 293 882; x_wconf 81' lang='lat' dir='ltr'>scriptionis</span> <span class='ocrx_word' id='word_1_29' title='bbox 307 818 380 862; x_wconf 90' lang='lat' dir='ltr'>eum</span> <span class='ocrx_word' id='word_1_30' title='bbox 404 800 571 884; x_wconf 90' lang='lat' dir='ltr'>proprium</span> <span class='ocrx_word' id='word_1_31' title='bbox 595 796 746 865; x_wconf 87' lang='lat' dir='ltr'>effectum</span> <span class='ocrx_word' id='word_1_32' title='bbox 769 821 851 873; x_wconf 86' lang='lat' dir='ltr'>ease,</span> <span class='ocrx_word' id='word_1_33' title='bbox 871 808 906 867; x_wconf 90' lang='lat' dir='ltr'>nt</span> <span class='ocrx_word' id='word_1_34' title='bbox 925 800 1025 865; x_wconf 87' lang='lat' dir='ltr'>solam</span> <span class='ocrx_word' id='word_1_35' title='bbox 1043 800 1180 885; x_wconf 87' lang='lat' dir='ltr'>perimat</span> <span class='ocrx_word' id='word_1_36' title='bbox 1195 800 1291 865; x_wconf 89' lang='lat' dir='ltr'>actio·</span> 
     </span>
     <span class='ocr_line' id='line_1_6' title="bbox 123 922 1292 1008; baseline 0.003 -25"><span class='ocrx_word' id='word_1_37' title='bbox 123 941 185 984; x_wconf 87' lang='lat' dir='ltr'>nem</span> <span class='ocrx_word' id='word_1_38' title='bbox 199 922 379 1005; x_wconf 90' lang='lat' dir='ltr'>poenalem,</span> <span class='ocrx_word' id='word_1_39' title='bbox 396 922 552 1006; x_wconf 84' lang='lat' dir='ltr'>siquidem</span> <span class='ocrx_word' id='word_1_40' title='bbox 575 943 635 1007; x_wconf 90' lang='lat' dir='ltr'>per</span> <span class='ocrx_word' id='word_1_41' title='bbox 657 933 843 989; x_wconf 88' lang='lat' dir='ltr'>accusatum</span> <span class='ocrx_word' id='word_1_42' title='bbox 868 944 924 989; x_wconf 89' lang='lat' dir='ltr'>seu</span> <span class='ocrx_word' id='word_1_43' title='bbox 941 924 1138 1008; x_wconf 90' lang='lat' dir='ltr'>inquisitum,</span> <span class='ocrx_word' id='word_1_44' title='bbox 1154 928 1210 987; x_wconf 91' lang='lat' dir='ltr'>aut</span> <span class='ocrx_word' id='word_1_45' title='bbox 1231 942 1292 1008; x_wconf 91' lang='lat' dir='ltr'>per</span> 
     </span>
     <span class='ocr_line' id='line_1_7' title="bbox 123 1047 1292 1135; baseline 0.002 -26"><span class='ocrx_word' id='word_1_46' title='bbox 123 1047 181 1110; x_wconf 87' lang='lat' dir='ltr'>eins</span> <span class='ocrx_word' id='word_1_47' title='bbox 202 1054 449 1131; x_wconf 87' lang='lat' dir='ltr'>procuratorem</span> <span class='ocrx_word' id='word_1_48' title='bbox 472 1067 629 1133; x_wconf 79' lang='lat' dir='ltr'>expresse</span> <span class='ocrx_word' id='word_1_49' title='bbox 651 1048 692 1113; x_wconf 94' lang='lat' dir='ltr'>de</span> <span class='ocrx_word' id='word_1_50' title='bbox 713 1048 972 1135; x_wconf 82' lang='lat' dir='ltr'>praescriptione</span> <span class='ocrx_word' id='word_1_51' title='bbox 995 1050 1029 1112; x_wconf 92' lang='lat' dir='ltr'>in</span> <span class='ocrx_word' id='word_1_52' title='bbox 1053 1047 1169 1113; x_wconf 88' lang='lat' dir='ltr'>iudicio</span> <span class='ocrx_word' id='word_1_53' title='bbox 1193 1066 1292 1131; x_wconf 91' lang='lat' dir='ltr'>oppo-</span> 
     </span>
     <span class='ocr_line' id='line_1_8' title="bbox 123 1171 342 1237; baseline 0.018 -4"><span class='ocrx_word' id='word_1_54' title='bbox 123 1172 207 1233; x_wconf 89' lang='lat' dir='ltr'>situm</span> <span class='ocrx_word' id='word_1_55' title='bbox 229 1171 342 1237; x_wconf 71' lang='lat' dir='ltr'>fuerit„</span> 
     </span>
    </p>

    <p class='ocr_par' dir='ltr' id='par_1_3' title="bbox 123 1294 1295 1753">
     <span class='ocr_line' id='line_1_9' title="bbox 204 1294 1294 1381; baseline 0.006 -26"><span class='ocrx_word' id='word_1_56' title='bbox 204 1318 222 1355; x_wconf 84' lang='lat'><strong>‹</strong></span> <span class='ocrx_word' id='word_1_57' title='bbox 237 1294 369 1360; x_wconf 81' lang='lat' dir='ltr'>Exinde</span> <span class='ocrx_word' id='word_1_58' title='bbox 392 1294 489 1361; x_wconf 82' lang='lat' dir='ltr'>facile</span> <span class='ocrx_word' id='word_1_59' title='bbox 504 1303 554 1363; x_wconf 89' lang='lat' dir='ltr'>est</span> <span class='ocrx_word' id='word_1_60' title='bbox 569 1296 825 1381; x_wconf 88' lang='lat' dir='ltr'>deprehendere,</span> <span class='ocrx_word' id='word_1_61' title='bbox 843 1298 1005 1381; x_wconf 85' lang='lat' dir='ltr'>integrum</span> <span class='ocrx_word' id='word_1_62' title='bbox 1029 1303 1096 1363; x_wconf 76' lang='lat' dir='ltr'>mm</span> <span class='ocrx_word' id='word_1_63' title='bbox 1119 1294 1294 1362; x_wconf 88' lang='lat' dir='ltr'>accusandi</span> 
     </span>
     <span class='ocr_line' id='line_1_10' title="bbox 123 1418 1293 1506; baseline -0.001 -23"><span class='ocrx_word' id='word_1_64' title='bbox 123 1433 180 1483; x_wconf 89' lang='lat' dir='ltr'>tum</span> <span class='ocrx_word' id='word_1_65' title='bbox 201 1418 385 1503; x_wconf 89' lang='lat' dir='ltr'>inquirendi</span> <span class='ocrx_word' id='word_1_66' title='bbox 407 1422 457 1485; x_wconf 90' lang='lat' dir='ltr'>ius</span> <span class='ocrx_word' id='word_1_67' title='bbox 479 1440 613 1487; x_wconf 91' lang='lat' dir='ltr'>manere</span> <span class='ocrx_word' id='word_1_68' title='bbox 637 1421 812 1506; x_wconf 89' lang='lat' dir='ltr'>usquedum</span> <span class='ocrx_word' id='word_1_69' title='bbox 837 1440 992 1506; x_wconf 81' lang='lat' dir='ltr'>expresse</span> <span class='ocrx_word' id='word_1_70' title='bbox 1015 1441 1082 1485; x_wconf 91' lang='lat' dir='ltr'>non</span> <span class='ocrx_word' id='word_1_71' title='bbox 1109 1424 1293 1505; x_wconf 90' lang='lat' dir='ltr'>opponatur</span> 
     </span>
     <span class='ocr_line' id='line_1_11' title="bbox 126 1546 1295 1633; baseline 0 -24"><span class='ocrx_word' id='word_1_72' title='bbox 126 1548 337 1630; x_wconf 81' lang='lat' dir='ltr'>praescriptio,</span> <span class='ocrx_word' id='word_1_73' title='bbox 361 1552 394 1610; x_wconf 92' lang='lat' dir='ltr'>et</span> <span class='ocrx_word' id='word_1_74' title='bbox 416 1548 546 1613; x_wconf 91' lang='lat' dir='ltr'>omnino</span> <span class='ocrx_word' id='word_1_75' title='bbox 569 1553 683 1613; x_wconf 87' lang='lat' dir='ltr'>tenere</span> <span class='ocrx_word' id='word_1_76' title='bbox 706 1548 859 1613; x_wconf 89' lang='lat' dir='ltr'>iudicium</span> <span class='ocrx_word' id='word_1_77' title='bbox 883 1548 908 1611; x_wconf 90' lang='lat' dir='ltr'>si</span> <span class='ocrx_word' id='word_1_78' title='bbox 936 1546 1047 1613; x_wconf 89' lang='lat' dir='ltr'>eadem</span> <span class='ocrx_word' id='word_1_79' title='bbox 1071 1548 1217 1633; x_wconf 85' lang='lat' dir='ltr'>opposita</span> <span class='ocrx_word' id='word_1_80' title='bbox 1240 1546 1295 1609; x_wconf 90' lang='lat' dir='ltr'>rni-</span> 
     </span>
     <span class='ocr_line' id='line_1_12' title="bbox 127 1667 408 1753; baseline 0.014 -24"><span class='ocrx_word' id='word_1_81' title='bbox 127 1668 201 1731; x_wconf 88' lang='lat' dir='ltr'>nime</span> <span class='ocrx_word' id='word_1_82' title='bbox 223 1668 327 1733; x_wconf 81' lang='lat' dir='ltr'>fuerit</span> <span class='ocrx_word' id='word_1_83' title='bbox 348 1667 408 1753; x_wconf 86' lang='lat' dir='ltr'>(l).</span> 
     </span>
    </p>

    <p class='ocr_par' dir='ltr' id='par_1_4' title="bbox 128 1790 1303 2876">
     <span class='ocr_line' id='line_1_13' title="bbox 204 1790 1297 1878; baseline 0 -25"><span class='ocrx_word' id='word_1_84' title='bbox 204 1814 224 1853; x_wconf 74' lang='lat' dir='ltr'>e</span> <span class='ocrx_word' id='word_1_85' title='bbox 239 1792 333 1866; x_wconf 83' lang='lat' dir='ltr'>Quod</span> <span class='ocrx_word' id='word_1_86' title='bbox 356 1793 383 1855; x_wconf 89' lang='lat' dir='ltr'>si</span> <span class='ocrx_word' id='word_1_87' title='bbox 408 1794 440 1856; x_wconf 90' lang='lat' dir='ltr'>in</span> <span class='ocrx_word' id='word_1_88' title='bbox 463 1792 615 1857; x_wconf 90' lang='lat' dir='ltr'>iudicium</span> <span class='ocrx_word' id='word_1_89' title='bbox 639 1795 854 1878; x_wconf 80' lang='lat' dir='ltr'>praescriptio</span> <span class='ocrx_word' id='word_1_90' title='bbox 877 1792 1014 1858; x_wconf 87' lang='lat' dir='ltr'>deducta</span> <span class='ocrx_word' id='word_1_91' title='bbox 1037 1791 1139 1858; x_wconf 81' lang='lat' dir='ltr'>luerit</span> <span class='ocrx_word' id='word_1_92' title='bbox 1161 1796 1193 1856; x_wconf 88' lang='lat' dir='ltr'>et</span> <span class='ocrx_word' id='word_1_93' title='bbox 1220 1790 1297 1876; x_wconf 84' lang='lat' dir='ltr'>legi·</span> 
     </span>
     <span class='ocr_line' id='line_1_14' title="bbox 128 1916 1296 2003; baseline 0.004 -28"><span class='ocrx_word' id='word_1_94' title='bbox 128 1916 194 1978; x_wconf 88' lang='lat' dir='ltr'>tima</span> <span class='ocrx_word' id='word_1_95' title='bbox 215 1923 480 2001; x_wconf 84' lang='lat' dir='ltr'>recognoscatur,</span> <span class='ocrx_word' id='word_1_96' title='bbox 496 1922 574 1983; x_wconf 89' lang='lat' dir='ltr'>tunc</span> <span class='ocrx_word' id='word_1_97' title='bbox 597 1920 728 2003; x_wconf 90' lang='lat' dir='ltr'>perimit</span> <span class='ocrx_word' id='word_1_98' title='bbox 747 1919 875 2001; x_wconf 92' lang='lat' dir='ltr'>quidem</span> <span class='ocrx_word' id='word_1_99' title='bbox 900 1920 1058 1984; x_wconf 88' lang='lat' dir='ltr'>actionem</span> <span class='ocrx_word' id='word_1_100' title='bbox 1083 1916 1296 1988; x_wconf 88' lang='lat' dir='ltr'>criminalem,</span> 
     </span>
     <span class='ocr_line' id='line_1_15' title="bbox 128 2041 1295 2128; baseline 0.003 -27"><span class='ocrx_word' id='word_1_101' title='bbox 128 2047 227 2105; x_wconf 79' lang='lat' dir='ltr'>utnon</span> <span class='ocrx_word' id='word_1_102' title='bbox 250 2042 394 2115; x_wconf 81' lang='lat' dir='ltr'>civilem,</span> <span class='ocrx_word' id='word_1_103' title='bbox 413 2061 497 2126; x_wconf 89' lang='lat' dir='ltr'>quae</span> <span class='ocrx_word' id='word_1_104' title='bbox 519 2042 605 2108; x_wconf 82' lang='lat' dir='ltr'>forta</span> <span class='ocrx_word' id='word_1_105' title='bbox 628 2062 672 2107; x_wconf 92' lang='lat' dir='ltr'>ex</span> <span class='ocrx_word' id='word_1_106' title='bbox 695 2043 807 2109; x_wconf 91' lang='lat' dir='ltr'>eodem</span> <span class='ocrx_word' id='word_1_107' title='bbox 823 2042 942 2108; x_wconf 90' lang='lat' dir='ltr'>delicto</span> <span class='ocrx_word' id='word_1_108' title='bbox 958 2048 1142 2128; x_wconf 88' lang='lat' dir='ltr'>promanat;</span> <span class='ocrx_word' id='word_1_109' title='bbox 1159 2048 1192 2107; x_wconf 90' lang='lat' dir='ltr'>et</span> <span class='ocrx_word' id='word_1_110' title='bbox 1207 2041 1295 2122; x_wconf 90' lang='lat' dir='ltr'>hinc,</span> 
     </span>
     <span class='ocr_line' id='line_1_16' title="bbox 128 2164 1297 2251; baseline 0.003 -25"><span class='ocrx_word' id='word_1_111' title='bbox 128 2166 352 2232; x_wconf 86' lang='lat' dir='ltr'>nonobstante</span> <span class='ocrx_word' id='word_1_112' title='bbox 375 2168 642 2251; x_wconf 82' lang='lat' dir='ltr'>praescriptione,</span> <span class='ocrx_word' id='word_1_113' title='bbox 666 2186 759 2232; x_wconf 92' lang='lat' dir='ltr'>reum</span> <span class='ocrx_word' id='word_1_114' title='bbox 783 2187 917 2232; x_wconf 86' lang='lat' dir='ltr'>manere</span> <span class='ocrx_word' id='word_1_115' title='bbox 944 2166 1118 2232; x_wconf 83' lang='lat' dir='ltr'>obnoxium</span> <span class='ocrx_word' id='word_1_116' title='bbox 1151 2164 1297 2229; x_wconf 86' lang='lat' dir='ltr'>omnibus</span> 
     </span>
     <span class='ocr_line' id='line_1_17' title="bbox 129 2286 1298 2375; baseline 0 -24"><span class='ocrx_word' id='word_1_117' title='bbox 129 2286 284 2356; x_wconf 84' lang='lat' dir='ltr'>effectibus</span> <span class='ocrx_word' id='word_1_118' title='bbox 306 2292 472 2356; x_wconf 89' lang='lat' dir='ltr'>canonicis</span> <span class='ocrx_word' id='word_1_119' title='bbox 494 2311 559 2355; x_wconf 92' lang='lat' dir='ltr'>non</span> <span class='ocrx_word' id='word_1_120' title='bbox 582 2292 803 2357; x_wconf 79' lang='lat' dir='ltr'>criminalibus</span> <span class='ocrx_word' id='word_1_121' title='bbox 825 2311 869 2355; x_wconf 83' lang='lat' dir='ltr'>ex</span> <span class='ocrx_word' id='word_1_122' title='bbox 892 2296 1019 2375; x_wconf 87' lang='lat' dir='ltr'>patrato</span> <span class='ocrx_word' id='word_1_123' title='bbox 1043 2289 1160 2355; x_wconf 90' lang='lat' dir='ltr'>delicto</span> <span class='ocrx_word' id='word_1_124' title='bbox 1184 2308 1298 2375; x_wconf 86' lang='lat' dir='ltr'>prove-</span> 
     </span>
     <span class='ocr_line' id='line_1_18' title="bbox 129 2412 1299 2501; baseline 0 -25"><span class='ocrx_word' id='word_1_125' title='bbox 129 2415 288 2489; x_wconf 88' lang='lat' dir='ltr'>nientibus,</span> <span class='ocrx_word' id='word_1_126' title='bbox 313 2416 475 2481; x_wconf 80' lang='lat' dir='ltr'>manifesti</span> <span class='ocrx_word' id='word_1_127' title='bbox 499 2417 578 2481; x_wconf 90' lang='lat' dir='ltr'>iuris</span> <span class='ocrx_word' id='word_1_128' title='bbox 601 2424 660 2482; x_wconf 89' lang='lat' dir='ltr'>est.</span> <span class='ocrx_word' id='word_1_129' title='bbox 686 2417 787 2481; x_wconf 90' lang='lat' dir='ltr'>Immo</span> <span class='ocrx_word' id='word_1_130' title='bbox 817 2417 894 2482; x_wconf 88' lang='lat' dir='ltr'>licet</span> <span class='ocrx_word' id='word_1_131' title='bbox 924 2416 1182 2501; x_wconf 85' lang='lat' dir='ltr'>praescriptione</span> <span class='ocrx_word' id='word_1_132' title='bbox 1215 2412 1299 2477; x_wconf 89' lang='lat' dir='ltr'>actio</span> 
     </span>
     <span class='ocr_line' id='line_1_19' title="bbox 130 2540 1301 2626; baseline -0.003 -22"><span class='ocrx_word' id='word_1_133' title='bbox 130 2540 264 2624; x_wconf 87' lang='lat' dir='ltr'>poenalis</span> <span class='ocrx_word' id='word_1_134' title='bbox 282 2542 505 2626; x_wconf 82' lang='lat' dir='ltr'>extinguatur,</span> <span class='ocrx_word' id='word_1_135' title='bbox 523 2561 588 2606; x_wconf 94' lang='lat' dir='ltr'>non</span> <span class='ocrx_word' id='word_1_136' title='bbox 604 2546 712 2606; x_wconf 90' lang='lat' dir='ltr'>tamen</span> <span class='ocrx_word' id='word_1_137' title='bbox 728 2540 853 2606; x_wconf 89' lang='lat' dir='ltr'>tollitur</span> <span class='ocrx_word' id='word_1_138' title='bbox 870 2540 1028 2625; x_wconf 82' lang='lat' dir='ltr'>exceptio,</span> <span class='ocrx_word' id='word_1_139' title='bbox 1046 2558 1128 2622; x_wconf 91' lang='lat' dir='ltr'>quae</span> <span class='ocrx_word' id='word_1_140' title='bbox 1144 2540 1301 2623; x_wconf 89' lang='lat' dir='ltr'>perpetuo</span> 
     </span>
     <span class='ocr_line' id='line_1_20' title="bbox 132 2663 1302 2752; baseline -0.002 -26"><span class='ocrx_word' id='word_1_141' title='bbox 132 2673 238 2738; x_wconf 87' lang='lat' dir='ltr'>manat,</span> <span class='ocrx_word' id='word_1_142' title='bbox 256 2668 348 2730; x_wconf 90' lang='lat' dir='ltr'>iuxta</span> <span class='ocrx_word' id='word_1_143' title='bbox 363 2667 443 2732; x_wconf 90' lang='lat' dir='ltr'>iuris</span> <span class='ocrx_word' id='word_1_144' title='bbox 466 2663 613 2731; x_wconf 83' lang='lat' dir='ltr'>effatum:</span> <span class='ocrx_word' id='word_1_145' title='bbox 632 2678 650 2700; x_wconf 73' lang='lat'>‘⁶</span> <span class='ocrx_word' id='word_1_146' title='bbox 667 2666 872 2752; x_wconf 86' lang='lat' dir='ltr'>Temporalia</span> <span class='ocrx_word' id='word_1_147' title='bbox 895 2665 935 2730; x_wconf 88' lang='lat' dir='ltr'>ad</span> <span class='ocrx_word' id='word_1_148' title='bbox 958 2664 1127 2749; x_wconf 85' lang='lat' dir='ltr'>agendum,</span> <span class='ocrx_word' id='word_1_149' title='bbox 1145 2667 1302 2748; x_wconf 89' lang='lat' dir='ltr'>perpetua</span> 
     </span>
     <span class='ocr_line' id='line_1_21' title="bbox 131 2787 1303 2876; baseline -0.001 -25"><span class='ocrx_word' id='word_1_150' title='bbox 131 2790 252 2856; x_wconf 86' lang='lat' dir='ltr'>suntad</span> <span class='ocrx_word' id='word_1_151' title='bbox 266 2790 494 2876; x_wconf 89' lang='lat' dir='ltr'>excipiendum</span> <span class='ocrx_word' id='word_1_152' title='bbox 512 2789 530 2817; x_wconf 88' lang='grc'><em>”</em></span> <span class='ocrx_word' id='word_1_153' title='bbox 544 2788 607 2876; x_wconf 80' lang='lat'>(2);</span> <span class='ocrx_word' id='word_1_154' title='bbox 625 2791 760 2874; x_wconf 91' lang='lat' dir='ltr'>ideoque</span> <span class='ocrx_word' id='word_1_155' title='bbox 775 2791 926 2856; x_wconf 89' lang='lat' dir='ltr'>delictum</span> <span class='ocrx_word' id='word_1_156' title='bbox 943 2789 1032 2872; x_wconf 89' lang='lat' dir='ltr'>illud,</span> <span class='ocrx_word' id='word_1_157' title='bbox 1057 2790 1116 2853; x_wconf 91' lang='lat' dir='ltr'>etsi</span> <span class='ocrx_word' id='word_1_158' title='bbox 1140 2787 1303 2872; x_wconf 89' lang='lat' dir='ltr'>praescri·</span> 
     </span>
    </p>
   </div>
   <div class='ocr_carea' id='block_1_3' title="bbox 131 3029 1307 3427">
    <p class='ocr_par' dir='ltr' id='par_1_5' title="bbox 131 3029 1307 3427">
     <span class='ocr_line' id='line_1_22' title="bbox 204 3029 1304 3106; baseline -0.005 -16"><span class='ocrx_word' id='word_1_159' title='bbox 204 3037 244 3106; x_wconf 77' lang='lat' dir='ltr'>(l)</span> <span class='ocrx_word' id='word_1_160' title='bbox 263 3036 296 3092; x_wconf 90' lang='lat' dir='ltr'>ln</span> <span class='ocrx_word' id='word_1_161' title='bbox 314 3035 437 3104; x_wconf 82' lang='lat' dir='ltr'>negotiis</span> <span class='ocrx_word' id='word_1_162' title='bbox 455 3036 583 3089; x_wconf 80' lang='lat' dir='ltr'>ciuilibus</span> <span class='ocrx_word' id='word_1_163' title='bbox 597 3034 750 3104; x_wconf 79' lang='lat' dir='ltr'>applicatio</span> <span class='ocrx_word' id='word_1_164' title='bbox 763 3033 845 3087; x_wconf 89' lang='lat' dir='ltr'>buius</span> <span class='ocrx_word' id='word_1_165' title='bbox 859 3032 988 3103; x_wconf 91' lang='lat' dir='ltr'>principii</span> <span class='ocrx_word' id='word_1_166' title='bbox 1002 3031 1110 3086; x_wconf 87' lang='lat' dir='ltr'>nullam</span> <span class='ocrx_word' id='word_1_167' title='bbox 1123 3031 1237 3086; x_wconf 83' lang='lat' dir='ltr'>facessit</span> <span class='ocrx_word' id='word_1_168' title='bbox 1250 3029 1304 3084; x_wconf 83' lang='lat' dir='ltr'>dii·</span> 
     </span>
     <span class='ocr_line' id='line_1_23' title="bbox 131 3140 1305 3212; baseline -0.002 -19"><span class='ocrx_word' id='word_1_169' title='bbox 131 3143 344 3210; x_wconf 82' lang='lat' dir='ltr'>ficnltatem,sad</span> <span class='ocrx_word' id='word_1_170' title='bbox 363 3143 391 3196; x_wconf 91' lang='lat' dir='ltr'>in</span> <span class='ocrx_word' id='word_1_171' title='bbox 404 3144 613 3208; x_wconf 73' lang='lat' dir='ltr'>criminalibus,</span> <span class='ocrx_word' id='word_1_172' title='bbox 625 3159 709 3212; x_wconf 87' lang='lat' dir='ltr'>quum</span> <span class='ocrx_word' id='word_1_173' title='bbox 729 3142 811 3196; x_wconf 89' lang='lat' dir='ltr'>hodie</span> <span class='ocrx_word' id='word_1_174' title='bbox 831 3141 998 3210; x_wconf 86' lang='lat' dir='ltr'>procedatur</span> <span class='ocrx_word' id='word_1_175' title='bbox 1012 3141 1046 3194; x_wconf 88' lang='lat' dir='ltr'>ad</span> <span class='ocrx_word' id='word_1_176' title='bbox 1059 3140 1221 3194; x_wconf 87' lang='lat' dir='ltr'>instantiam</span> <span class='ocrx_word' id='word_1_177' title='bbox 1235 3156 1305 3210; x_wconf 79' lang='lat' dir='ltr'>pro·</span> 
     </span>
     <span class='ocr_line' id='line_1_24' title="bbox 132 3247 1307 3321; baseline -0.004 -19"><span class='ocrx_word' id='word_1_178' title='bbox 132 3254 236 3304; x_wconf 76' lang='lat' dir='ltr'>nataris</span> <span class='ocrx_word' id='word_1_179' title='bbox 254 3251 362 3321; x_wconf 73' lang='lat' dir='ltr'>fiscalis</span> <span class='ocrx_word' id='word_1_180' title='bbox 380 3249 426 3304; x_wconf 85' lang='lat' dir='ltr'>vel</span> <span class='ocrx_word' id='word_1_181' title='bbox 445 3267 482 3303; x_wconf 79' lang='lat' dir='ltr'>erc</span> <span class='ocrx_word' id='word_1_182' title='bbox 499 3249 589 3320; x_wconf 77' lang='lat' dir='ltr'>officio</span> <span class='ocrx_word' id='word_1_183' title='bbox 608 3251 644 3302; x_wconf 90' lang='lat' dir='ltr'>ab</span> <span class='ocrx_word' id='word_1_184' title='bbox 664 3248 723 3318; x_wconf 89' lang='lat' dir='ltr'>ipso</span> <span class='ocrx_word' id='word_1_185' title='bbox 743 3248 833 3302; x_wconf 89' lang='lat' dir='ltr'>iudice</span> <span class='ocrx_word' id='word_1_186' title='bbox 853 3253 882 3303; x_wconf 85' lang='lat' dir='ltr'>et</span> <span class='ocrx_word' id='word_1_187' title='bbox 900 3251 985 3302; x_wconf 86' lang='lat' dir='ltr'>antea</span> <span class='ocrx_word' id='word_1_188' title='bbox 998 3247 1196 3317; x_wconf 87' lang='lat' dir='ltr'>praemittatur</span> <span class='ocrx_word' id='word_1_189' title='bbox 1216 3248 1307 3315; x_wconf 82' lang='lat' dir='ltr'>inpui-</span> 
     </span>
     <span class='ocr_line' id='line_1_25' title="bbox 133 3352 1306 3427; baseline -0.004 -19"><span class='ocrx_word' id='word_1_190' title='bbox 133 3359 201 3420; x_wconf 79' lang='lat' dir='ltr'>sirio,</span> <span class='ocrx_word' id='word_1_191' title='bbox 220 3357 284 3411; x_wconf 89' lang='lat' dir='ltr'>inde</span> <span class='ocrx_word' id='word_1_192' title='bbox 311 3357 437 3427; x_wconf 87' lang='lat' dir='ltr'>seqnitur</span> <span class='ocrx_word' id='word_1_193' title='bbox 466 3355 658 3410; x_wconf 84' lang='lat' dir='ltr'>instruendum</span> <span class='ocrx_word' id='word_1_194' title='bbox 682 3371 743 3408; x_wconf 89' lang='lat' dir='ltr'>esse</span> <span class='ocrx_word' id='word_1_195' title='bbox 768 3370 927 3423; x_wconf 86' lang='lat' dir='ltr'>processum</span> <span class='ocrx_word' id='word_1_196' title='bbox 954 3355 1152 3424; x_wconf 70' lang='lat' dir='ltr'>inquisitionum,</span> <span class='ocrx_word' id='word_1_197' title='bbox 1179 3352 1306 3422; x_wconf 86' lang='lat' dir='ltr'>quamvis</span> 
     </span>
    </p>
   </div>
   <div class='ocr_carea' id='block_1_4' title="bbox 55 3460 1306 3534">
    <p class='ocr_par' dir='ltr' id='par_1_6' title="bbox 55 3460 1306 3534">
     <span class='ocr_line' id='line_1_26' title="bbox 55 3460 1306 3534; baseline -0.006 -17"><span class='ocrx_word' id='word_1_198' title='bbox 55 3508 56 3517; x_wconf 71' lang='grc'>,</span> <span class='ocrx_word' id='word_1_199' title='bbox 133 3475 245 3530; x_wconf 85' lang='lat' dir='ltr'>promat.</span> <span class='ocrx_word' id='word_1_200' title='bbox 258 3465 364 3534; x_wconf 76' lang='lat' dir='ltr'>fiscalis</span> <span class='ocrx_word' id='word_1_201' title='bbox 382 3469 432 3516; x_wconf 87' lang='lat' dir='ltr'>aut</span> <span class='ocrx_word' id='word_1_202' title='bbox 449 3463 537 3516; x_wconf 71' lang='lat' dir='ltr'>iudea</span> <span class='ocrx_word' id='word_1_203' title='bbox 555 3463 641 3531; x_wconf 89' lang='lat' dir='ltr'>probe</span> <span class='ocrx_word' id='word_1_204' title='bbox 654 3461 755 3525; x_wconf 88' lang='lat' dir='ltr'>sciant,</span> <span class='ocrx_word' id='word_1_205' title='bbox 765 3467 897 3514; x_wconf 89' lang='lat' dir='ltr'>accusato</span> <span class='ocrx_word' id='word_1_206' title='bbox 917 3465 1027 3529; x_wconf 89' lang='lat' dir='ltr'>praesto</span> <span class='ocrx_word' id='word_1_207' title='bbox 1040 3477 1100 3515; x_wconf 90' lang='lat' dir='ltr'>esse</span> <span class='ocrx_word' id='word_1_208' title='bbox 1114 3460 1306 3528; x_wconf 78' lang='lat' dir='ltr'>arreptionem</span> 
     </span>
    </p>
   </div>
   <div class='ocr_carea' id='block_1_5' title="bbox 133 3565 1311 4383">
    <p class='ocr_par' dir='ltr' id='par_1_7' title="bbox 133 3565 1309 4172">
     <span class='ocr_line' id='line_1_27' title="bbox 133 3565 1307 3640; baseline -0.003 -21"><span class='ocrx_word' id='word_1_209' title='bbox 133 3572 365 3640; x_wconf 76' lang='lat' dir='ltr'>praescriptionis,</span> <span class='ocrx_word' id='word_1_210' title='bbox 385 3569 488 3623; x_wconf 86' lang='lat' dir='ltr'>Verum</span> <span class='ocrx_word' id='word_1_211' title='bbox 504 3573 590 3623; x_wconf 76' lang='lat' dir='ltr'>&#39;totus</span> <span class='ocrx_word' id='word_1_212' title='bbox 612 3584 756 3638; x_wconf 84' lang='lat' dir='ltr'>processus</span> <span class='ocrx_word' id='word_1_213' title='bbox 775 3567 956 3638; x_wconf 88' lang='lat' dir='ltr'>inquisitivus</span> <span class='ocrx_word' id='word_1_214' title='bbox 981 3571 1133 3620; x_wconf 88' lang='lat' dir='ltr'>evacuatur</span> <span class='ocrx_word' id='word_1_215' title='bbox 1159 3565 1254 3617; x_wconf 88' lang='lat' dir='ltr'>statim</span> <span class='ocrx_word' id='word_1_216' title='bbox 1274 3579 1307 3616; x_wconf 88' lang='lat' dir='ltr'>ac</span> 
     </span>
     <span class='ocr_line' id='line_1_28' title="bbox 135 3669 1308 3742; baseline -0.004 -15"><span class='ocrx_word' id='word_1_217' title='bbox 135 3683 282 3742; x_wconf 75' lang='lat' dir='ltr'>accusatus,</span> <span class='ocrx_word' id='word_1_218' title='bbox 301 3679 404 3733; x_wconf 84' lang='lat' dir='ltr'>certior</span> <span class='ocrx_word' id='word_1_219' title='bbox 421 3677 513 3730; x_wconf 86' lang='lat' dir='ltr'>factus</span> <span class='ocrx_word' id='word_1_220' title='bbox 530 3675 564 3729; x_wconf 91' lang='lat' dir='ltr'>de</span> <span class='ocrx_word' id='word_1_221' title='bbox 583 3674 771 3738; x_wconf 88' lang='lat' dir='ltr'>accusatione,</span> <span class='ocrx_word' id='word_1_222' title='bbox 791 3673 985 3742; x_wconf 82' lang='lat' dir='ltr'>exceptionem</span> <span class='ocrx_word' id='word_1_223' title='bbox 1008 3673 1131 3741; x_wconf 87' lang='lat' dir='ltr'>opponit.</span> <span class='ocrx_word' id='word_1_224' title='bbox 1151 3699 1163 3710; x_wconf 96' lang='lat'><em>-</em></span> <span class='ocrx_word' id='word_1_225' title='bbox 1182 3669 1211 3722; x_wconf 91' lang='lat' dir='ltr'>ln</span> <span class='ocrx_word' id='word_1_226' title='bbox 1231 3669 1308 3722; x_wconf 88' lang='lat' dir='ltr'>hisce</span> 
     </span>
     <span class='ocr_line' id='line_1_29' title="bbox 136 3776 1308 3861; baseline -0.003 -28"><span class='ocrx_word' id='word_1_227' title='bbox 136 3784 238 3837; x_wconf 81' lang='lat' dir='ltr'>casibus</span> <span class='ocrx_word' id='word_1_228' title='bbox 255 3790 332 3839; x_wconf 89' lang='lat' dir='ltr'>certa</span> <span class='ocrx_word' id='word_1_229' title='bbox 350 3782 442 3849; x_wconf 85' lang='lat' dir='ltr'>iudex,</span> <span class='ocrx_word' id='word_1_230' title='bbox 455 3786 486 3835; x_wconf 90' lang='lat' dir='ltr'>ut</span> <span class='ocrx_word' id='word_1_231' title='bbox 499 3785 596 3861; x_wconf 85' lang='lat' dir='ltr'>parcat</span> <span class='ocrx_word' id='word_1_232' title='bbox 611 3779 728 3849; x_wconf 90' lang='lat' dir='ltr'>tempori</span> <span class='ocrx_word' id='word_1_233' title='bbox 748 3784 777 3832; x_wconf 88' lang='lat' dir='ltr'>et</span> <span class='ocrx_word' id='word_1_234' title='bbox 796 3777 924 3848; x_wconf 84' lang='lat' dir='ltr'>expensis</span> <span class='ocrx_word' id='word_1_235' title='bbox 938 3777 1032 3831; x_wconf 91' lang='lat' dir='ltr'>iudicii</span> <span class='ocrx_word' id='word_1_236' title='bbox 1053 3776 1209 3848; x_wconf 83' lang='lat' dir='ltr'>inquisitivi</span> <span class='ocrx_word' id='word_1_237' title='bbox 1224 3779 1253 3829; x_wconf 89' lang='lat' dir='ltr'>et</span> <span class='ocrx_word' id='word_1_238' title='bbox 1273 3793 1308 3830; x_wconf 91' lang='lat' dir='ltr'>ne</span> 
     </span>
     <span class='ocr_line' id='line_1_30' title="bbox 137 3881 1309 3954; baseline -0.003 -18"><span class='ocrx_word' id='word_1_239' title='bbox 137 3891 261 3942; x_wconf 82' lang='lat' dir='ltr'>niemoria</span> <span class='ocrx_word' id='word_1_240' title='bbox 280 3891 383 3944; x_wconf 88' lang='lat' dir='ltr'>iterum</span> <span class='ocrx_word' id='word_1_241' title='bbox 403 3887 544 3942; x_wconf 83' lang='lat' dir='ltr'>excitetur</span> <span class='ocrx_word' id='word_1_242' title='bbox 562 3885 689 3939; x_wconf 86' lang='lat' dir='ltr'>criminis</span> <span class='ocrx_word' id='word_1_243' title='bbox 707 3885 791 3954; x_wconf 77' lang='lat' dir='ltr'>sopiti</span> <span class='ocrx_word' id='word_1_244' title='bbox 809 3889 839 3937; x_wconf 91' lang='lat' dir='ltr'>et</span> <span class='ocrx_word' id='word_1_245' title='bbox 856 3885 1000 3953; x_wconf 79' lang='lat' dir='ltr'>antiquati,</span> <span class='ocrx_word' id='word_1_246' title='bbox 1018 3883 1133 3937; x_wconf 89' lang='lat' dir='ltr'>deberet</span> <span class='ocrx_word' id='word_1_247' title='bbox 1152 3897 1206 3952; x_wconf 90' lang='lat' dir='ltr'>quo</span> <span class='ocrx_word' id='word_1_248' title='bbox 1225 3881 1309 3934; x_wconf 86' lang='lat' dir='ltr'>citius</span> 
     </span>
     <span class='ocr_line' id='line_1_31' title="bbox 136 3975 1309 4062; baseline -0.003 -17"><span class='ocrx_word' id='word_1_249' title='bbox 136 3975 276 4052; x_wconf 80' lang='lat' dir='ltr'>admonere</span> <span class='ocrx_word' id='word_1_250' title='bbox 294 4001 455 4051; x_wconf 89' lang='lat' dir='ltr'>accusatum</span> <span class='ocrx_word' id='word_1_251' title='bbox 474 3999 505 4049; x_wconf 90' lang='lat' dir='ltr'>ut</span> <span class='ocrx_word' id='word_1_252' title='bbox 523 4011 552 4049; x_wconf 87' lang='lat' dir='ltr'>se</span> <span class='ocrx_word' id='word_1_253' title='bbox 571 3994 732 4048; x_wconf 79' lang='lat' dir='ltr'>detenderet</span> <span class='ocrx_word' id='word_1_254' title='bbox 751 3993 833 4062; x_wconf 88' lang='lat' dir='ltr'>eique</span> <span class='ocrx_word' id='word_1_255' title='bbox 853 3991 1024 4046; x_wconf 88' lang='lat' dir='ltr'>constituere</span> <span class='ocrx_word' id='word_1_256' title='bbox 1044 3994 1261 4059; x_wconf 87' lang='lat' dir='ltr'>procuratorem,</span> <span class='ocrx_word' id='word_1_257' title='bbox 1274 4006 1309 4042; x_wconf 89' lang='lat' dir='ltr'>ne</span> 
     </span>
     <span class='ocr_line' id='line_1_32' title="bbox 138 4099 774 4172; baseline -0.006 -18"><span class='ocrx_word' id='word_1_258' title='bbox 138 4105 371 4168; x_wconf 84' lang='lat' dir='ltr'>praetermittatur</span> <span class='ocrx_word' id='word_1_259' title='bbox 389 4101 518 4170; x_wconf 84' lang='lat' dir='ltr'>exceptio</span> <span class='ocrx_word' id='word_1_260' title='bbox 538 4099 774 4172; x_wconf 78' lang='lat' dir='ltr'>praescriptionis.</span> 
     </span>
    </p>

    <p class='ocr_par' dir='ltr' id='par_1_8' title="bbox 140 4201 1311 4383">
     <span class='ocr_line' id='line_1_33' title="bbox 215 4201 1310 4278; baseline -0.006 -17"><span class='ocrx_word' id='word_1_261' title='bbox 215 4210 255 4278; x_wconf 75' lang='grc'>(2)</span> <span class='ocrx_word' id='word_1_262' title='bbox 268 4209 307 4264; x_wconf 90' lang='lat' dir='ltr'>De</span> <span class='ocrx_word' id='word_1_263' title='bbox 316 4205 751 4274; x_wconf 77' lang='lat' dir='ltr'>sensuetvalorehuiusregulae</span> <span class='ocrx_word' id='word_1_264' title='bbox 762 4205 870 4274; x_wconf 78' lang='lat' dir='ltr'>egimus</span> <span class='ocrx_word' id='word_1_265' title='bbox 881 4204 908 4255; x_wconf 93' lang='lat' dir='ltr'>in</span> <span class='ocrx_word' id='word_1_266' title='bbox 918 4201 996 4256; x_wconf 83' lang='lat' dir='ltr'>Voll</span> <span class='ocrx_word' id='word_1_267' title='bbox 1010 4220 1036 4256; x_wconf 93' lang='lat' dir='ltr'>n.</span> <span class='ocrx_word' id='word_1_268' title='bbox 1045 4203 1111 4266; x_wconf 76' lang='lat'>2833</span> <span class='ocrx_word' id='word_1_269' title='bbox 1123 4219 1239 4272; x_wconf 86' lang='lat' dir='ltr'>supran.</span> <span class='ocrx_word' id='word_1_270' title='bbox 1251 4201 1310 4268; x_wconf 85' lang='lat'>117,</span> 
     </span>
     <span class='ocr_line' id='line_1_34' title="bbox 140 4307 1311 4383; baseline -0.003 -18"><span class='ocrx_word' id='word_1_271' title='bbox 140 4315 241 4382; x_wconf 70' lang='lat' dir='ltr'>egimus</span> <span class='ocrx_word' id='word_1_272' title='bbox 258 4315 292 4370; x_wconf 92' lang='lat' dir='ltr'>de</span> <span class='ocrx_word' id='word_1_273' title='bbox 311 4310 474 4368; x_wconf 88' lang='lat' dir='ltr'>criminibus</span> <span class='ocrx_word' id='word_1_274' title='bbox 491 4330 540 4383; x_wconf 85' lang='lat' dir='ltr'>per</span> <span class='ocrx_word' id='word_1_275' title='bbox 560 4315 750 4382; x_wconf 75' lang='lat' dir='ltr'>exceptionem</span> <span class='ocrx_word' id='word_1_276' title='bbox 771 4311 798 4363; x_wconf 94' lang='lat' dir='ltr'>in</span> <span class='ocrx_word' id='word_1_277' title='bbox 818 4309 950 4363; x_wconf 85' lang='lat' dir='ltr'>iudicium</span> <span class='ocrx_word' id='word_1_278' title='bbox 964 4308 1097 4374; x_wconf 90' lang='lat' dir='ltr'>deductis,</span> <span class='ocrx_word' id='word_1_279' title='bbox 1110 4308 1157 4363; x_wconf 87' lang='lat' dir='ltr'>sed</span> <span class='ocrx_word' id='word_1_280' title='bbox 1170 4307 1215 4362; x_wconf 89' lang='lat' dir='ltr'>bic</span> <span class='ocrx_word' id='word_1_281' title='bbox 1228 4307 1311 4363; x_wconf 89' lang='lat' dir='ltr'>intel-</span> 
     </span>
    </p>
   </div>
   <div class='ocr_carea' id='block_1_6' title="bbox 140 4418 1310 4617">
    <p class='ocr_par' dir='ltr' id='par_1_9' title="bbox 140 4418 1310 4617">
     <span class='ocr_line' id='line_1_35' title="bbox 140 4418 1310 4493; baseline -0.003 -20"><span class='ocrx_word' id='word_1_282' title='bbox 140 4421 185 4491; x_wconf 78' lang='lat' dir='ltr'>ligi</span> <span class='ocrx_word' id='word_1_283' title='bbox 204 4425 288 4479; x_wconf 84' lang='lat' dir='ltr'>debet</span> <span class='ocrx_word' id='word_1_284' title='bbox 306 4424 434 4493; x_wconf 81' lang='lat' dir='ltr'>exceptio</span> <span class='ocrx_word' id='word_1_285' title='bbox 446 4427 556 4477; x_wconf 92' lang='lat' dir='ltr'>tantum</span> <span class='ocrx_word' id='word_1_286' title='bbox 569 4422 660 4493; x_wconf 87' lang='lat' dir='ltr'>quoad</span> <span class='ocrx_word' id='word_1_287' title='bbox 674 4422 790 4476; x_wconf 82' lang='lat' dir='ltr'>effectus</span> <span class='ocrx_word' id='word_1_288' title='bbox 804 4420 959 4484; x_wconf 78' lang='lat' dir='ltr'>corronicos,</span> <span class='ocrx_word' id='word_1_289' title='bbox 974 4433 1028 4472; x_wconf 90' lang='lat' dir='ltr'>non</span> <span class='ocrx_word' id='word_1_290' title='bbox 1042 4418 1151 4488; x_wconf 90' lang='lat' dir='ltr'>proprie</span> <span class='ocrx_word' id='word_1_291' title='bbox 1164 4419 1310 4489; x_wconf 82' lang='lat' dir='ltr'>poenales,</span> 
     </span>
     <span class='ocr_line' id='line_1_36' title="bbox 209 4540 1240 4617; baseline -0.008 -16"><span class='ocrx_word' id='word_1_292' title='bbox 209 4547 268 4601; x_wconf 84' lang='lat' dir='ltr'>Suc.</span> <span class='ocrx_word' id='word_1_293' title='bbox 288 4547 366 4617; x_wconf 75' lang='lat' dir='ltr'>Lapa</span> <span class='ocrx_word' id='word_1_294' title='bbox 386 4546 446 4600; x_wconf 82' lang='lat' dir='ltr'>Lib.</span> <span class='ocrx_word' id='word_1_295' title='bbox 466 4545 499 4612; x_wconf 92' lang='lat' dir='ltr'>ll,</span> <span class='ocrx_word' id='word_1_296' title='bbox 519 4544 573 4600; x_wconf 83' lang='lat' dir='ltr'>vol.</span> <span class='ocrx_word' id='word_1_297' title='bbox 594 4544 640 4598; x_wconf 88' lang='lat' dir='ltr'>IV.</span> <span class='ocrx_word' id='word_1_298' title='bbox 1209 4540 1240 4594; x_wconf 85' lang='lat'>17</span> 
     </span>
    </p>
   </div>
   <div class='ocr_carea' id='block_1_7' title="bbox 0 0 1703 5100">
    <p class='ocr_par' dir='ltr' id='par_1_10' title="bbox 0 0 1703 5100">
     <span class='ocr_line' id='line_1_37' title="bbox 0 0 1703 5100; baseline 0 0"><span class='ocrx_word' id='word_1_299' title='bbox 0 0 1703 5100; x_wconf 95' lang='lat' dir='ltr'> </span> 
     </span>
    </p>
   </div>
  </div>
 </body>
</html>
