3350 5100
483 320 528 368 ua
552 321 691 369 runicus
715 321 969 369 calumnians.
1250 299 1313 364 195

225 449 353 512 Verum
368 446 452 510 haec
467 447 550 510 ratio
565 445 761 531 procedendi
777 465 837 530 per
852 445 1148 511 denunciationem
1164 443 1311 508 substan-

110 545 116 556 ·
139 573 204 636 tiali
220 572 351 636 ridetur
366 571 516 636 laborare
531 571 675 646 defedtm
687 571 843 654 siquidem
859 569 950 635 deest
966 589 1105 654 persona
1116 567 1241 636 actoris
1256 585 1313 631 seu

139 695 356 760 acacsatoris.
372 694 433 768 Qui
449 693 596 758 deiectus
618 693 699 759 adeo
720 691 758 757 tlt
779 695 923 778 gravior,
937 689 1064 776 quando
1087 696 1314 776 argumentata

138 815 371 882 denunciatoro
388 816 591 902 suppeditata
613 836 687 881 cum
709 817 775 881 sint
794 816 933 900 imparia
955 814 1214 900 pronunciationi
1238 831 1313 877 scn-

139 943 259 1008 tentiae
288 942 462 1008 iudicialis
485 943 796 1022 condemnatoriac,
818 940 916 1006 iudex
940 960 999 1025 per
1022 959 1112 1004 suam
1137 937 1313 1022 inquisitio·

139 1085 220 1145 nem,
244 1067 401 1152 supplere
423 1067 518 1132 debet
539 1064 727 1131 deficientes
748 1066 965 1152 probationes,
979 1063 1125 1130 subtilius
1149 1083 1217 1128 rem
1241 1080 1315 1126 exa·

139 1195 274 1262 minans.
299 1199 336 1256 ut
359 1193 489 1278 detegat
517 1212 560 1257 an
590 1211 708 1258 revera
742 1193 865 1257 crimen
898 1210 917 1254 a
947 1190 1152 1256 denunciato
1183 1193 1315 1253 auctore

139 1320 301 1397 patratum
315 1316 367 1379 sit.
380 1315 494 1398 ltaque
509 1314 637 1397 quando
651 1314 751 1379 iudex
762 1313 909 1398 procedit
924 1332 969 1406 eoo
980 1312 1087 1397 officio
1101 1313 1169 1376 sivo
1182 1310 1316 1396 praevia

138 1437 411 1518 dmnnciatimsa
428 1441 498 1504 sive
508 1424 638 1504 ¹tantum
657 1459 718 1524 ope
735 1438 975 1524 inquisitionis,
992 1439 1170 1520 quaeritur,
1186 1437 1316 1518 quinam

139 1568 170 1630 in
189 1566 351 1631 eiusmodi
375 1565 494 1631 iudicio
516 1571 626 1649 partes
648 1563 781 1648 expleat
801 1564 928 1630 actoris
949 1583 1007 1628 seu
1029 1561 1248 1630 connato-ts.

225 1693 363 1756 Revera
385 1691 533 1756 indicem
547 1690 730 1755 distinctum
748 1709 821 1754 esse
836 1695 989 1774 oportere
1012 1687 1053 1754 ab
1076 1694 1192 1756 actore
1205 1685 1317 1752 iubent

138 1818 194 1902 ipsi
218 1817 334 1880 Sancti
352 1815 478 1887 Patres,
494 1819 674 1882 statuentes
688 1815 828 1899 aliquem
844 1834 910 1879 non
927 1833 1020 1899 posse
1038 1812 1245 1880 iudicialiter
1259 1831 1317 1876 seu

138 1941 169 2001 in
180 1941 255 2003 ioro
273 1946 415 2004 externo
430 1938 576 2003 damnari
588 1939 650 2003 nisi
661 1939 803 2004 instante
817 1943 1024 2004 acnosatorc.
1041 1973 1052 1986 ·
1068 1937 1099 2002 S.
1117 1937 1317 2021 Augustinus

137 2065 170 2126 in
184 2083 265 2128 can.
278 2061 331 2142 18,
343 2080 437 2126 cans.
452 2061 489 2141 2,
505 2080 537 2145 q.
551 2064 582 2136 1,
598 2062 659 2126 ait:
676 2082 694 2123 c
712 2061 792 2132 Quis
807 2061 899 2126 enim
913 2059 978 2127 stoi
992 2065 1176 2144 atramque
1191 2059 1317 2124 audeat

137 2205 315 2252 assumere
329 2192 367 2250 at
383 2187 547 2270 cuiqnam
561 2186 635 2268 ipsc
648 2187 692 2251 sit
705 2191 886 2252 accinatur
905 2189 938 2250 ct
951 2180 1084 2252 indeo?
1100 2186 1180 2249 etin
1196 2203 1271 2250 can.
1288 2186 1315 2254 1.

136 2332 226 2378 cans.
243 2311 281 2384 4,
297 2331 330 2395 q.
343 2312 370 2382 Ι,
383 2309 538 2377 attributo
551 2309 694 2375 Fabiano
708 2311 826 2394 Papae,
844 2312 1009 2376 statuitur:
1022 2309 1148 2374 Nullas
1163 2329 1317 2394 unquam

137 2444 341 2520 praesumat
355 2441 537 2503 accusator
551 2438 653 2502 simul
668 2455 739 2502 esse
754 2441 786 2502 et
799 2437 908 2502 indeo
922 2441 952 2500 et
968 2435 1058 2500 testis
1074 2455 1104 2499 o.
1119 2433 1214 2499 Hanc
1229 2453 1317 2498 eam-

137 2564 207 2629 dem
230 2565 385 2649 regulam
408 2564 468 2628 sibi
488 2563 598 2629 obiicit
613 2563 820 2628 Innocentius
840 2562 900 2636 111,
917 2564 1115 2627 instaurator
1135 2578 1317 2643 processus

138 2812 228 2877 item
251 2812 299 2876 sit
317 2818 498 2877 comisator
516 2816 548 2876 ct
564 2811 682 2884 iudea,
699 2812 759 2877 sed
781 2811 881 2894 qnasi
904 2810 1131 2875 annunciante
1152 2808 1251 2889 sanna
1265 2808 1317 2873 oet

136 2936 314 3018 defercme
337 2937 494 3007 clamore.
520 2935 620 3019 officii
642 2936 696 3000 sai
718 2933 841 3019 (iudex)
864 2932 1014 3000 debitam
1036 2938 1229 3017 coaequatur
1244 2952 1275 2994 s.
1298 2965 1316 2979 -

139 3058 370 3140 Quamobrem,
394 3061 439 3123 ait
462 3059 626 3140 Pontifex,
650 3060 749 3125 iudex
774 3079 841 3124 non
867 3060 936 3143 ipso
963 3064 1095 3123 accusat
1118 3056 1174 3122 sed
1198 3056 1319 3140 excipit

138 3185 318 3250 clamorem
344 3184 460 3259 lamae,
485 3185 576 3267 quasi
600 3204 713 3249 vocem
745 3185 961 3256 accusatoris,
986 3184 1054 3248 sivo
1077 3182 1165 3247 fama
1187 3180 1227 3246 ad
1250 3181 1319 3245 eius

137 3328 237 3374 aures
262 3310 451 3391 pervenerit
463 3327 522 3392 per
537 3328 629 3372 suum
645 3308 830 3380 clamorem,
847 3310 916 3373 sive
931 3328 991 3394 per
1014 3327 1127 3372 vocem
1143 3306 1318 3372 denuncio·
1336 3308 1337 3311 ’

138 3436 229 3499 toris.
251 3432 331 3497 lnde
343 3451 388 3497 ca
403 3432 511 3517 officio
535 3433 634 3499 iudex
650 3434 792 3519 explicat
806 3434 840 3497 in
857 3432 972 3499 iudicio
988 3440 1188 3519 argumenta,
1205 3431 1319 3516 quibus

139 3558 226 3622 lama
244 3558 345 3623 alitur
360 3562 393 3621 et
407 3557 555 3633 fovetur;
571 3566 604 3622 et
619 3558 746 3641 quando
764 3577 838 3622 reus
861 3558 907 3624 ita
929 3554 1110 3623 diffamatus
1125 3577 1189 3623 non
1212 3556 1319 3621 valeat

139 3682 280 3767 probare
318 3702 409 3748 suam
442 3682 681 3763 innocentiam,
715 3684 817 3748 veluti
851 3685 986 3749 crimine
1021 3684 1204 3762 convictus,
1240 3700 1318 3746 oon-

138 3806 323 3874 damnatur.

231 3932 307 3998 138.
342 3932 485 3998 Proinde
515 3952 613 4017 quum
643 3933 726 3998 desit
755 3934 887 4001 clamor
917 3932 1163 4013 denunciantis,
1191 3931 1320 3996 notoria

141 4055 294 4138 infamia
304 4062 415 4141 partes
427 4057 538 4141 explet
552 4059 769 4138 accusatoris,
783 4057 959 4140 eademque
972 4056 1150 4139 requiritur
1165 4075 1319 4140 expresse

141 4181 262 4247 aiore
279 4182 437 4263 positivo,
462 4201 532 4267 arg.
557 4183 609 4247 cit.
634 4200 707 4265 cap.
733 4182 792 4257 24,
816 4183 863 4248 uti
887 4182 1081 4247 elementum
1100 4184 1319 4247 necessarium

142 4304 251 4370 iudicii
274 4306 471 4391 inquisitioi.
490 4306 625 4372 -Huius
651 4315 758 4372 autem
783 4308 1000 4393 responsionis
1024 4306 1171 4373 redditae
1192 4327 1213 4373 a
1235 4310 1318 4373 Pon-

142 4426 229 4494 tifice
242 4432 315 4495 lna.
329 4432 376 4497 Ill
391 4430 496 4505 valor,
509 4430 629 4517 duplici
640 4431 699 4497 sub
714 4437 846 4517 aspectu
863 4432 1063 4498 considerari
1080 4438 1193 4517 potest,
1208 4453 1322 4519 nempe
