3350 5100
353 264 419 330 506
497 340 501 357 ι
862 282 946 329 enas
969 282 1020 328 111.

352 407 491 470 maxime
515 406 652 471 inservit
674 406 707 469 in
730 404 780 469 his
804 404 953 489 negotiis,
970 410 1018 467 est
1035 405 1150 488 peritia
1173 424 1231 469 seu
1254 404 1435 487 exploratio
1457 423 1528 469 cor·
1636 457 1638 468 ,

1636 495 1638 518 i

352 529 440 611 poris
463 528 526 591 viri
548 534 582 594 et
605 528 749 593 mulieris
765 530 797 593 in
815 527 920 591 causis
936 526 976 591 de
1000 526 1188 611 impotentia
1203 523 1340 591 coeundi
1363 532 1397 589 et
1418 525 1528 610 euplo

352 654 434 717 ratio
457 653 604 738 corporis
627 654 739 717 uxoris
762 654 794 715 in
819 652 937 718 iudicio
952 652 993 716 de
1009 652 1212 717 matrimonio
1227 657 1305 717 roto
1321 656 1355 716 et
1370 670 1441 716 non
1454 670 1529 716 con·

350 783 530 844 summoto.

440 903 515 967 479.
550 903 689 987 Tempus
723 904 800 967 utile
835 902 875 967 ad
911 902 1117 986 probationes
1150 900 1354 967 deducendas
1389 901 1530 966 babetur

352 1048 449 1111 usque
476 1026 517 1092 ad
540 1028 790 1093 conclusionem
821 1028 858 1091 in
884 1046 1007 1099 consa,
1031 1046 1090 1092 seu
1113 1046 1278 1110 quousque
1303 1045 1369 1091 non
1398 1024 1529 1089 finiatur

349 1151 458 1216 dilatio
474 1150 668 1236 probatoria.
685 1186 702 1198 -
719 1151 935 1218 Conclusioni
950 1152 987 1215 in
1002 1170 1107 1217 conso
1123 1150 1328 1234 subsequitur
1340 1150 1528 1232 publicatio

344 1295 535 1360 processus,
552 1296 647 1360 quam
665 1278 708 1341 ila
723 1276 917 1341 determinat
932 1278 985 1341 cit
1003 1278 1101 1341 Instr.
1115 1277 1146 1341 S.
1161 1274 1280 1349 Officii,
1297 1278 1320 1359 ἓ
1335 1276 1398 1341 22:
1413 1295 1433 1339 ‹
1447 1276 1530 1350 Qua·

346 1406 441 1467 tenus
464 1421 542 1467 voro
565 1405 711 1465 actorum
736 1400 934 1467 moderatori
951 1407 1007 1465 aut
1030 1400 1193 1466 defensori
1217 1408 1311 1466 matr.
1336 1400 1429 1465 nulla
1454 1421 1531 1483 pro-

347 1526 432 1591 batio
456 1524 653 1608 requirenda
675 1525 833 1599 videatur,
865 1523 939 1589 finis
970 1502 1144 1610 imponitur
1162 1525 1410 1607 probationum
1433 1526 1531 1591 colle·

347 1649 449 1715 ottoni
472 1655 505 1715 et
527 1668 696 1732 processus
719 1648 912 1733 publicetur.
937 1649 1032 1718 edito,
1058 1649 1121 1714 bac
1143 1670 1243 1734 super
1266 1670 1313 1729 re,
1337 1648 1475 1713 decreto
1491 1648 1529 1711 ab

347 1776 416 1859 ipso
441 1773 654 1867 moderatore,
678 1792 698 1836 a
721 1773 895 1839 defensore
918 1775 1124 1844 matrimonii,
1141 1780 1213 1838 eta
1236 1774 1434 1838 cancellario
1460 1772 1530 1837 sub

344 1899 516 1965 scribendo
536 1922 565 1963 a.
590 1900 747 1985 Distingui
775 1899 871 1965 debet
901 1900 984 1964 baec
1002 1897 1189 1982 publicatio
1216 1899 1417 1983 subsequens
1447 1920 1530 1967 con·

346 2024 489 2089 clusioni
511 2025 544 2088 in
567 2042 665 2089 causa
688 2044 707 2087 a
728 2024 957 2107 publicatione
975 2008 1130 2107 partiali,
1147 2044 1230 2107 quae
1251 2024 1427 2107 aliquando
1443 2023 1483 2089 fit
1497 2026 1529 2089 in

344 2149 421 2230 ipsc
444 2150 682 2214 contestatione
706 2147 809 2231 quoad
835 2149 1065 2232 particularem
1089 2152 1326 2214 attestationem
1349 2155 1407 2213 aut
1428 2150 1528 2214 aliam

344 2271 576 2356 probationem,
608 2274 699 2337 cuius
731 2274 844 2339 notitia
874 2273 1063 2339 conceditur
1086 2282 1121 2339 ut
1147 2275 1231 2339 alter
1261 2274 1358 2339 aliam
1385 2284 1529 2359 opponat

344 2394 577 2479 probationem,
602 2398 627 2460 si
651 2397 747 2460 velet.
780 2398 805 2459 Ε
831 2403 946 2461 contra
969 2396 1154 2480 publicatio
1184 2399 1298 2482 finolm
1321 2405 1354 2462 et
1377 2398 1418 2463 de
1449 2400 1527 2463 uni·

343 2540 439 2587 verso
461 2540 623 2603 processu
648 2518 720 2606 (nisi
744 2523 856 2608 gravis
874 2524 957 2588 ratio
980 2524 1164 2608 expostulet
1185 2524 1325 2607 aliquam
1350 2544 1528 2588 reservare

343 2644 577 2730 probationem)
602 2647 810 2728 consequitur
834 2646 1041 2713 conclusioni
1063 2647 1101 2712 in
1124 2667 1238 2712 consa.

433 2768 600 2834 Publicato
618 2789 696 2833 vero
712 2789 877 2856 processu,
894 2773 940 2834 ait
954 2772 976 2852 g
988 2771 1032 2835 23
1047 2771 1101 2836 cit.
1116 2773 1214 2836 lnstr.
1231 2768 1264 2835 S.
1282 2769 1390 2836 Officii
1406 2795 1425 2832 s
1483 2774 1526 2836 lo·

343 2913 400 2957 cus
423 2889 479 2958 fiat
501 2893 748 2968 defensionibus,
766 2914 846 2977 quas
861 2900 972 2979 partes
986 2895 1026 2958 ad
1045 2915 1104 2960 sua
1127 2897 1199 2960 iura
1222 2895 1341 2960 tuenda
1361 2897 1527 2960 voluerint

342 3020 495 3103 allegare,
510 3019 596 3084 facta
612 3021 723 3085 iisdem
737 3020 891 3086 facultate
902 3021 1074 3086 adhibendi
1088 3041 1143 3087 eos
1155 3022 1353 3101 defensores,
1367 3043 1448 3106 quos
1461 3042 1525 3087 ma-

340 3144 478 3219 luerinl;
502 3146 565 3208 imo
588 3146 847 3228 praemonendae
871 3149 968 3210 erunt
982 3145 1022 3210 de
1037 3147 1100 3210 boc
1116 3148 1187 3212 iure
1206 3153 1250 3227 nt,
1268 3148 1334 3211 lata
1349 3151 1524 3212 sententia.

341 3270 476 3334 iniustae
501 3275 615 3334 contra
639 3291 708 3334 eam
728 3272 921 3338 incusationi
944 3278 1000 3337 aut
1016 3272 1236 3336 reclamationi
1253 3271 1357 3336 aditus
1374 3273 1522 3356 praeclu·
1636 3284 1637 3369 i

340 3393 444 3460 datur.
462 3394 682 3479 Allegationes
698 3401 815 3466 autem,
834 3398 861 3460 si
885 3395 925 3460 ab
949 3395 1060 3460 iisdem
1076 3396 1204 3461 oblatae
1227 3396 1359 3469 fuerint,
1378 3416 1523 3462 commu·
1636 3382 1637 3385 ¹

341 3518 497 3585 nicandae
513 3525 609 3586 erunt
624 3520 786 3584 defensori
799 3521 921 3584 vinculi
937 3521 1193 3592 matrimonialis,
1211 3528 1245 3587 ut
1261 3541 1315 3585 eas
1331 3521 1520 3605 expendere
1636 3524 1637 3567 ἒ

341 3645 374 3704 et
390 3647 547 3724 quatenus
562 3637 754 3706 matrimonii
776 3642 972 3708 validitatem
989 3645 1186 3727 impugnent,
1204 3643 1349 3708 refutare
1366 3645 1478 3710 valeat
1489 3666 1519 3706 a.

340 3765 425 3828 Istae
440 3762 653 3845 defensiones
664 3765 828 3848 pertinent
843 3764 884 3828 ad
896 3764 1089 3848 explicanda
1105 3772 1138 3831 et
1149 3765 1370 3830 reordinanda
1381 3767 1470 3832 inter
1484 3785 1520 3830 se

339 3895 532 3972 argumenta
563 3909 662 3972 quae,
685 3889 883 3970 respective,
909 3887 1059 3975 videntur
1083 3889 1197 3955 deduci
1220 3909 1265 3956 ecc
1287 3892 1371 3956 actis
1390 3896 1518 3974 etpro-

339 4013 424 4078 botis
440 4019 507 4078 tum
530 4015 564 4076 in
588 4013 735 4078 favorem
759 4015 890 4085 actoris,
915 4019 982 4078 tum
1007 4015 1039 4077 in
1064 4016 1112 4078 rei
1136 4013 1292 4079 savorem.
1315 4049 1332 4062 -
1356 4017 1394 4080 In
1419 4015 1518 4079 curiis

338 4138 580 4223 episcopalibus
595 4139 640 4204 uti
654 4141 790 4203 incuria
804 4157 949 4212 romana,
963 4159 1028 4202 non
1039 4135 1120 4205 fiunt
1131 4142 1211 4206 istae
1222 4141 1425 4206 defensiones
1438 4139 1515 4204 cino

338 4283 417 4329 voce
432 4263 486 4328 sed
502 4263 647 4346 scriptis.
669 4265 710 4328 Et
727 4282 846 4328 revera
863 4265 895 4326 in
911 4264 1002 4330 hisce
1019 4267 1124 4330 causis
1140 4287 1253 4350 parum
1268 4266 1426 4349 expedire
1440 4283 1516 4332 orc-
1636 4344 1637 4347 Ἴ

127 4395 131 4404 ’
219 4430 223 4435 Δ
339 4388 403 4452 lent
424 4386 547 4452 habero
564 4387 828 4472 disceptationem
853 4392 941 4472 patet
958 4407 1000 4453 ex
1016 4389 1159 4455 subiecta
1181 4391 1330 4465 materia;
1347 4389 1437 4454 etde
1451 4391 1513 4454 hac
