3350 5100
475 307 519 353 on
544 306 684 354 runicus
708 306 950 355 catumeumus
1235 286 1301 351 277

207 428 247 491 ln
273 426 392 511 primo
421 436 596 515 systemate
626 431 696 516 ipsa
723 430 795 504 lex,
820 450 881 514 per
912 450 1079 517 supremas
1110 432 1301 497 constitutas

119 554 261 639 regulas,
288 560 458 619 mensurat
480 556 544 619 vim
571 555 815 639 probationum;
837 559 874 621 nt
898 575 976 621 ecce
999 554 1061 621 duo
1084 560 1192 629 testes,
1217 558 1302 620 omni

119 680 315 762 exceptione
338 680 488 761 maiores,
504 679 628 745 faciunt
645 682 788 763 pienum
812 679 1051 765 probationem
1064 686 1097 746 et
1112 680 1210 745 iudex
1227 682 1302 765 quin

119 804 225 867 animo
240 807 384 887 reputet,
397 822 439 869 an
462 805 531 888 ipse
553 806 595 869 sit
618 783 791 890 persensus
806 806 929 877 intima,
947 807 1137 870 sententiam
1154 805 1300 890 proferet

121 926 421 991 condemnatoriam
444 934 501 993 aut
522 926 752 993 absolutorium
777 929 908 995 iunixus
931 928 1006 993 huic
1030 927 1220 1013 probationi.

207 1052 248 1116 ln
261 1054 415 1120 secundo
430 1058 606 1138 systemate
622 1053 678 1117 lex
689 1053 801 1117 statuit
816 1051 973 1135 quomodo
990 1051 1197 1137 probationes
1214 1054 1302 1118 exci-

123 1178 251 1261 piantur
271 1180 308 1241 in
324 1178 452 1249 iudicio,
469 1197 527 1243 seu
543 1179 653 1245 statuit
669 1177 856 1243 earumdem
873 1178 1010 1243 formam
1026 1179 1254 1245 ectrirmeccm
1270 1184 1305 1243 ut

124 1304 184 1367 sint
212 1309 414 1387 argumenta
436 1308 469 1367 et
491 1310 567 1369 octo
595 1303 745 1390 tepitimc
769 1301 859 1387 (Vol.
887 1304 911 1367 l.
937 1305 957 1369 i.
983 1303 1050 1387 cit.)
1077 1302 1132 1368 sed
1160 1304 1303 1369 valorem

124 1427 348 1493 nemeaeum
371 1448 436 1493 non
459 1426 639 1514 perpendit,
664 1429 752 1495 bunc
775 1429 966 1513 relinquens
988 1429 1203 1493 aestimationi
1230 1428 1304 1493 iudi·

126 1550 251 1633 eisqui
271 1570 320 1615 ex
342 1552 428 1617 actis
449 1556 483 1616 et
502 1550 658 1634 probatis
679 1550 740 1615 sibi
763 1550 1000 1617 certitudinem
1015 1551 1172 1616 intimam
1188 1570 1302 1618 morc-

125 1674 186 1738 lem
209 1681 383 1759 comparet
406 1675 462 1761 (l).

210 1800 250 1864 lu
274 1803 352 1865 iure
374 1800 492 1866 eccles.
516 1799 640 1866 obtinet
662 1801 726 1865 boc
748 1801 925 1866 secuudum
957 1806 1101 1886 systema
1125 1801 1169 1867 uti
1195 1800 1306 1885 proba·

126 1925 224 1988 simne
256 1924 335 1989 Vol.
370 1926 396 2004 1,
427 1942 458 1987 n.
491 1924 572 1999 4383
600 1930 634 1989 et
660 1944 759 1989 unum
789 1923 958 1989 dumtaxat
988 1920 1125 1990 sufficiat
1158 1922 1307 1989 recolere

127 2054 258 2119 textum,
284 2054 385 2133 caput
406 2050 430 2113 6
452 2048 502 2115 De
523 2050 713 2115 renunciat.
733 2048 767 2111 X
780 2048 819 2133 (1,
836 2050 870 2134 9)
895 2048 977 2134 quod
1003 2048 1140 2114 iudicem
1162 2046 1249 2113 iubet
1273 2052 1307 2113 ut

129 2192 188 2237 nou
205 2194 223 2236 r
240 2172 284 2237 ad
310 2192 407 2238 unam
431 2174 571 2257 speciem
594 2172 793 2259 probationis
815 2173 957 2259 applicet
981 2180 1119 2238 mentem
1137 2192 1227 2238 suam
1251 2172 1306 2238 sed

129 2317 169 2362 ex
188 2297 460 2369 mutassionibns
476 2297 735 2383 depositionibus.
753 2298 999 2384 allegationibus
1022 2302 1053 2363 et
1076 2298 1159 2371 aliis,
1177 2298 1306 2382 quaein

130 2423 195 2487 eius
217 2425 408 2508 praeseutia
431 2428 664 2507 proponuntur,
689 2422 809 2487 formet
830 2423 928 2486 animi
952 2422 1001 2487 sui
1024 2426 1144 2487 motum
1161 2444 1192 2485 a.
1218 2419 1308 2487 Unde

133 2545 302 2630 incepi
328 2546 379 2612 De
404 2551 486 2612 sent.
514 2552 546 2613 et
575 2565 615 2612 re
637 2545 708 2611 iud.
732 2546 771 2610 in
800 2546 824 2611 6
855 2542 911 2631 (ΙΙ,
940 2544 992 2626 14)
1016 2544 1169 2631 gravibus
1198 2544 1308 2629 poenis

199 2832 238 2898 (t)
258 2829 394 2902 Systema
410 2831 447 2883 de
464 2831 562 2883 intima
581 2829 681 2884 iudicis
697 2831 885 2900 persuasione
899 2833 943 2882 est
955 2843 1022 2882 eane
1045 2827 1199 2896 antiquius;
1217 2831 1245 2880 et
1259 2823 1310 2880 hoc

135 2936 250 2990 obtinuit
268 2936 345 3007 apud
363 2935 484 2991 Graecos
501 2941 532 2991 et
551 2937 705 3002 Romanos,
723 2936 809 2992 etiam
833 2935 949 3004 vigente
969 2933 1096 3004 imperio.
1117 2935 1156 2987 At
1181 2933 1310 2988 barbaro·

135 3059 190 3096 rum
207 3044 386 3098 incursiones
403 3048 563 3099 evertentes
575 3059 720 3098 romanum
733 3043 892 3112 imperium,
904 3040 1089 3096 aboleverunt
1108 3057 1312 3112 quamcumque

135 3149 295 3206 indiciorum
307 3150 512 3206 ordinationem
522 3155 552 3206 et
564 3150 744 3208 invaluerunt
757 3151 862 3206 iudicio
877 3151 937 3214 Dei,
951 3164 1000 3203 sau
1013 3150 1144 3204 ordalioe
1163 3153 1193 3203 et
1212 3149 1311 3205 duella

136 3257 284 3312 iudicialem
305 3257 382 3311 Haec
401 3255 561 3327 profligavit
579 3257 622 3310 ius
641 3273 702 3310 cau.
721 3257 749 3309 in
772 3257 875 3311 Condi.
896 3255 956 3310 Lot.
972 3255 990 3308 Ι
994 3255 1017 3306 V
1033 3254 1141 3324 (1215);
1161 3261 1189 3307 et
1208 3255 1309 3309 iterum

137 3362 163 3416 in
179 3363 284 3420 bonore
304 3363 402 3418 habita
421 3369 464 3419 est
482 3364 621 3418 ordinatio
639 3364 734 3418 iudicii
754 3363 896 3433 explicata
913 3363 943 3418 in
963 3362 1057 3417 codice
1077 3361 1170 3432 legum
1185 3378 1312 3416 romana·

139 3486 202 3524 rum
220 3474 258 3526 At
277 3472 405 3538 iuristee,
425 3470 537 3541 regulas
561 3471 700 3528 dictantes
724 3471 825 3542 quibus
844 3474 1054 3526 mensuraretur
1075 3469 1155 3524 valor
1174 3469 1314 3538 probatio-

140 3593 209 3642 num,
220 3579 379 3648 quibusque
397 3578 481 3632 iudici
495 3582 526 3632 ut
538 3577 698 3648 plurimum,
711 3595 766 3632 non
780 3577 926 3632 admodum
936 3578 979 3630 ius
992 3575 1106 3630 callenti
1121 3576 1167 3629 via
1180 3573 1314 3644 pendere·

142 3686 183 3736 tur
198 3683 290 3739 facilis
309 3689 339 3739 et
357 3689 420 3738 tuta
437 3683 472 3739 ad
490 3683 647 3754 legitimam
669 3684 837 3740 seutentiam
857 3683 1000 3748 edendam,
1018 3682 1120 3736 sensim
1145 3681 1315 3736 induxerunt

135 3793 256 3858 systema
272 3793 449 3862 probotionis
468 3791 584 3861 lenatia
603 3791 676 3862 quod
695 3796 789 3845 tamen
803 3806 858 3845 non
878 3793 921 3845 est
940 3787 1120 3858 repetendum
1139 3804 1156 3842 a
1175 3787 1235 3841 iure
1254 3803 1314 3841 cau.

142 3898 339 3967 scriptumne
354 3900 433 3968 praxi
446 3903 475 3953 et
488 3898 690 3953 consuetudine
706 3902 735 3953 et
747 3898 838 3967 magis
856 3898 1034 3952 observatum
1054 3900 1097 3948 est
1115 3895 1143 3948 in
1164 3895 1224 3947 loro
1239 3892 1313 3948 civili

143 4016 219 4070 quam
237 4004 438 4059 ecclesiastico.
458 4004 546 4059 Hodie
559 4003 588 4057 in
601 4006 680 4057 ciuili
692 4003 837 4073 disparuit,
850 4003 878 4056 in
892 4001 1080 4057 ecclesiastico
1096 4015 1130 4054 na
1145 4002 1315 4053 memoratur

145 4108 255 4176 quidem.
273 4110 315 4165 Cf.
335 4109 476 4179 Swaving.
497 4111 539 4166 De
556 4112 659 4166 iudicis
677 4115 767 4164 animi
783 4111 928 4172 sententio,
947 4109 977 4160 in
996 4108 1193 4162 criminalibus
1212 4109 1316 4176 optima

145 4217 333 4280 moderatrice,
354 4217 481 4286 Lugduni
501 4219 671 4272 Batavorum
692 4217 768 4271 teau.
782 4245 797 4258 -
811 4215 910 4287 bleyer
927 4241 940 4257 ·
960 4214 1053 4268 Sinniu
1069 4215 1147 4268 delle
1165 4215 1317 4266 istituzioni

147 4320 306 4386 piudisiarie
319 4353 336 4364 -
355 4323 441 4377 Pluto
464 4322 539 4388 1839,
558 4323 660 4387 lissei,
682 4323 762 4374 Droit
777 4319 878 4392 penui·
900 4319 993 4375 Ellero
1007 4347 1022 4359 -
1038 4319 1122 4374 Delia
1145 4319 1242 4374 critica
1262 4321 1317 4372 cri·

149 4427 245 4484 minate
257 4459 271 4472 ·
286 4430 407 4485 Venetia
430 4430 510 4495 18603
530 4428 659 4496 Carrei-a,
677 4445 721 4499 op.
742 4429 788 4482 cit.
809 4433 826 4492 ἓ
847 4427 908 4492 900,
924 4443 980 4497 seq.
