3350 5100
331 264 400 332 616
791 288 999 339 munerun
1022 292 1057 339 v.

421 408 494 463 «An
513 409 674 467 meuserit
698 412 888 467 annuentibus
913 430 999 469 uxore
1020 418 1051 469 et
1073 414 1246 481 oouiunotis3
1265 430 1338 487 quae
1360 418 1442 469 tuno
1469 414 1536 471 eins

331 518 410 570 setas
428 520 458 571 st
475 516 608 573 valetudo
627 525 710 575 esset.

420 625 495 679 ‹An
515 624 665 697 aliquando
682 633 713 682 et
736 646 792 699 quo
816 627 880 683 loco
901 630 1063 700 scripserit,
1087 634 1118 687 st
1145 645 1213 685 uum
1236 630 1536 685 suamvoluntatem

332 729 537 799 quamprimum
557 730 689 786 redeundi
702 734 860 803 aperueritz
873 732 984 805 alisque
1002 735 1064 789 eius
1082 734 1195 805 generis
1212 734 1318 790 indicia
1335 733 1535 805 oolligautur.

419 832 516 889 «Alia
533 852 570 891 ex
589 854 681 893 rerum
700 838 840 893 adiunctis
859 856 909 909 pro
928 839 1007 893 varia
1024 840 1170 896 absentiae
1188 857 1273 894 osusa
1293 839 1393 911 oolligi
1418 837 1538 893 indicia

331 940 373 995 sio
391 945 531 1011 poterunt

421 1062 438 1101 e
451 1048 480 1103 Si
493 1051 528 1105 ob
542 1050 674 1105 militiam
692 1051 802 1119 abierit,
816 1069 834 1105 a
848 1051 923 1107 liure
941 1052 1064 1107 militnm
1082 1052 1244 1123 requiratur
1255 1052 1324 1124 quid
1335 1052 1370 1107 de
1382 1066 1424 1106 eo
1438 1050 1537 1113 seiat3

332 1160 427 1209 utrum
439 1158 475 1211 ab
491 1155 618 1213 hostibus
636 1159 722 1214 fuerit
740 1165 854 1230 eaptus3
867 1177 933 1214 num
951 1164 1046 1215 eastra
1063 1160 1228 1228 deseruerit,
1245 1164 1297 1215 aut
1313 1158 1539 1215 memnones

332 1260 504 1329 periculosas
522 1262 663 1331 habuerit,
682 1268 736 1319 ete.

422 1368 482 1422 «Si
501 1370 702 1439 negotiationis
719 1388 804 1425 causa
821 1372 878 1427 iter
897 1344 1061 1441 susceperit,
1086 1372 1245 1443 inquiratur
1270 1375 1365 1425 ulrum
1390 1376 1538 1440 tempore

331 1476 442 1531 itineris
460 1477 558 1543 gravia
577 1476 704 1547 pericula
721 1478 828 1533 fuerint
839 1480 893 1549 ipsi
905 1478 1077 1549 superands‚·
1088 1496 1155 1535 num
1167 1479 1245 1533 solus
1264 1481 1408 1549 protectus
1426 1478 1537 1541 fuerit,

332 1582 378 1639 vel
397 1582 524 1653 pluribus
542 1586 708 1651 comitatum
727 1590 822 1641 utrum
842 1587 870 1639 in
890 1588 1015 1657 regione,
1028 1588 1062 1641 ad
1080 1605 1163 1660 quam
1181 1604 1212 1643 se
1234 1588 1368 1655 eontulit,
1386 1602 1537 1658 superve-

332 1690 434 1755 nerint,
452 1692 612 1759 seditiones,
632 1690 715 1761 belis,
734 1694 823 1751 fames
841 1699 871 1748 et
889 1693 1079 1763 pestilentiae,
1092 1700 1146 1750 etc.

424 1796 482 1851 «Si
500 1799 671 1853 maritimum
691 1800 745 1854 iter
764 1800 851 1855 luerit
868 1816 1027 1869 eggressus,
1044 1800 1142 1857 sedula
1160 1800 1344 1871 investigatio
1363 1802 1417 1857 flat
1437 1814 1533 1871 aquo

333 1906 416 1971 portu
433 1902 608 1967 discesserit3
626 1903 740 1973 quinam
764 1904 871 1958 luerint
893 1904 1004 1959 itineris
1027 1904 1114 1969 sooii;
1133 1920 1189 1976 quo
1207 1921 1241 1960 ae
1258 1904 1430 1971 contulerit3
1451 1900 1535 1975 quod

333 2024 434 2064 nomen
455 2008 542 2074 navis,
561 2024 645 2080 quam
664 2010 842 2075 conscendit,
860 2011 923 2081 quis
940 2011 1065 2066 eiusdem
1084 2010 1164 2065 navis
1182 2010 1370 2079 gubernatum
1389 2026 1430 2065 an
1452 2025 1532 2063 nau·

333 2116 454 2186 fragium
473 2118 585 2183 feeerit;
604 2134 640 2171 an
659 2118 788 2185 societas,
806 2136 879 2190 quae
898 2118 978 2173 nasis
995 2118 1156 2175 cautionem
1179 2120 1274 2173 forsan
1292 2118 1377 2185 dedit,
1396 2117 1532 2189 pretium

333 2223 394 2279 eius
412 2222 529 2278 solverit
564 2222 694 2297 eliaeque
720 2224 964 2291 circumstantiae,
982 2225 1005 2278 si
1031 2241 1104 2296 quae
1128 2224 1200 2292 sint,
1224 2222 1377 2295 diligenter
1402 2238 1532 2295 perpen-

335 2329 445 2383 dautur.

421 2435 478 2491 «8.
498 2436 584 2491 Fama
602 2452 727 2508 quoque,
747 2436 812 2491 aliis
830 2437 927 2491 adiuta
950 2436 1144 2504 adminiculis,
1162 2440 1361 2507 argumentum
1379 2435 1415 2490 de
1441 2434 1528 2489 obitu

335 2543 495 2610 constituit,
516 2542 594 2598 bisce
620 2547 713 2600 tamen
738 2544 962 2608 conditionibus,
986 2544 1131 2599 nimirums
1159 2544 1233 2614 qnod
1252 2561 1270 2598 e
1287 2543 1395 2598 duobus
1418 2540 1526 2598 altem
1631 2592 1632 2609 ἦ

335 2649 454 2704 testibus
472 2650 526 2705 lide
544 2650 637 2720 dignis
658 2656 688 2705 et
712 2652 814 2705 iuratis
838 2654 1051 2721 comprobetur,
1069 2653 1117 2723 qui
1136 2651 1278 2720 deponant
1295 2650 1331 2705 de
1355 2645 1525 2705 rationabili

335 2773 419 2810 eausa
436 2755 524 2826 ipsius
541 2759 650 2822 famae,
669 2775 706 2812 sn
723 2774 785 2813 eam
805 2758 967 2828 aooeperint
985 2776 1003 2812 a
1020 2757 1119 2812 maiori
1138 2761 1168 2813 et
1182 2756 1288 2812 saniori
1306 2761 1387 2826 parte
1413 2751 1523 2826 populi,
1630 2784 1633 2809 r

335 2865 365 2916 et
376 2877 413 2915 an
425 2861 477 2931 ipsi
496 2861 530 2917 de
548 2860 646 2917 eadem
665 2863 741 2916 famu
759 2867 835 2916 recte
854 2864 993 2926 sentiant3
1006 2879 1058 2916 neo
1070 2863 1108 2916 sit
1126 2861 1242 2916 dubium
1260 2860 1340 2915 illam
1351 2861 1439 2915 luisse
1456 2873 1527 2914 oon-
1630 2844 1631 2917 i

335 2971 451 3024 citatam
470 2971 505 3024 ab
525 2968 582 3024 illis
601 2969 630 3024 iu
650 2985 768 3041 quorum
787 2969 963 3024 commodum
983 2969 1144 3040 inquiritur.

425 3077 486 3133 ‹9›
500 3078 632 3144 Tandem,
653 3079 677 3132 si
703 3095 772 3148 opus
792 3079 886 3144 fuerit,
901 3077 1107 3148 praetereunda
1125 3093 1181 3132 nou
1200 3076 1257 3131 erit
1267 3073 1454 3144 investigatio
1475 3085 1527 3142 per

335 3183 462 3253 publioss
483 3184 688 3254 ephemerides,
708 3184 781 3238 datis
800 3184 932 3239 directuri
956 3184 1087 3237 omuibus
1109 3183 1277 3238 necessariis
1294 3195 1432 3252 personae
1449 3175 1525 3234 indi·

336 3290 395 3356 aiis,
409 3289 462 3342 uisi
481 3292 516 3344 ob
534 3290 671 3360 speciales
689 3291 916 3346 circumstantias
934 3291 1038 3346 saniori
1057 3307 1092 3344 ao
1109 3289 1284 3360 prudentiori
1303 3288 1424 3343 oonsilio
1435 3286 1524 3342 aliter

337 3401 492 3454 censeatur.

424 3499 498 3554 «10.
518 3499 594 3556 Haeo
614 3500 710 3555 omnia
734 3517 783 3570 pro
807 3499 1020 3570 opportunitate
1044 3515 1160 3554 cunum
1183 3497 1210 3552 S.
1229 3497 1301 3552 haeo
1318 3495 1349 3550 (l.
1367 3495 1521 3566 diligenter

335 3603 490 3675 expendere
508 3604 595 3672 solet,
614 3621 734 3678 eumque
752 3605 788 3660 de
807 3621 837 3660 re
856 3605 1024 3674 grauissima
1042 3607 1162 3674 agatur,
1180 3602 1304 3670 cunctis,
1322 3618 1414 3673 aequa
1438 3601 1520 3656 lause

336 3711 462 3778 libralis,
487 3716 572 3783 atque
596 3713 709 3782 insuper
733 3711 837 3767 auditis
860 3711 982 3782 plurium
1005 3709 1202 3780 theologorum
1227 3714 1258 3764 et
1281 3707 1518 3779 inrisprudentum

338 3816 487 3886 suffragiis,
505 3815 624 3887 denique
643 3834 723 3871 suum
743 3815 879 3872 iudicium
897 3816 1070 3886 pronuntiat,
1089 3831 1125 3869 au
1144 3813 1250 3871 detali
1269 3814 1350 3868 obitu
1366 3814 1438 3868 satis
1455 3827 1520 3868 oon·

336 3924 401 3986 stet,
419 3925 449 3974 el
466 3919 538 3973 nihil
557 3921 650 3976 obstet
668 3922 817 3992 quominus
837 3921 945 3990 petenti
964 3921 1101 3975 transitus
1120 3919 1156 3974 sd
1176 3918 1248 3973 alias
1267 3916 1381 3988 nuptias
1405 3911 1516 3972 ooneedi
1627 3980 1628 3995 χ

339 4027 436 4097 possit

425 4133 499 4190 «11.
520 4133 562 4189 lix
580 4133 624 4188 his
642 4133 771 4188 omuibus
789 4131 974 4188 eeclesiastioi
993 4131 1139 4188 Praesides
1156 4135 1263 4186 sartam
1289 4129 1434 4185 desumere
1458 4143 1516 4200 pos·

338 4243 404 4294 suut
415 4255 550 4306 normam,
563 4256 647 4311 quam
665 4239 695 4294 in
714 4236 872 4294 huiusmodi
891 4237 1001 4293 iudiciis
1020 4242 1183 4310 sequautur.
1196 4235 1275 4299 Quod
1287 4235 1322 4301 si,
1333 4251 1389 4291 nou
1408 4236 1518 4292 obstan·

337 4347 412 4400 tibus
430 4347 536 4417 regulis
553 4346 697 4418 hueusque
716 4346 831 4412 notatis,
845 4363 890 4401 res
901 4345 992 4400 adhue
1005 4345 1115 4401 ineerta
1123 4350 1153 4400 et
1165 4343 1289 4414 implexa
1307 4342 1367 4398 illis
1382 4341 1518 4410 videatur,
