3350 5100
298 302 366 369 618
755 318 964 369 nausearum
986 282 1023 370 u.
1114 320 1118 329 ·

298 458 368 514 quaa
386 440 413 495 S.
435 440 520 496 Sedes
545 441 673 497 concedit
697 446 730 496 ut
753 442 941 497 admittantur
958 442 1024 513 sagi
1048 446 1077 497 et
1104 442 1210 497 milites
1234 440 1270 496 ad
1292 442 1483 497 iuramentum

297 550 501 619 suppletorium
513 566 520 615 ;
535 554 564 605 et
576 553 670 603 utrum
689 549 780 621 quoad
798 553 931 621 utrosque
950 555 1063 621 praeter
1075 550 1265 606 iuramentum
1278 549 1482 620 suppletorium

297 656 447 726 exigantur
459 672 569 727 quoque
582 655 788 726 publicationes
797 656 825 709 iu
837 656 915 721 locis,
928 656 1030 727 quibua
1042 656 1089 711 uel
1101 656 1166 725 vagi
1178 656 1224 711 vel
1235 654 1341 710 milites
1349 652 1482 711 fuerumt

386 758 470 830 Reap.
490 757 632 813 Indultum
650 758 816 814 admittendi
829 758 865 812 ad
877 758 1066 813 iuramentum
1078 757 1280 828 suppletorium
1300 757 1393 812 locum
1404 756 1483 811 dum·

253 910 264 923 .
297 869 376 920 taxat
394 863 507 933 habere,
525 866 636 938 quaudo
656 865 773 923 libertas
792 872 884 921 status
901 866 1030 937 legitime
1049 866 1163 935 probari
1181 881 1238 921 non
1258 869 1358 935 potest.

386 971 418 1025 V.
439 972 542 1028 Utrum
561 990 647 1045 quum
665 974 800 1029 deliciunt
818 978 906 1029 testes
923 978 974 1029 aut
996 990 1051 1027 nun
1077 974 1231 1043 perfactam
1253 970 1360 1027 babent
1385 970 1483 1042 cogui-

296 1080 400 1135 tionem
420 1081 454 1135 de
465 1082 594 1151 personis
606 1081 676 1137 adeo
688 1085 720 1135 ut
732 1097 787 1135 non
801 1080 919 1135 valeant
933 1080 1102 1150 respondere
1114 1079 1385 1149 interrogationibus
1402 1093 1482 1147 pree·

278 1186 408 1257 ¹scriptia
432 1204 449 1240 a
467 1188 644 1256 supracitato
667 1188 797 1255 decreto,
820 1193 850 1243 at
870 1188 1020 1258 speciatim
1045 1188 1096 1253 iia,
1116 1204 1189 1259 quae
1211 1186 1406 1257 exprimuntur
1428 1186 1481 1239 sub

294 1310 370 1348 num.
392 1311 430 1360 rx,
449 1310 509 1361 ιιιιι,
530 1295 569 1349 uti
589 1294 731 1349 ordinario
750 1295 903 1364 contingit,
923 1293 1017 1349 valeat
1031 1293 1186 1363 Episcopus
1203 1293 1366 1363 permittere
1384 1291 1482 1345 matri·

294 1402 419 1455 monium
439 1406 588 1457 contentus
607 1401 846 1471 publicationibus
864 1402 894 1456 in
914 1403 949 1455 iis
972 1401 1043 1456 locis
1062 1400 1160 1466 editis,
1178 1401 1208 1454 in
1227 1401 1329 1472 quibus
1346 1399 1401 1454 bae
1418 1398 1481 1455 fieri

297 1513 426 1578 possuut3
445 1514 474 1565 et
492 1508 536 1563 bia
554 1510 640 1563 etiam
662 1509 857 1565 deficientibus
881 1514 932 1564 aut
955 1509 1094 1564 totalibus
1118 1515 1170 1563 aut
1188 1505 1368 1577 partialibus,
1387 1510 1481 1560 utrum

296 1616 383 1686 possit
407 1614 517 1669 admitti
544 1616 734 1671 iuramentum
761 1620 790 1671 et
814 1614 868 1671 hoc
899 1616 1003 1670 assumi
1029 1616 1119 1669 saluti
1141 1616 1260 1685 plenum
1285 1613 1480 1684 probationem

295 1722 445 1785 libertatis,
458 1726 509 1776 aut
521 1724 561 1776 uti
574 1724 737 1793 poninitur,
753 1738 802 1792 pro
814 1722 850 1776 iis
863 1722 933 1777 locis
946 1738 1056 1791 nempe,
1067 1724 1098 1776 in
1110 1721 1212 1792 quibus
1227 1726 1370 1791 nequeunt
1381 1720 1479 1775 baberi

295 1826 499 1897 publicationes
518 1842 608 1897 neque
628 1843 775 1896 processus
793 1825 932 1882 testium?

384 1934 469 2005 Hesp.
490 1932 656 2003 Urgendum
674 1934 885 1989 observantiam
902 1933 1098 1988 instructionis
1115 1950 1139 1986 s.
1159 1950 1197 1987 m.
1216 1931 1369 1987 Clementis
1387 1931 1414 1985 X
1427 1930 1480 1985 sub

294 2042 364 2098 seria
382 2058 409 2099 ι,
428 2043 460 2095 21
482 2043 554 2112 Aug.
577 2042 656 2107 1670,
677 2058 740 2095 cum
754 2042 870 2096 adnexis
887 2042 1125 2097 declarationibus
1143 2040 1216 2097 datm
1234 2041 1306 2096 teria
1325 2057 1366 2106 rr,
1379 2040 1416 2093 24
1428 2040 1482 2094 Ee·

294 2148 401 2203 brnarii
422 2148 501 2215 1874,
521 2154 550 2203 et
569 2148 729 2203 instandum
748 2152 778 2203 ut
798 2147 913 2219 parochi
938 2148 1090 2218 diligenter
1114 2147 1260 2219 inquirant
1277 2164 1296 2201 a
1312 2142 1483 2201 contrahen-

293 2254 370 2309 tibus
394 2258 481 2310 testea
505 2254 559 2309 flde
583 2255 684 2324 dignos
709 2255 738 2308 in
765 2255 929 2325 respectivis
955 2254 1024 2309 locis
1049 2252 1256 2310 examinandos
1282 2253 1311 2307 Si
1337 2256 1433 2307 umen
1451 2250 1480 2305 id

292 2360 443 2416 difficulter
461 2360 608 2415 admodum
627 2362 688 2415 fleri
709 2362 806 2429 possit,
824 2360 938 2415 admitti
958 2366 1090 2431 poterunt
1107 2361 1138 2414 iu
1156 2360 1242 2414 (iuria
1258 2359 1321 2414 luci
1347 2360 1395 2413 ubi
1414 2374 1480 2413 con·

293 2465 416 2521 trabitur
428 2468 648 2532 matrimonium,
661 2470 747 2522 testes
760 2460 904 2536 fidedigni,
916 2468 965 2537 qui
977 2472 1069 2521 status
1082 2466 1244 2522 libertatem
1255 2470 1380 2535 tempore
1395 2480 1481 2533 vegs·

292 2575 378 2629 tionis
397 2574 597 2630 concludenter
611 2577 743 2645 probent:
756 2580 786 2630 et
798 2577 822 2630 si
836 2575 984 2630 Ordiuario
1003 2579 1191 2645 opportunum
1210 2573 1348 2638 videatur,
1368 2573 1479 2627 admitti

292 2682 379 2738 etiam
399 2687 491 2751 potest
509 2698 627 2752 sponsus
646 2682 680 2736 ad
699 2683 889 2738 iuramentum
908 2682 1122 2752 suppletorium,
1135 2681 1258 2736 constitu
1276 2685 1372 2735 umen
1387 2679 1486 2749 ipsum·

293 2805 354 2844 esse
372 2788 426 2842 fida
445 2789 568 2858 dignum.
589 2788 620 2844 In
639 2790 750 2844 casibus
767 2805 836 2846 vero
861 2787 1079 2858 particularibus
1097 2793 1127 2843 et
1145 2787 1349 2842 difficilioribus
1366 2803 1389 2841 r.
1407 2803 1433 2855 p.
1450 2785 1480 2838 d.

293 2893 447 2962 Episcopus
457 2898 584 2948 recurrat
595 2893 630 2946 ad
640 2892 667 2946 S.
677 2893 942 2964 congregationem.
953 2893 1031 2954 Quod
1043 2893 1067 2946 ai
1078 2892 1287 2946 matrimonium
1299 2892 1368 2945 adeo
1378 2894 1481 2959 urgeat

292 3004 325 3054 ut
343 3005 454 3070 tempus
473 2999 635 3055 recurrendi
655 3016 710 3054 nnn
727 3000 806 3066 adsit,
819 3001 973 3070 Episcopus
991 3004 1071 3055 curret
1089 2997 1288 3053 concludentes
1300 2997 1482 3066 probationes

291 3111 485 3177 superstratus
510 3106 683 3174 libertatem,
704 3111 787 3177 prout
805 3107 957 3176 expediens
975 3106 1152 3169 iudicaverit,
1173 3103 1258 3159 aliter
1275 3102 1418 3173 colligere.
1482 3133 1486 3140 ·

410 3357 514 3405 DUBIA
538 3357 702 3404 EXHIBITA
726 3357 837 3413 Quone
862 3357 993 3405 sensum
1018 3357 1188 3404 venenant
1216 3355 1362 3403 Decem

583 3483 626 3530 ET
651 3483 688 3529 IN
713 3483 866 3530 LATINAM
889 3481 1045 3530 LINGUAM
1065 3483 1186 3530 vultus.

382 3643 452 3696 Dud.
466 3641 490 3696 Ι.
509 3642 539 3696 ln
553 3646 654 3713 quarta
668 3640 768 3696 ultima
780 3647 798 3707 ἓ
811 3641 879 3696 dicti
892 3641 997 3697 decreti
1012 3641 1226 3710 praescribitur:
1238 3655 1256 3693 e
1268 3637 1352 3695 Fides
1363 3638 1480 3710 aliaque

290 3749 500 3815 (documenta,
520 3765 591 3820 qnae
615 3749 806 3818 producuntur
824 3747 860 3803 de
885 3749 1028 3818 partibus,
1052 3763 1107 3801 non
1126 3747 1321 3814 admittantur,
1343 3747 1396 3801 nisi
1419 3745 1481 3801 sint

290 3853 430 3909 ‹murrita
447 3852 544 3922 sigillo
562 3857 592 3906 et
609 3851 758 3922 legalitate
776 3851 908 3922 Episcopi
926 3851 1077 3917 Ordinarii,
1095 3856 1127 3907 et
1144 3852 1292 3922 recognita
1307 3851 1409 3906 saltem
1428 3867 1479 3920 par

291 3963 416 4026 «testes,
436 3961 484 4030 qui
504 3959 629 4014 habeant
652 3963 747 4013 notam
772 3975 888 4012 manum
906 3963 936 4014 et
954 3958 1081 4028 sigillum
1093 3973 1122 4019 >·
1141 3958 1286 4022 Quatenus
1310 3959 1388 4028 ipsae
1408 3957 1480 4014 tides

291 4069 321 4120 et
339 4065 505 4121 documenta
524 4065 633 4120 munita
650 4083 707 4120 non
726 4066 783 4120 sint
795 4065 891 4135 sigillo
903 4065 1043 4121 Ordinarii
1055 4067 1104 4122 aad
1122 4065 1218 4136 sigillo
1230 4071 1261 4120 at
1272 4065 1480 4135 subscriptione

290 4172 404 4241 parochi
424 4172 519 4238 solius,
538 4177 568 4226 et
585 4171 653 4228 talis
670 4153 841 4243 subscriptio
859 4171 973 4244 taleque
991 4173 1118 4244 sigillum
1129 4174 1190 4228 sive
1202 4172 1317 4244 parocbi
1332 4173 1477 4240 dioecesis,

291 4276 350 4330 sive
369 4277 494 4331 extranei
513 4277 574 4334 noti
594 4281 689 4333 tamen
708 4279 756 4332 uni
776 4283 827 4333 aut
845 4278 973 4349 pluribus
991 4279 1086 4334 curiae
1104 4278 1311 4334 officialibuar.
1324 4294 1351 4350 g.
1363 4277 1478 4334 mucel-

289 4377 363 4435 lariu
380 4389 431 4434 aut
448 4381 611 4444 substituto,
630 4385 782 4451 possuntne
799 4380 932 4436 admittit
950 4383 988 4438 Et
1005 4387 1145 4453 quatenus
1162 4383 1305 4453 negative,
1319 4383 1354 4438 ed
1370 4397 1483 4453 copae.
