3350 5100
537 341 744 408 onroo1ons
768 338 1010 388 calumniosos
1294 320 1362 387 325

182 462 288 542 tionis,
304 461 516 547 exquirenda.
534 462 619 527 undo
638 463 763 528 veritas
785 461 892 547 detegi
908 462 1005 527 valet.
1023 497 1042 510 -
1060 461 1217 527 Hodierni
1234 480 1360 547 quoquo

183 586 311 652 codices
335 586 541 669 otmimro,
563 588 714 653 incuriis
736 586 892 683 civilibus,
917 594 1155 672 recognoscunt
1177 586 1283 667 iudici,
1307 588 1360 671 qui

183 711 375 775 sententiam
390 710 481 776 forro
495 711 600 783 debet,
617 716 808 797 potastatom
825 710 1149 778 entraordinariom
1162 729 1218 776 seu
1236 710 1358 776 discre-

184 836 343 902 tonnam
366 836 557 921 exquirendi
580 856 689 923 usquo
714 838 763 903 od
791 838 992 904 seutentiam
1016 837 1227 923 definitivam
1250 838 1361 902 cinnes

184 962 393 1047 probationes
415 965 545 1029 veritati
568 962 768 1049 detegendas
790 962 1057 1029 accommodatas.

272 1087 417 1170 Doniqne
438 1087 634 1153 solemnitas
655 1092 690 1153 at
712 1104 777 1151 non
799 1086 993 1153 necessaria
1020 1104 1198 1170 processus
1216 1085 1362 1151 formalis

184 1210 294 1279 habita
316 1217 366 1278 ost
388 1213 484 1277 otiam
501 1211 674 1297 publicatio
698 1230 868 1296 processus
890 1211 1064 1294 defensavi.
1083 1212 1153 1276 Non
1177 1216 1227 1275 est
1248 1230 1360 1277 neces·

60 1362 65 1369 ·
184 1335 290 1408 corio,
308 1336 383 1419 qnia
404 1335 503 1400 iudici
520 1340 553 1399 ot
567 1336 746 1421 promoturi
768 1331 955 1406 basalissa
976 1334 1170 1416 accusatori,
1187 1336 1250 1399 iam
1273 1333 1361 1397 inno·

184 1463 312 1524 tascunt
327 1458 484 1526 adductas
504 1458 718 1544 probationes,
734 1458 791 1523 sod
807 1463 856 1524 cst
878 1458 983 1540 attin·
999 1458 1074 1541 quia
1088 1464 1268 1531 accumton
1286 1476 1360 1542 pcr-
1426 1460 1432 1470 '

184 1586 305 1667 spoctis
327 1586 361 1648 in
384 1604 481 1649 unum
503 1583 649 1649 collectis
664 1591 696 1649 et
714 1582 871 1649 ordinatis
895 1580 1136 1668 probationibus
1155 1582 1195 1648 ab
1211 1587 1361 1647 aconsruo

183 1708 219 1771 in
238 1709 290 1772 sui
306 1708 529 1774 detonsionem
545 1707 718 1793 productis,
736 1708 763 1773 si
779 1706 875 1772 dubia
890 1706 997 1780 habet,
1015 1707 1097 1773 hauc
1114 1706 1241 1772 facilius
1257 1726 1360 1771 remo·

185 1838 238 1895 ret
254 1836 311 1896 aut
325 1832 437 1916 pandit
451 1840 604 1898 accusato
618 1838 652 1897 et
666 1832 720 1897 bic
735 1836 791 1896 aut
805 1831 932 1916 supplet
954 1829 1116 1897 deiectum
1138 1830 1360 1916 probationum

184 1960 240 2019 aut
262 1954 347 2019 idom
371 1956 517 2021 defectus
539 1956 660 2021 clarius
683 1954 855 2040 detegitur.
