3350 5100
348 288 414 351 370
857 304 940 351 eras
965 303 1014 349 111.

348 450 540 516 promovere
563 430 809 513 inquisitionem,
831 448 951 513 urgere
969 446 1098 491 reorum
1119 426 1387 511 persecutionem,
1409 426 1519 511 probu-

346 560 451 621 tiones
474 554 689 642 suppeditare,
714 556 831 625 omnia,
861 576 924 619 uno
949 553 1058 627 verbo,
1083 574 1183 639 agere
1207 560 1239 619 et
1261 551 1420 638 perlicere
1443 571 1523 636 quae

347 680 531 765 expostulat
553 679 702 749 iustitiae
721 684 753 744 et
772 680 856 765 lepis
880 680 992 745 tutela.
1019 680 1077 743 Ast
1102 677 1185 763 lepis
1199 684 1232 741 et
1252 676 1408 757 iustitiae,
1432 679 1524 742 nimis

347 806 514 902 abstracte
530 812 712 890 perceptae,
729 804 869 870 studium
894 824 958 869 non
983 805 1081 869 semel
1103 806 1147 869 ita
1167 802 1286 889 abripit
1300 804 1457 885 homines,
1473 804 1525 867 vel

348 931 491 1017 publicos
508 928 671 1002 officiales,
690 935 724 995 ut
743 929 981 995 obliviscantur
996 930 1123 1001 iurium,
1142 928 1257 1013 quibus
1280 929 1433 993 fruuntur
1455 929 1526 993 sin·

346 1056 419 1141 puli
441 1058 539 1128 cives,
564 1074 709 1139 quaeque
731 1075 821 1120 snam
846 1056 978 1120 tutelam
1003 1056 1237 1121 nanciscuntur
1265 1056 1297 1118 in
1322 1052 1438 1119 iudicio
1462 1073 1527 1118 non

347 1185 452 1248 minus
468 1200 561 1264 quam
578 1183 650 1247 iura
675 1180 881 1265 reipublicae.
900 1180 1066 1255 Quodnam
1084 1202 1163 1245 vero
1187 1182 1228 1247 sit
1251 1201 1366 1245 munus
1385 1198 1525 1263 promo·

347 1309 430 1374 toris
451 1308 578 1393 &cales
599 1306 727 1371 abunde
750 1328 808 1371 suo
830 1307 902 1370 loco
926 1306 1160 1391 explicavimus
1184 1304 1242 1391 (l).

435 1433 511 1499 302.
544 1432 748 1516 Subsequens
778 1433 936 1498 articulus
964 1432 1047 1497 XlV
1076 1433 1355 1517 providentissime
1387 1432 1528 1499 consulit

347 1559 445 1630 casui,
463 1576 526 1640 quo
542 1556 624 1621 desit
640 1557 806 1641 apparitor
821 1558 942 1630 curiae,
960 1557 1006 1620 ait
1021 1558 1157 1621 enimze
1177 1556 1348 1627 Quatenus
1364 1576 1431 1640 pro
1449 1557 1526 1622 inti·

347 1680 553 1747 mationibus
571 1686 631 1745 aut
649 1681 935 1766 notificationibus
956 1680 1050 1747 baud
1070 1686 1208 1764 praesta
1232 1682 1273 1746 sit
1293 1700 1399 1764 opero
1425 1702 1527 1747 arrr-

350 1826 503 1874 niroaon
528 1826 662 1888 cunina,
685 1808 865 1889 suppletur
892 1806 1098 1872 ambititione
1126 1806 1325 1871 earumdem
1353 1808 1528 1889 eaptenda

344 1954 410 2018 per
432 1934 665 2019 qualificalam
687 1952 881 2017 personam,
899 1952 989 2017 quae
1008 1934 1054 2023 *de
1076 1934 1168 2017 sacto
1185 1932 1355 2015 certioret·
1377 1934 1447 1999 siue
1471 1952 1530 1999 eas

347 2060 607 2127 transmittendo
631 2078 695 2141 ope
718 2058 1022 2125 coelemendationis
1042 2079 1147 2142 penes
1171 2058 1428 2125 tabellariorum
1458 2058 1528 2143 offi-

348 2187 449 2261 eiurn,
471 2185 539 2251 itlis
553 2185 591 2249 in
607 2184 688 2251 loeis
703 2184 740 2249 in
756 2184 879 2269 quibus
895 2184 957 2251 hoc
975 2184 1121 2251 inuoluit
1139 2192 1295 2269 systema,
1312 2184 1529 2267 capescenda

347 2310 448 2395 fidem
480 2308 713 2381 exhibitionis,
741 2308 944 2390 receptionis
975 2314 1034 2373 aut
1060 2308 1198 2390 repudii
1226 2332 1255 2371 r.
1287 2307 1453 2373 Articulus
1481 2312 1530 2371 est

301 2398 304 2409 Ι
349 2435 427 2499 satis
454 2434 562 2498 clarus
585 2439 618 2497 et
641 2434 872 2499 commentario
903 2454 967 2498 non
1001 2432 1130 2518 indiget.
1157 2433 1202 2496 De
1233 2433 1337 2498 officio
1368 2433 1529 2517 apparito-

349 2582 419 2626 rum
443 2559 651 2625 disseruimus
668 2559 742 2626 Vol.
762 2561 785 2629 l,
803 2579 833 2622 u.
853 2558 926 2624 162.
947 2595 963 2606 -
983 2560 1170 2644 Apparitori
1186 2563 1293 2624 autem
1306 2563 1394 2624 ¹esset
1417 2559 1529 2643 aequi-

295 2683 298 2689 ’
348 2685 492 2772 paranda
505 2687 637 2769 eiusque
650 2707 766 2751 munus
780 2686 924 2771 legitime
937 2686 1086 2770 expleret
1097 2705 1248 2769 persona
1261 2685 1458 2770 qualificata
1471 2706 1529 2750 seu

348 2813 470 2876 idoneis
482 2810 628 2896 praedita
639 2810 855 2895 qualitatibus,
869 2813 1015 2894 quamvis
1027 2811 1164 2894 publico
1177 2811 1286 2895 officio
1299 2831 1361 2874 non
1379 2811 1527 2882 istrueta,

348 2937 388 3002 de
404 2957 467 3021 qua
485 2938 626 3020 loquitur
641 2938 799 3002 articulus
814 2937 908 3002 XlV.
929 2973 946 2985 -
966 2939 1003 3002 ln
1019 2939 1091 3003 eod.
1108 2938 1177 3002 iud.
1195 2937 1291 3002 uim.
1311 2935 1528 3022 Greporiano

348 3061 574 3125 art261ita
601 3062 784 3147 explicatur
811 3064 904 3132 ratio,
934 3080 997 3145 qua
1020 3063 1186 3147 apparitor
1216 3062 1388 3144 exequitur
1419 3065 1528 3125 actum

349 3185 526 3251 citationis:
553 3204 570 3247 ‹
591 3166 719 3251 Cursor
733 3205 792 3252 seu
808 3185 969 3251 ostiarius
986 3185 1165 3252 tribunalis
1185 3185 1318 3252 eubibet
1342 3204 1529 3251 nxnurnna
1653 3263 1654 3266 Ἴ

350 3311 452 3379 tibetli
479 3311 625 3377 citatorii
652 3311 725 3376 testi
752 3310 819 3394 (ent
845 3311 914 3394 reo)
937 3316 967 3376 et
990 3311 1020 3376 si
1044 3311 1133 3377 bunc
1155 3330 1225 3377 non
1247 3311 1399 3394 reperiat
1422 3311 1526 3377 domi.

348 3435 432 3501 inibi
456 3434 605 3500 libellum
629 3435 734 3500 tradit
764 3434 869 3500 alicui
895 3454 941 3500 en
971 3435 1161 3500 domesticis
1187 3434 1288 3500 iltius.
1317 3435 1373 3500 Ad
1399 3436 1528 3501 calcem
1653 3429 1654 3464 ³

348 3561 451 3629 libelli
473 3560 621 3625 citatorii
643 3560 834 3644 eripientis,
851 3579 952 3644 quem
971 3561 1115 3626 restituit
1131 3561 1336 3627 cancellario
1352 3560 1528 3626 insinuan-

348 3687 431 3751 dum
458 3685 548 3750 inter
574 3689 660 3755 aeta,
687 3683 796 3766 refert
821 3681 1061 3748 exhibitionem
1093 3681 1196 3749 libelli
1223 3702 1245 3747 a
1271 3703 1307 3749 se
1336 3682 1466 3765 facturn
1495 3689 1527 3750 et

348 3809 517 3894 sipmficat
539 3808 677 3874 cuinam
700 3808 799 3873 illum
822 3807 1013 3880 tradiderit,
1037 3808 1089 3874 vel
1113 3807 1262 3890 euplieat
1285 3809 1479 3894 dilipentias
1502 3829 1525 3876 a

348 3955 384 4002 se
406 3937 558 4003 cantatas
586 3942 624 3999 ut
648 3941 762 4018 posset
783 3955 910 4001 munus
934 3935 1055 4020 eccequi
1071 3957 1101 4000 u.
1128 3937 1210 4002 Heio
1232 3939 1371 4021 ponitur,
1397 3937 1526 4022 appari·
1653 3959 1654 3964 ¹

350 4065 452 4126 torem
468 4059 654 4125 facultatem
670 4058 793 4124 habere
809 4058 965 4124 condendi
983 4061 1199 4143 eooemptoria
1216 4061 1375 4126 citationis
1391 4059 1525 4127 authen·

435 4343 475 4413 (l)
494 4343 525 4395 ln
545 4359 674 4413 processu
691 4360 764 4412 pure
782 4347 955 4398 accusatorio
976 4361 1135 4413 processum
1161 4345 1277 4399 instruit
1300 4355 1454 4411 accusator,
1475 4346 1522 4400 sed

349 4447 396 4504 hie
414 4455 457 4504 est
472 4454 600 4521 privatus
619 4449 688 4506 ciris
706 4468 760 4505 non
776 4453 910 4522 publicus
928 4453 1064 4524 officialis.
