3350 5100
373 303 417 350 uu
442 302 580 350 mmcns
605 302 847 350 carminantes
871 303 906 348 m
930 303 1047 350 srucru
1232 284 1298 350 385

107 428 392 512 interrogationes
415 425 455 490 ab
478 426 637 491 adiunctis
658 425 766 491 delicti
791 433 824 490 ct
842 445 862 489 a
878 427 1083 509 qualitatibus
1105 429 1248 492 accusati
1265 447 1297 490 a.

108 555 187 616 Art.
208 553 283 617 360:
303 572 321 616 a
338 552 371 617 Si
389 553 615 636 responsiones
637 551 779 634 inquisiti
794 551 835 615 ad
850 552 1005 616 eiusmodi
1025 554 1298 638 interrogationes

107 677 179 742 sint
208 677 377 742 intentioni
409 675 509 742 fiscali
534 677 735 748 contrariae,
750 763 756 778 ι
769 683 848 742 tunc
876 677 927 742 iili
956 678 994 742 in
1024 678 1298 744 contestationem

107 802 300 868 deducitur
320 802 478 884 probatio
502 821 703 884 eprocessu
733 803 928 869 immediate
960 822 1142 885 crumpens
1169 811 1245 884 aut,
1269 805 1298 868 si

108 929 179 994 boc
204 927 364 994 'uideatur
386 929 621 1011 opportunius.
644 929 693 992 itti
714 927 884 1010 panditur
901 949 1036 1013 quoque
1055 949 1181 994 nornen
1195 930 1296 1003 iltius,

107 1053 176 1134 qui
197 1051 438 1134 probationem
461 1052 625 1117 instructi
640 1073 670 1115 a.
697 1054 766 1116 Art.
793 1053 869 1116 361:
896 1052 1022 1126 «Quod
1046 1054 1073 1116 si
1090 1072 1211 1138 negare
1228 1074 1297 1138 pro·

107 1183 284 1260 sequatur,
308 1184 386 1242 tunc
409 1177 456 1242 illi
483 1183 596 1262 aperte
619 1177 803 1262 explicatur
826 1177 961 1242 intentio
983 1175 1103 1242 fiscalis
1126 1177 1210 1242 unde
1231 1180 1298 1263 ipse

109 1303 266 1368 criminis
289 1302 329 1368 de
352 1324 415 1386 quo
439 1304 547 1388 agitur
568 1305 759 1367 aestimatur
782 1308 914 1375 auctor;
942 1307 1039 1385 atque
1062 1303 1107 1366 illi
1138 1303 1297 1388 gradatim

110 1425 149 1491 fit
176 1429 370 1494 contestatio
386 1428 425 1514 de
442 1427 568 1494 indiciis
584 1434 617 1492 et
632 1427 873 1512 probationibus
888 1428 921 1490 in
937 1447 1090 1510 processu
1106 1428 1296 1493 collectis».

110 1553 277 1637 Equidem
302 1553 387 1618 hanc
410 1554 676 1620 contestationem
701 1557 846 1638 praestat
862 1553 972 1618 iacere
995 1573 1092 1637 quum
1108 1573 1152 1618 ex
1167 1571 1298 1639 respon-

109 1677 262 1743 sionibus
285 1679 426 1762 inquisiti
451 1685 483 1744 et
506 1699 548 1743 ex
571 1679 642 1743 aliis
666 1677 917 1762 probationibus,
940 1679 1140 1745 accusatoris
1163 1679 1298 1742 intentio

79 1793 81 1798 ’
111 1805 249 1868 veritati
267 1804 360 1868 inniti
384 1810 474 1869 certo
491 1803 627 1868 videtur.
646 1805 744 1870 Secus
769 1805 909 1874 enimsi
929 1803 1082 1868 eiusmodi
1106 1806 1297 1869 contestatio

111 1927 182 2008 fiat,
208 1931 416 1994 accusatione
441 1949 505 1992 non
529 1933 606 1994 satis
629 1950 671 1993 ex
696 1931 899 2014 inquisitione
927 1929 1071 2014 probata,
1095 1932 1157 1994 ista
1179 1930 1296 1995 nedum

111 2053 237 2116 iniuste
252 2048 385 2116 offendit
401 2053 518 2116 famam
535 2053 685 2136 inquisiti,
699 2053 756 2117 sed
771 2053 826 2118 hic
842 2056 965 2118 certior
978 2053 1084 2118 factus
1096 2053 1135 2118 de
1151 2053 1298 2119 adversis

110 2179 328 2263 argumentis,
342 2183 534 2263 argumenta
546 2178 743 2243 defensionis
754 2179 880 2244 facilius
896 2198 1087 2263 comparare
1099 2181 1186 2245 valet
1200 2183 1296 2245 etiam

113 2323 176 2386 per
209 2303 310 2366 falsos
339 2287 448 2370 testas.
479 2302 542 2368 Sed
572 2302 723 2388 distingui
755 2304 902 2388 apprime
931 2302 1026 2369 debet
1056 2304 1214 2387 partialis,
1238 2325 1295 2369 seu

112 2427 223 2512 quoad
240 2429 395 2494 nonnulla
407 2427 560 2494 adiuncta
574 2429 724 2515 specialis
739 2433 940 2500 contestatio,
957 2449 1039 2513 quae
1055 2427 1091 2492 fit
1106 2432 1140 2493 in
1156 2429 1295 2494 decursu
1398 2496 1401 2501 ,

112 2557 295 2626 examinis,
324 2576 343 2619 a
367 2557 599 2621 contestatione
630 2554 717 2620 flnali
743 2556 944 2628 attornati,
972 2576 1054 2639 quae
1081 2554 1178 2620 finem
1208 2560 1297 2641 ponit

113 2680 342 2766 inquisitioni,
365 2688 462 2765 atque
479 2682 706 2748 accusationis
729 2701 915 2766 processum
939 2682 1117 2746 exorditur.

207 2806 284 2871 317.
303 2808 351 2871 lte
367 2807 495 2890 quidem
513 2828 589 2872 vera
607 2809 781 2872 Instructio
793 2808 913 2877 statuit,
931 2808 1017 2872 hanc
1032 2810 1297 2873 contestationem

113 2931 188 2995 lieri
213 2936 380 3016 postquam
406 2932 503 2997 iudex
526 2952 570 2998 ex
593 2935 734 3017 inquisiti
762 2935 913 2998 examine
943 2932 1119 2998 firmiorem
1152 2937 1295 3001 notitiam

112 3058 264 3121 hauserit
288 3057 328 3121 de
344 3058 487 3123 eiusdem
512 3060 645 3133 reitate;
670 3079 711 3123 en
727 3066 788 3123 art.
807 3058 937 3145 XXVI:
962 3080 979 3121 a
998 3060 1201 3126 Proceditur
1215 3063 1296 3128 inde

113 3181 163 3245 ad
187 3182 463 3248 contestationem
485 3181 569 3263 facti
585 3182 759 3249 criminosi
774 3190 805 3247 et
816 3183 1062 3267 probationum
1076 3203 1122 3250 em
1134 3204 1298 3267 processu

116 3306 324 3381 moinum,
346 3308 468 3393 quibus
491 3309 665 3380 evincitur,
690 3310 890 3394 inquisitum
913 3330 983 3376 esse
1007 3311 1161 3376 criminis
1184 3317 1297 3379 auclo-

112 3453 200 3504 rcm,
226 3433 450 3517 eumdemque
480 3433 667 3499 incurrisse
696 3436 871 3517 appositas
901 3436 1083 3502 canonicas
1110 3430 1241 3518 poenus
1265 3460 1295 3502 t.

116 3558 282 3631 Quocirca
304 3537 358 3621 hic
381 3576 488 3621 sermo
505 3562 554 3621 est
577 3556 615 3623 de
634 3558 689 3621 illo
706 3559 836 3643 speciali
854 3564 939 3631 actu,
956 3579 1019 3644 quo
1029 3578 1095 3644 -per
1113 3559 1298 3640 formatem

114 3684 358 3749 accusationem
390 3680 615 3767 significantur
641 3690 792 3749 accusato
817 3684 991 3750 etinctum
1016 3685 1298 3757 criminosorum

116 3828 180 3891 quo
203 3809 385 3892 postulatur
408 3812 440 3874 et
464 3808 670 3892 probationes
686 3808 799 3901 quibus
816 3810 965 3874 innititur
979 3811 1153 3875 accusatio.
1171 3810 1298 3896 Quippe

117 3936 251 4001 maximi
277 3938 428 4001 momenti
445 3942 495 4001 est
510 3935 662 4000 eiusmodi
680 3938 881 4008 contestatio,
900 3941 1043 4020 praestat
1057 3937 1149 4020 sequi
1166 3939 1297 4001 normas

116 4064 170 4127 cit.
188 4061 260 4126 cod.
278 4062 377 4147 Greg.
395 4064 448 4145 qui
464 4066 561 4126 autea
576 4062 746 4146 perpendit
762 4061 828 4147 (lib.
844 4063 885 4134 V,
901 4063 949 4126 tit.
964 4061 1027 4147 IV)
1046 4081 1064 4125 a
1080 4062 1297 4129 Contestatio-

116 4207 194 4254 ncm
211 4187 325 4253 delicti
336 4188 374 4253 in
385 4207 468 4253 casu
479 4188 670 4273 negationis
682 4208 726 4255 eso
739 4194 840 4271 parte
849 4188 902 4254 rei
913 4187 1066 4273 inquisiti
1080 4209 1111 4251 ».
1127 4190 1197 4253 Art.
1211 4186 1295 4253 369:

118 4335 134 4377 ‹
154 4313 306 4398 Expletis
320 4312 359 4377 da
383 4311 501 4377 delicto
516 4312 780 4396 inquisitionibus,
799 4314 953 4398 perfectis
967 4333 1026 4399 per
1041 4317 1115 4378 acta
1133 4313 1299 4378 iudicialis

115 4446 146 4504 et
169 4458 232 4524 per
248 4438 375 4503 testium
391 4440 552 4519 examina,
569 4458 630 4504 nec
653 4457 717 4501 non
741 4457 800 4522 per
823 4439 963 4505 accusati
987 4438 1172 4519 constituta,
1196 4457 1293 4522 quum
1348 4444 1353 4455 '

189 4564 255 4616 Suc.
275 4562 352 4633 Lapa
371 4561 431 4617 Lib.
452 4562 483 4629 ll,
502 4561 558 4617 vol.
580 4560 625 4615 lv.
653 4646 655 4649 Ι
1190 4562 1225 4616 25
