3350 5100
540 314 584 361 nn
609 311 748 361 mamus
771 313 1014 379 oniuinnnmus
1302 294 1365 359 317

277 435 353 500 245.
385 436 513 501 Exinde
544 456 602 501 reo
633 440 726 522 copia
755 437 951 503 defensionis
982 437 1071 502 nulla
1101 438 1134 502 in
1165 442 1259 522 parte
1282 428 1366 523 vpro-

189 581 299 627 cessus
321 560 513 647 deneganda
535 568 593 628 est.
619 564 726 628 Porro
748 564 780 628 in
805 582 961 647 processu
983 563 1036 628 vel
1055 582 1146 647 pure
1172 565 1367 649 inqauatao

187 687 241 751 vel
265 689 298 750 iu
320 694 415 771 parte
437 686 635 770 inquisitiva
657 705 839 769 processus
861 687 972 767 minti,
997 686 1070 753 dum
1095 706 1171 752 reus
1197 686 1367 755 subiicitur

189 812 329 876 examini
353 816 386 875 et
409 811 530 894 excipit
552 811 819 875 contestationem
840 812 995 891 criminis,
1011 812 1079 896 ipse
1095 812 1144 876 ius
1167 811 1264 877 habet
1281 814 1367 876 exci-

189 935 295 1019 piendi
318 936 352 999 in
375 934 581 1019 probationes
605 935 763 1001 hactenus
787 935 941 1001 collectas
964 940 997 999 et
1019 935 1217 1020 provocandi
1239 934 1280 1000 ad
1304 935 1368 999 alia

189 1059 413 1143 probationum
444 1066 607 1125 momenta
632 1061 664 1123 in
688 1060 736 1123 sui
764 1058 1003 1133 defensionem
1027 1078 1129 1142 quare
1160 1061 1223 1124 erit
1254 1059 1369 1124 iudicis

189 1183 433 1269 diligentissime
455 1185 649 1268 perquirere
664 1185 835 1249 veritatem
851 1183 1080 1269 allegationum
1103 1203 1123 1248 a
1146 1204 1203 1248 reo
1219 1183 1367 1249 deducta·

191 1330 271 1378 rum.
288 1309 404 1374 auditis
419 1312 515 1374 etiam
530 1308 666 1375 testibus
689 1329 709 1374 a
731 1329 789 1373 reo
805 1311 973 1374 invocatis.
990 1308 1205 1383 Quamobrem
1221 1308 1368 1373 formalis
1414 1330 1418 1336 ·

117 1500 120 1506 ,
189 1445 281 1499 actus
303 1436 518 1500 accusationis
534 1436 567 1499 in
582 1454 736 1519 processu
752 1435 860 1501 miato
877 1454 942 1499 non
966 1439 1014 1499 est
1037 1432 1179 1499 edendus
1203 1414 1368 1517 quousque

191 1559 287 1623 iudex
310 1560 488 1623 instructu
511 1564 605 1625 ceute
629 1557 840 1643 perpenderit
859 1558 982 1643 pondus
997 1560 1224 1642 exceptionum
1240 1564 1368 1623 exorta·

191 1703 262 1747 rum
292 1685 325 1747 in
356 1685 405 1747 rei
437 1685 598 1747 examina.
624 1656 695 1746 linc
718 1681 840 1746 diserte
864 1684 1021 1768 praecipit
1051 1688 1112 1746 art.
1138 1681 1182 1747 25
1205 1682 1257 1747 cit.
1284 1681 1366 1747 last.

190 1806 314 1872 iubens.
340 1808 415 1873 «δι’
437 1812 635 1889 compareat
658 1804 759 1891 (reus)
783 1805 925 1871 auditur
947 1807 984 1870 in
1007 1806 1167 1871 eaaminc
1196 1810 1228 1871 et
1250 1810 1369 1889 quate-

190 1952 257 1997 nus
278 1932 490 1997 inductiones
511 1930 620 2013 faciat
643 1929 789 1996 atiaaiac
811 1930 974 1995 momenti
997 1929 1116 1995 debat
1144 1930 1238 2003 istae,
1263 1947 1369 2013 qaan-

192 2061 265 2119 tum
287 2054 362 2139 fiai
381 2059 500 2135 potest,
525 2054 708 2119 eabaarim'
722 2074 753 2115 ›.
1311 2040 1312 2043 ’

281 2178 318 2241 ln
335 2195 488 2259 processu
508 2182 616 2239 autem
637 2194 727 2257 pare
741 2165 947 2259 inquisitiva,
964 2175 1109 2257 quamvis
1125 2174 1273 2258 singulae
1296 2192 1368 2257 pro·

191 2303 336 2367 bationes
366 2322 424 2367 seu
453 2301 676 2366 attestationes
706 2307 739 2365 et
767 2302 898 2367 testium
930 2302 1061 2366 nomina
1091 2319 1154 2363 non
1186 2299 1369 2383 pandantur

192 2430 353 2511 inquisito,
380 2426 588 2492 nihilominus
612 2428 662 2491 ius
684 2424 881 2491 detensionis
911 2427 981 2511 ipso
1012 2425 1152 2489 naturali
1181 2426 1253 2489 iure
1281 2444 1370 2488 com·

192 2559 339 2636 paratum
371 2572 412 2616 ne
443 2552 677 2636 pessumdetur,
701 2553 734 2615 in
761 2570 961 2634 quacumque
993 2569 1164 2635 processus
1189 2557 1282 2634 parte
1312 2568 1370 2614 reo

192 2679 299 2744 danda
322 2685 371 2744 est
391 2679 561 2762 sufficiens
583 2678 704 2744 notitia
727 2676 951 2761 probationum
981 2677 1028 2741 illi
1051 2676 1263 2740 adversarum
1287 2675 1370 2740 adeo

193 2810 227 2867 ut
249 2804 357 2868 valeat
379 2823 414 2868 se
438 2803 631 2868 defendere:
657 2820 751 2867 secus
765 2801 1002 2868 condemnatio
1023 2807 1072 2866 est
1094 2802 1220 2885 iniusta.
1241 2802 1367 2866 Etenim

192 2948 363 3012 processus
389 2946 480 3011 pare
505 2927 722 3011 inquisitione
753 2923 816 2990 hoc
841 2931 964 2992 tantum
989 2931 1082 3009 pacto
1104 2925 1248 3009 legitime
1272 2945 1369 2990 exer-

193 3059 296 3132 cetur,
319 3052 489 3117 dummodo
512 3051 688 3135 suffimenti
713 3069 842 3114 reorum
871 3050 1050 3115 defensioni
1078 3050 1268 3116 consulatur
1294 3049 1370 3114 reli-

192 3281 217 3332 q.
236 3263 266 3328 3,
285 3262 378 3333 (Conc.
398 3261 494 3316 carth.
517 3261 548 3344 V
568 3278 592 3314 a
607 3260 671 3328 401)
691 3261 737 3313 ubi
756 3261 792 3312 da
810 3261 1006 3329 defensoribus
1027 3275 1194 3328 pauperum.
1215 3289 1229 3298 -
1250 3257 1289 3312 De
1308 3259 1368 3311 toro

192 3371 292 3426 melos
313 3371 497 3440 privilegiato
517 3385 566 3435 pro
588 3367 793 3422 miserabilibus
816 3367 957 3436 personis,
980 3368 1014 3420 of.
1040 3383 1062 3419 c.
1082 3384 1105 3420 c.
1129 3367 1169 3432 ΙΙ,
1190 3367 1231 3431 15,
1253 3368 1293 3420 De
1312 3369 1367 3437 sar.

193 3490 308 3550 omnpct.
330 3479 359 3532 X
378 3478 424 3548 (ll,
443 3479 481 3545 2),
502 3478 537 3530 26
556 3477 598 3530 De
616 3478 692 3529 verb.
711 3477 805 3546 siquis.
827 3474 856 3528 X
873 3474 919 3544 (V,
938 3475 993 3544 40).
1014 3474 1085 3528 Puto
1111 3490 1165 3527 non
1184 3473 1260 3528 aliud
1285 3490 1369 3542 argu·

193 3591 317 3641 mentum
337 3584 500 3638 historicum
525 3583 665 3637 efficacius
682 3582 888 3648 demonstrare,
907 3585 1080 3651 quantopere
1098 3579 1224 3634 Ecclesia
1246 3580 1372 3634 effecerit

193 3710 228 3748 ne
246 3709 338 3747 mores
356 3691 521 3760 populorum
541 3695 655 3744 ruerent
673 3689 702 3742 in
722 3689 887 3742 barbariem.
902 3688 931 3740 lu
951 3688 1052 3756 specie,
1068 3688 1111 3740 ius
1124 3687 1289 3766 canonicum
1310 3703 1371 3756 poe·

193 3799 258 3855 nala
275 3799 449 3853 mirdaratnm
468 3802 511 3852 est
532 3798 678 3851 saevitiem
697 3797 767 3849 iuris
786 3796 918 3864 poenalis,
937 3795 1009 3870 quod
1029 3794 1182 3851 inolescere
1201 3794 1287 3848 curiis
1305 3795 1372 3848 civi-

193 3905 268 3959 libus
291 3920 379 3975 usque
402 3902 553 3958 contendit.
578 3901 605 3955 ld
630 3901 770 3955 evincitur
795 3916 829 3954 ex
857 3901 1023 3954 tractatibus
1046 3901 1264 3965 canonistarum,
1282 3900 1329 3970 qui
1355 3889 1371 3952 e

193 4015 286 4066 fronte
298 4016 463 4080 comparant
475 4026 560 4064 uuum
580 4019 609 4062 at
627 4008 703 4061 aliud
722 4009 766 4061 ius
784 4013 813 4062 et
831 4007 934 4076 passim
953 4007 1099 4075 increpant
1111 4007 1251 4061 duriorem
1264 4006 1370 4077 stylum

194 4117 289 4171 curiae
307 4115 406 4170 civilis.
429 4115 546 4170 Praeter
564 4113 724 4167 canonistas
747 4114 858 4182 saepius
881 4113 983 4166 citatos
1001 4113 1036 4166 cf.
1057 4113 1202 4166 Banaiz'za
1222 4117 1251 4166 et
1276 4111 1370 4166 Gauz-

195 4224 258 4276 zina
277 4239 320 4292 op.
335 4223 438 4286 citatim
456 4221 493 4273 ct.
507 4218 662 4273 Bohemero
682 4218 831 4273 Elementa
849 4219 947 4288 iarisp.
967 4221 1046 4272 crim.
1065 4223 1136 4272 sect.
1151 4216 1170 4282 l,
1190 4233 1214 4272 c.
1232 4216 1276 4280 153
1295 4215 1372 4270 Hon-

195 4346 261 4384 man
279 4331 320 4384 De
339 4331 403 4383 adio
422 4329 603 4399 defensionis,
616 4325 826 4394 Vitembergae,
847 4323 930 4392 1735,·
948 4323 1073 4390 Pothier,
1091 4320 1186 4378 Traitc'
1204 4325 1240 4378 de
1260 4324 1288 4375 ta
1303 4339 1372 4393 pra·

195 4435 299 4491 cidara
317 4435 493 4497 crimineltc3
514 4435 601 4498 Mora,
622 4431 736 4486 Pratica
753 4431 912 4494 criminale,
931 4430 1031 4499 Napoli
1054 4429 1130 4486 1749.
