3350 5100
439 342 483 386 DE
507 340 647 387 molens
670 340 912 387 ommittimus
937 341 972 387 IN
996 340 1113 388 SPEGIE
1300 326 1366 391 393

191 471 373 547 processus·
387 463 505 529 secreti
526 463 731 549 inquisitioi,
758 464 833 548 quis
860 464 1057 530 contendero
1087 468 1208 550 potest,
1233 471 1268 531 ut
1290 473 1366 552 puta

189 594 304 655 testem
320 590 384 654 alia
400 608 629 675 responsurum
645 610 725 662 esse,
749 592 776 653 si
800 590 829 655 ei
853 588 931 655 fiant
952 596 1044 657 certa
1060 592 1311 678 interrogatoria
1326 595 1366 659 ab

190 714 259 797 ipso
275 718 308 779 et
329 734 440 779 coram
455 716 524 800 ipso
543 716 762 801 proponendo.
778 716 980 781 Recolantur
1003 717 1064 781 iem
1089 719 1249 803 explicate
1265 726 1297 785 et
1313 721 1367 786 hic

189 844 312 903 mnium
345 840 516 910 innuimus.
541 839 686 905 ordinem
710 842 822 906 stricto
845 842 1085 907 oeconomicum
1106 862 1173 907 non
1201 845 1367 909 sinerent

191 962 376 1025 necessario
396 981 509 1026 omnes
522 965 623 1027 testes
644 968 846 1046 repetantur
869 962 909 1027 ad
932 963 1205 1049 legitimationem.
1226 968 1303 1032 Nam
1324 989 1366 1033 ex

191 1087 259 1169 ipsa
271 1085 511 1169 publicatione,
528 1106 700 1172 processus
716 1087 907 1173 intelligitur
923 1090 993 1153 iure
1012 1090 1217 1175 legitimatus
1233 1098 1265 1157 et
1281 1093 1366 1157 dum·

190 1216 282 1278 taxat
304 1212 351 1278 illi
367 1217 465 1277 testes
489 1214 607 1277 iterum
628 1213 799 1280 audientur
814 1212 854 1279 ad
871 1216 1054 1280 instantiam
1070 1219 1222 1299 accusati,
1239 1219 1366 1302 quando

191 1337 245 1402 liic
267 1336 454 1422 probaverit
476 1358 593 1403 novum
618 1358 756 1403 examen
786 1358 857 1403 esse
888 1342 1107 1406 necessarium
1131 1343 1170 1406 ad
1195 1346 1364 1409 veritatem

190 1460 413 1546 detegendam.
1348 1462 1349 1466 ’

280 1587 370 1662 Quod
388 1589 415 1652 si
431 1588 630 1660 advertatur,
645 1589 893 1655 Instructionem
910 1589 1029 1654 nullam
1043 1593 1237 1657 mentionem
1255 1592 1366 1657 facere

191 1710 230 1774 de
253 1711 495 1795 legitimatione
525 1732 713 1797 processus,
741 1712 782 1778 de
803 1714 1001 1796 repetitione
1031 1721 1064 1782 et
1095 1715 1366 1798 confrontotione

190 1836 329 1906 testium,
347 1836 532 1920 reponimus
547 1836 630 1928 haec
648 1836 811 1918 permitti,
828 1838 946 1922 quippe
966 1857 1030 1902 nou
1051 1838 1277 1921 prohibentur
1291 1840 1368 1905 iure

189 1959 342 2041 positivo,
359 1964 393 2024 et
415 1959 490 2023 inde
506 1960 731 2047 intelliguntur
752 1961 916 2044 implicite
938 1980 1093 2027 coneema
1108 1966 1183 2047 quie
1202 1966 1369 2029 continent

192 2086 241 2148 ins
251 2086 430 2172 legitimum
443 2086 648 2153 defensionis.
663 2088 806 2177 Proinde
820 2091 991 2155 instructio
1007 2088 1047 2154 de
1063 2092 1125 2156 hac
1138 2092 1244 2177 specie
1260 2092 1369 2158 dolon-

190 2212 290 2276 sionis
305 2232 401 2296 quum
417 2214 536 2277 nullom
553 2214 670 2279 lecerit
685 2216 890 2291 mentionem,
904 2216 1115 2301 intelligendo
1130 2222 1187 2292 est,
1202 2216 1368 2283 dumtaxat.

191 2334 331 2399 voluisse
346 2336 515 2401 attendere
537 2337 592 2401 ius
607 2337 803 2405 defensionis
822 2343 855 2401 et
871 2340 1052 2404 necessitati
1077 2340 1171 2404 huius
1188 2341 1266 2404 iuris
1288 2341 1367 2405 nihil

192 2460 350 2526 addidisse
372 2464 583 2529 solemnitatis
597 2484 640 2527 ex
658 2466 728 2529 iure
743 2464 880 2550 positivo
896 2463 952 2550 (l).
972 2464 1120 2529 Ceterum
1138 2466 1187 2529 ius
1210 2486 1244 2529 se
1260 2466 1365 2532 delen·

191 2586 285 2650 dendi
302 2587 400 2651 nullis
421 2589 658 2673 praescriptum
681 2587 833 2652 limitibus
857 2587 1059 2673 apertissime
1081 2589 1256 2655 instructio
1281 2609 1368 2653 reco-

192 2711 318 2793 gnoscit
340 2717 491 2775 accusato
514 2713 548 2775 in
571 2719 632 2776 art.
657 2712 803 2776 XXVII.

282 2834 457 2899 insontem
474 2832 671 2899 defensionis
685 2852 750 2896 non
773 2834 956 2918 expostulat
977 2834 1210 2917 repetitionem
1226 2836 1366 2900 omnium

191 2958 320 3021 testium
328 2957 617 3042 adlegitimandum
627 2977 812 3043 processum
820 2963 988 3024 semotum
998 2958 1243 3043 inquisitionem,
1252 2961 1368 3046 quippe

191 3102 274 3166 quae
296 3083 438 3148 uindice
459 3084 547 3148 facta
568 3089 644 3149 sunt
665 3084 810 3168 legitime
831 3081 918 3148 iectu
941 3105 1012 3150 esse
1034 3091 1294 3169 praesumuntur,
1312 3086 1367 3150 sed

193 3229 247 3272 eos
260 3211 362 3293 repeti
374 3214 504 3293 oportet
517 3228 597 3292 quos
611 3213 782 3274 accusatus
798 3211 869 3274 iure
885 3210 1000 3273 merito
1017 3212 1213 3296 interrogari
1229 3211 1369 3296 postulat

192 3355 291 3420 snper
312 3335 385 3398 aliis
407 3334 566 3399 adiunctis
588 3353 609 3398 a
630 3334 737 3399 iudice
759 3335 958 3400 instructore
982 3335 1034 3399 vel
1056 3353 1121 3400 non
1146 3337 1291 3420 cognitis,
1316 3337 1368 3401 vel

192 3478 256 3522 non
272 3461 468 3523 memoratis.
486 3495 504 3506 -
522 3460 702 3524 Praeterea
715 3461 784 3544 ipse
805 3466 984 3540 accusatus.
1008 3457 1051 3522 ob
1073 3459 1256 3545 probabiles
1273 3463 1368 3525 ratio-

194 3602 251 3647 nes
274 3583 462 3649 facultatem
485 3583 582 3648 habet
605 3585 784 3669 postulandi
808 3590 844 3649 ut
866 3584 928 3649 duo
951 3589 1061 3654 testes.
1085 3605 1221 3668 quorum
1244 3590 1371 3650 attesta-

193 3710 296 3772 tiones
319 3715 394 3774 sunt
416 3709 581 3774 discordes
603 3711 655 3775 vel
681 3715 859 3794 suspectus,
885 3715 1043 3774 vocentur
1065 3709 1105 3773 ad
1133 3709 1371 3793 contreetatio-

193 3853 280 3906 uem,
297 3836 437 3918 itemque
451 3836 523 3898 iure
543 3836 660 3899 merito
677 3830 856 3920 efflagitare
871 3840 977 3919 potest
998 3840 1035 3898 ut
1057 3835 1147 3900 testis
1170 3853 1279 3899 coram
1305 3837 1372 3919 ipso
1416 3815 1421 3828 ¹

194 3961 415 4043 interrogetur
438 3958 478 4023 nd
502 3959 821 4042 confroutotionem.

283 4085 396 4149 Utrum
420 4105 500 4149 vero
523 4088 665 4150 accusati
689 4087 799 4171 petitio
822 4086 864 4148 sit
882 4087 944 4149 iuri
969 4085 1145 4150 conformis
1169 4091 1202 4150 et
1225 4085 1370 4170 probabi·

283 4369 321 4434 (ll
342 4369 416 4422 Haec
440 4370 547 4438 species
573 4369 745 4437 probationis
768 4371 831 4422 iure
854 4371 972 4438 positivo
999 4367 1162 4436 prohibetor
1185 4369 1213 4420 in
1240 4383 1368 4436 processu

195 4491 261 4542 pure
279 4475 446 4544 inquisition
