3350 5100
365 262 434 331 ‘262
883 290 968 338 reas
996 292 1032 338 11.

371 413 436 495 peti
464 431 530 477 non
554 412 651 485 valet,
676 415 803 499 poenali
827 416 966 495 actione,
990 436 1033 481 ex
1056 417 1137 483 iuris
1162 418 1351 505 privilegio,
1376 419 1427 503 qui
1457 426 1549 485 certo

374 536 494 603 fruitur
509 538 614 622 asylo.
633 538 681 604 Oi.
698 558 797 625 supra
810 559 844 604 n.
863 541 907 607 43
923 538 981 625 (1).
998 541 1061 608 Sed
1077 544 1207 627 inquam
1223 564 1268 610 em
1283 564 1389 611 caasa
1403 544 1550 612 insidiae

376 663 488 746 -quia
510 661 575 729 alia
598 664 824 749 impedimenta
848 668 1002 752 cuiusque
1025 669 1156 754 generis
1178 671 1250 735 iure
1270 669 1357 735 civili
1372 670 1550 735 communia

373 789 464 853 iuxta
480 789 672 874 principium
690 824 709 837 ·
727 796 845 857 contra
860 811 932 859 non
946 794 1114 859 valentem
1130 812 1234 879 apere
1248 812 1320 861 non
1335 792 1442 860 currit
1449 812 1548 876 prae·

367 913 507 997 scriptio
524 951 541 961 -
561 916 592 978 in
609 934 647 979 re
670 916 831 981 criminali
848 936 912 981 non
929 917 1150 993 attenduntur,
1170 919 1311 983 maxime
1334 916 1430 983 hodie
1453 936 1548 1001 quum

370 1042 420 1107 ius
448 1042 661 1125 persequendi
692 1062 813 1128 poenas
844 1048 1042 1109 exerceatur·
1070 1064 1090 1109 a
1120 1050 1306 1129 promotore
1336 1042 1450 1109 fiscali.
1474 1080 1486 1091 -
1511 1044 1548 1108 Iu

374 1167 507 1233 decreto
530 1170 628 1233 citato
651 1188 750 1233 unum
773 1168 952 1235 attenditur
975 1168 1245 1255 impedimentum,
1267 1188 1393 1255 nempe,
1415 1168 1448 1235 si
1469 1169 1550 1235 dati·

370 1297 463 1359 ctam
484 1290 594 1374 faerit
615 1311 805 1360 roraurran
828 1296 1006 1360 occultam.

462 1417 535 1483 191.
568 1419 679 1483 Cessat
713 1419 799 1483 actio
833 1419 1012 1483 criminalis
1042 1438 1099 1484 seu
1129 1421 1301 1505 perimitur
1334 1419 1464 1505 penitus
1494 1438 1551 1505 per

372 1544 567 1608 sententiam
581 1542 835 1617 absolutorium,
849 1544 965 1629 quippe
981 1542 1172 1629 delinquens
1195 1543 1350 1609 adversus
1365 1563 1550 1629 quemcum-

374 1688 437 1753 que
459 1673 685 1734 accusatorem
708 1688 744 1733 se
767 1667 912 1734 defendit
934 1670 1126 1755 exceptione
1148 1670 1200 1735 rei
1222 1670 1401 1735 indicatae.

462 1792 536 1857 192.
561 1792 729 1857 Hactenus
755 1792 796 1856 de
826 1792 927 1857 modis
953 1793 1029 1859 iure
1056 1796 1237 1860 constitutis
1260 1794 1301 1859 ad
1332 1792 1552 1879 perimendam

372 1919 620 1984 accusationem.
646 1917 826 2003 Supersunt
850 1916 918 1983 duo
942 1917 1026 1983 modi
1053 1920 1239 1993 naturales,
1263 1938 1379 2004 nempe
1401 1917 1440 2003 a)
1467 1936 1554 1980 mors
1624 1940 1625 1959 t

372 2044 526 2109 accusati·
539 2040 571 2125 b)
593 2062 682 2106 mors
704 2043 912 2109 accusatoris.

461 2168 553 2231 Mors
576 2168 727 2234 accanoti
748 2170 879 2253 perimit
895 2168 1038 2235 funditus
1053 2169 1220 2235 actionem
1237 2168 1464 2239 criminalem,
1480 2167 1551 2249 quia

375 2295 425 2357 est
440 2311 563 2376 poenae
586 2294 822 2377 persecutoria;
840 2297 872 2359 et
895 2312 1000 2379 poena
1022 2294 1182 2377 praestari
1198 2292 1293 2357 debet
1306 2292 1347 2356 ab
1369 2292 1441 2376 ipso
1458 2290 1553 2355 delin-

373 2422 504 2501 quente.
532 2417 586 2481 Ex
617 2414 755 2481 adverso
784 2418 869 2483 actio
900 2418 1005 2483 civilis
1034 2419 1087 2483 rei
1116 2418 1339 2503 persecutoria
1364 2417 1486 2484 transit
1514 2413 1552 2479 ad

377 2541 516 2608 heredes
532 2546 565 2606 et
588 2542 716 2627 planum
741 2545 800 2609 est
818 2541 928 2617 Quare
951 2544 1035 2608 actio
1058 2544 1163 2610 civilis
1186 2563 1343 2610 enascens
1365 2563 1408 2608 ex
1425 2541 1553 2618 delicto,

377 2675 534 2754 quatenus
557 2669 620 2733 hoc
636 2673 686 2732 est
703 2668 823 2734 factum
847 2670 993 2735 noreiam
1016 2689 1074 2734 seu
1096 2668 1197 2734 infert
1211 2668 1361 2734 damnum
1377 2667 1554 2733 immedia·

378 2801 450 2860 tam
472 2797 589 2860 transit
610 2793 652 2859 ad
674 2795 823 2860 heredes.
848 2795 1063 2860 Nihilominus
1085 2796 1111 2858 si
1134 2798 1252 2878 agatur
1266 2793 1305 2858 de
1328 2811 1435 2878 poena
1458 2811 1552 2879 pecu·

377 2919 491 2988 niaria,
513 2917 613 2981 veluti
630 2914 670 2980 de
685 2917 823 2996 mulcta,
835 2915 922 2980 hanc
937 2920 1008 3000 post
1022 2915 1221 2981 sententiam
1237 2913 1553 2980 condemnatoriam

373 3041 451 3124 (non
470 3047 547 3108 ante
570 3042 774 3109 sententiam.
790 3042 937 3125 quamvis
959 3045 1031 3125 post
1052 3039 1142 3104 litem
1165 3036 1390 3121 contestatam)
1404 3037 1448 3103 ab
1464 3037 1553 3102 here

382 3166 474 3232 dibus
505 3166 731 3252 praestandam
762 3185 834 3232 esse
868 3169 981 3230 tenent
1014 3165 1201 3231 canonistae
1234 3163 1470 3230 communiter.
1506 3160 1551 3226 Cl.

378 3291 557 3377 Schmalzg.
582 3293 614 3356 la.
639 3297 660 3356 t.
684 3311 718 3356 n.
743 3291 821 3364 125,
847 3291 895 3356 cf.
920 3291 995 3355 Vol.
1020 3290 1235 3370 111,n.182.

463 3419 571 3482 Morte
596 3418 804 3483 comisatoris
826 3417 999 3502 perimitur
1028 3416 1191 3482 instantia
1219 3415 1245 3479 si
1276 3419 1394 3500 agatur
1415 3411 1457 3478 de
1480 3412 1555 3475 cive

375 3549 584 3617 accusatore;
619 3541 705 3606 unde
739 3547 909 3607 accusatus
942 3539 1121 3606 absolvitur
1153 3539 1193 3604 ab
1227 3538 1426 3623 impetitione
1460 3537 1554 3601 huius

382 3669 564 3738 instantiae,
580 3686 662 3751 quae
685 3669 793 3730 tamen
817 3664 858 3731 ab
881 3665 943 3730 alio
959 3669 1149 3731 accusatore
1172 3663 1348 3727 instaurari
1371 3660 1470 3726 valet.
1486 3661 1555 3724 lmo

377 3792 474 3858 hodie
490 3795 564 3876 quia
580 3799 750 3857 accusator
765 3797 815 3857 est
828 3793 1048 3876 magistratus,
1065 3793 1230 3874 promotor
1247 3784 1374 3857 fiscalis,
1387 3803 1454 3848 uon
1478 3800 1551 3848 cen-

379 3921 471 3981 setur
492 3911 634 3980 deficere
656 3919 770 3994 morte,
795 3915 870 3996 quia
893 3917 1024 3977 accusat
1045 3913 1173 3978 ratione
1195 3907 1323 3992 publici
1341 3905 1452 3990 officii.
1469 3939 1488 3952 -
1505 3901 1555 3967 De

372 4043 608 4126 peremptione
630 4040 887 4119 instantiarum,
911 4037 952 4103 of.
977 4036 1052 4102 Vol.
1077 4038 1103 4106 1,
1127 4055 1159 4099 n.
1185 4033 1250 4099 309
1274 4050 1339 4115 seq.

463 4219 504 4289 (1)
522 4217 563 4271 Cf.
584 4217 688 4287 Binger
707 4219 749 4271 De
774 4217 921 4285 asylorum
941 4215 1059 4286 origine,
1072 4227 1125 4266 aaa
1143 4222 1171 4266 at
1192 4211 1290 4264 abusu.
1313 4203 1442 4276 Lugduni
1469 4203 1551 4256 Bata·

376 4327 594 4393 vorum‚18'28;
620 4331 651 4380 et
675 4322 806 4390 Bai-thal,
829 4323 976 4394 Opascnla
997 4322 1121 4379 iuridica
1145 4321 1219 4372 rarii
1242 4313 1416 4387 argumenti,
1437 4308 1553 4364 Tom.2

375 4453 468 4507 opusc.
487 4435 512 4490 6.
532 4437 574 4494 De
593 4436 656 4491 inre
674 4433 756 4503 asyli,
776 4431 949 4502 Bambergas
970 4429 1047 4484 1656.
