3350 5100
332 291 399 357 382
837 311 921 358 rans
945 310 995 356 ιιι.

331 435 506 518 alloquitur
520 457 580 520 per
595 436 763 519 tepitimas
777 435 1061 522 interropationes
1076 435 1122 519 (l)
1140 437 1242 519 ipsum
1263 439 1437 519 inquisitum
1460 435 1506 500 ad

331 559 503 642 genuinam
528 557 686 622 tactorum
711 557 924 622 hauriendam
948 559 1102 623 notitiam.
1122 557 1183 624 Ast
1199 558 1314 642 regula
1327 563 1408 624 certa
1421 579 1504 624 con·

331 684 418 750 stitui
442 702 506 747 non
529 683 617 747 valet
648 687 680 747 et
710 687 834 747 tanturn
862 683 1070 768 assignantur
1093 686 1232 755 termini,
1261 683 1372 767 quibus
1398 685 1503 749 couti·

332 819 449 874 neatur
472 807 584 874 iudicIs
606 807 720 894 agendi
747 810 846 884 ratio3
870 810 1022 874 nimirum
1054 811 1112 894 ipsi
1143 809 1322 875 curandum
1351 829 1430 890 esse,
1455 829 1505 874 ex

332 953 396 1000 una
413 939 513 1018 parte,
531 934 648 998 lamam
669 933 805 1006 alterius
828 935 945 999 iniuste
968 952 1032 998 non
1048 933 1179 1000 laedere
1195 954 1254 1020 per
1269 936 1503 1001 accusationem

332 1061 484 1146 implicIte
512 1059 629 1124 factam
661 1061 692 1122 in
725 1060 793 1144 ipso
822 1059 955 1125 decreto
987 1060 1165 1134 citationis;
1189 1079 1231 1125 ex
1258 1061 1371 1133 altera,
1395 1080 1503 1124 rerum

332 1186 512 1260 verItatem,
538 1186 568 1248 iu
593 1187 715 1270 primis,
740 1186 866 1250 hauriri
890 1205 933 1250 ex
958 1187 1025 1272 ipso
1048 1183 1188 1269 inquisiti
1217 1205 1284 1250 ore.

421 1309 495 1374 313.
510 1309 618 1375 Tenor
631 1316 664 1376 et
675 1309 782 1376 forma
795 1311 956 1376 citationis
971 1308 1173 1396 significatur
1184 1311 1218 1375 in
1229 1317 1291 1375 art.
1306 1311 1400 1375 XXII
1415 1311 1501 1373 lust:

335 1435 411 1500 «In
435 1434 544 1502 libatio
568 1434 736 1503 citationis
752 1433 808 1521 (2).
828 1435 896 1500 nisi
913 1435 1101 1518 pudentia
1116 1435 1154 1500 id
1168 1440 1262 1515 vetet,
1287 1439 1503 1516 caponumur

331 1559 362 1626 ei
380 1577 448 1642 per
469 1565 647 1625 entensum
671 1561 901 1627 accusationes
924 1561 961 1625 in
983 1578 1062 1626 eum
1084 1560 1249 1625 dedumoe
1262 1564 1302 1624 ut
1311 1558 1435 1641 parari
1448 1577 1500 1622 oa-

332 1686 398 1750 I'eat
421 1687 467 1750 act
490 1686 767 1768 respondendum
784 1708 813 1749 u.
832 1687 891 1760 „Uti
915 1691 1012 1771 patet,
1041 1686 1094 1750 hIc
1126 1691 1174 1750 est
1204 1684 1351 1750 formalis
1380 1683 1500 1749 libellus

330 1811 490 1876 citationis
506 1813 676 1876 continens
691 1811 878 1896 explicitam
893 1811 1153 1883 accusationem,
1167 1815 1245 1875 tunc
1258 1809 1400 1875 edendus
1411 1830 1498 1893 quum

330 1944 395 2003 tam
419 1958 536 2023 graves
555 1937 694 2004 militant
716 1937 923 2024 probationes
947 1944 981 2004 ut
997 1940 1054 2003 vix
1070 1939 1103 2002 in
1120 1937 1250 2031 dubium
1274 1939 1386 2001 vocari
1410 1939 1499 2022 possit

330 2064 471 2127 accusati
497 2064 670 2149 imputatio.
689 2063 760 2128 Hoc
784 2061 819 2128 IIt
842 2064 967 2146 quoties
986 2062 1157 2128 devenitur
1172 2062 1212 2127 ad
1228 2081 1416 2148 processum
1433 2061 1501 2126 ludi·

332 2189 455 2260 cIaIem
482 2193 516 2252 ut
542 2208 619 2252 ecce
643 2187 682 2252 ob
706 2188 1011 2274 transpressionem
1030 2188 1216 2273 praecepti,
1240 2189 1292 2254 vel
1320 2187 1360 2252 ob
1384 2189 1502 2252 crimen

332 2334 415 2399 pene
437 2315 609 2387 notorium,
627 2314 681 2378 vel
699 2315 788 2378 ouius
811 2315 957 2379 notitiam
973 2315 1063 2379 curia
1086 2312 1145 2378 sibi
1165 2318 1287 2378 cor'tam
1308 2314 1504 2397 comparavit

332 2440 364 2502 in
380 2439 584 2522 inquisitione
597 2441 730 2522 praevia
742 2438 855 2504 mediis
862 2439 1128 2521 praeservatims
1140 2444 1197 2504 aut
1208 2437 1478 2504 medicinalibus.
1488 2473 1504 2484 -

332 2565 566 2630 Verumtamen
582 2567 609 2629 si
625 2566 717 2629 curia
733 2564 917 2630 incubuerit
932 2566 1058 2630 crimini
1074 2565 1254 2651 detegendo
1269 2586 1328 2650 per
1342 2570 1504 2631 secretam

330 2686 593 2770 inquisitionem,
618 2687 826 2771 quamobrem
851 2689 1014 2773 negotium
1038 2687 1151 2753 iudicis
1174 2692 1240 2759 est,
1265 2688 1391 2751 crimen
1416 2692 1505 2751 caute

332 2812 485 2897 detegere
515 2814 646 2896 eiusque
680 2818 846 2878 auctorem
882 2834 941 2899 per
975 2815 1248 2899 interrogationes
1283 2812 1505 2899 proponendas

332 2940 392 3023 ipsi
416 2942 620 3021 praesumpto
644 2957 711 3011 reo,
736 2944 813 3004 tunc
840 2938 929 3004 Iocus
953 2944 1002 3003 est
1025 2939 1270 3024 praescriptioni
1299 2943 1506 3005 enumeratae

220 3045 223 3052 ’
332 3064 365 3127 in
395 3064 540 3158 sequenti
570 3068 632 3128 art.
662 3062 800 3129 XXIII:
836 3086 853 3126 s
883 3064 1162 3147 Quotiescumque
1190 3082 1271 3129 cero
1301 3062 1343 3129 ab
1372 3083 1506 3129 accusa·

255 3198 256 3201 ’
333 3188 462 3254 tionum
486 3190 693 3273 qualitatem,
725 3194 785 3255 aut
815 3189 857 3256 ob
887 3190 957 3254 atio
980 3190 1155 3265 adiuncta,
1180 3190 1338 3272 prudens
1366 3209 1438 3255 non
1466 3190 1505 3254 sit

333 3334 392 3381 aas
417 3314 614 3397 patefacere
645 3320 682 3379 in
714 3315 822 3382 Iibetto
847 3316 1030 3399 citationis,
1052 3316 1090 3379 in
1114 3314 1176 3381 troc
1197 3317 1310 3381 solum
1340 3314 1504 3396 innuitur,

332 3440 488 3505 eumdem
511 3440 628 3505 vocari
658 3441 704 3506 aet
735 3458 883 3505 emamen
906 3447 943 3504 ut
965 3460 1036 3506 sese
1061 3449 1199 3506 excuset
1220 3439 1258 3503 in
1281 3459 1396 3520 causa,
1421 3458 1506 3524 petae

331 3565 446 3648 ipsum
461 3565 597 3647 respicit
612 3566 661 3631 uti
677 3565 878 3649 inquisitum
893 3587 924 3629 ».
943 3564 1054 3632 Verba
1073 3565 1185 3648 quibus
1209 3564 1438 3650 concipiendus
1459 3566 1506 3629 est

332 3688 459 3754 libellus
482 3690 643 3755 cItationis
658 3690 691 3753 in
708 3689 770 3753 hoo
793 3689 934 3755 secundo
958 3708 1043 3758 casu,
1068 3689 1195 3775 singula
1218 3687 1369 3753 dictanda
1391 3692 1505 3753 sunta

331 3815 501 3901 prudentia
518 3814 629 3879 iudicis
646 3834 705 3899 pro
721 3813 937 3900 singularIbus
954 3833 1070 3879 causae
1085 3814 1255 3894 adiunctis,
1270 3819 1365 3897 atque
1386 3813 1507 3880 frustra

422 4030 460 4098 (l)
480 4029 593 4099 Inquam
614 4057 628 4070 -
647 4045 696 4098 per
716 4030 856 4098 Iepitimas
875 4027 1112 4097 interrogationes
1129 4055 1143 4069 ·
1162 4026 1229 4097 quia
1247 4042 1338 4097 neque
1350 4026 1507 4097 legitimum

333 4154 421 4208 neque
441 4136 559 4205 prudeus
578 4140 621 4191 est
639 4136 711 4207 quod
729 4136 811 4191 iudex
831 4152 909 4189 reum
928 4133 1091 4206 inquisItum
1116 4134 1276 4205 alloquatur
1301 4140 1329 4188 et
1352 4134 1508 4204 interroget

213 4268 215 4273 ’
332 4245 410 4315 quasi
424 4244 537 4310 amicus,
551 4245 625 4298 omni
639 4244 764 4319 deposita
777 4243 916 4298 iudicialis
928 4243 1118 4314 inquisitionis
1130 4244 1228 4297 forma.
1240 4242 1303 4296 Cod.
1318 4241 1401 4311 Greg.
1411 4260 1437 4297 a.
1448 4244 1506 4296 276.

422 4351 462 4424 (2)
482 4352 511 4406 In
525 4358 603 4407 tantu
616 4352 811 4408 Instructionis
822 4352 928 4421 legitur
939 4381 952 4394 -
963 4351 1099 4409 intimatio
1110 4380 1123 4393 ·
1134 4350 1229 4407 italice
1241 4351 1431 4419 intimatione,
1442 4352 1508 4423 quia

333 4477 387 4516 non
406 4460 492 4517 semel
510 4461 592 4516 datur
611 4477 660 4531 por
677 4459 818 4531 simplices
836 4460 955 4515 litterae.
