3350 5100
471 291 515 338 ne
539 290 678 338 runicus
702 289 956 339 6166666666.
1238 271 1306 338 225

140 416 281 480 mato
292 437 311 475 ›
331 421 365 479 et
379 415 412 478 in
423 420 486 480 art.
499 413 543 479 29
560 434 579 478 s
594 413 741 497 Eaplelo
753 431 923 496 processu
938 419 1104 495 actorum,
1122 415 1306 481 instmtctor

139 538 320 605 restrictum
335 537 467 624 conficit
481 537 713 605 essentialium
728 539 987 606 conclusionum
1003 539 1154 604 eiusdem
1166 561 1196 604 ».
1215 542 1304 604 Atta·

139 683 213 736 men,
226 666 299 748 6616
309 665 393 729 haec
405 665 580 731 instructio
591 666 678 730 edita
693 664 755 730 luit
766 684 826 750 pro
843 665 949 730 causis
964 665 1152 730 summarie
1169 671 1202 732 et
1217 683 1307 731 occo·

138 789 259 856 mmice
282 789 451 875 agitandis,
465 791 650 858 constitutio
668 789 792 856 iudicis
807 789 1023 855 instructoris
1045 794 1169 854 tantum
1191 809 1307 854 consu·

139 917 219 986 titur,
231 915 306 980 dum
318 917 352 980 in
364 918 418 981 611.
432 917 548 984 Codice
560 919 764 1004 Gregoriano
777 918 948 1002 inscripto:
960 952 973 964 ·
987 914 1120 1002 Repula
1129 934 1309 998 processus

139 1037 320 1104 oimmalis
343 1073 362 1086 -
386 1057 541 1124 expresse
563 1040 692 1104 iubetur
714 1047 775 1103 art.
798 1039 851 1105 53.
880 1058 896 1100 t
921 1039 1026 1121 Apud
1048 1039 1223 1124 simpulum
1248 1038 1308 1103 tri·

140 1162 236 1227 lunai
251 1163 401 1228 ader-unt
418 1164 488 1229 cluo
510 1169 570 1228 aut
588 1165 711 1247 plures
725 1164 853 1229 iudices
873 1168 1141 1246 processautes...
1166 1169 1198 1229 et
1219 1183 1309 1228 uuus

139 1287 322 1368 autplures
344 1285 512 1352 substituti
528 1287 682 1369 deputati
705 1288 752 1353 ad
772 1305 954 1369 processus
976 1287 1190 1354 ordinandos
1213 1286 1310 1352 etad

139 1429 254 1475 causas
274 1410 496 1476 instruendas
510 1433 541 1474 ›.
563 1412 606 1476 Et
623 1411 739 1477 deinde
756 1418 821 1478 art.
839 1411 887 1478 54
902 1411 986 1476 subs.
1005 1418 1157 1478 cavetur:
1177 1432 1194 1474 ‹
1212 1411 1309 1476 Eius-

139 1536 224 1602 modi
234 1555 418 1618 processus
432 1536 626 1602 remittendi
647 1543 728 1603 suut
750 1538 797 1602 ad
821 1542 1065 1620 procuratores
1088 1538 1218 1620 fiscales
1241 1535 1312 1620 qui·

139 1657 194 1724 lus
217 1660 272 1724 ius
295 1663 344 1724 est
366 1659 608 1740 expostulandi
630 1665 670 1724 ut
690 1661 793 1726 iidem
813 1679 995 1742 processus
1018 1659 1180 1742 ampliori
1203 1658 1313 1742 iuqui-

138 1783 250 1848 sitioue
272 1788 479 1868 aupeantur‚
496 1784 670 1866 explenda
688 1803 755 1867 per
773 1783 866 1866 ipsos
881 1783 1010 1849 iudices
1028 1789 1264 1866 processoutes
1281 1803 1311 1846 s.

446 2049 522 2132 52.
546 2050 597 2116 De
620 2050 743 2117 iudicis
766 2049 999 2133 competentia.

138 2234 352 2318 summatim
362 2291 396 2304 -
412 2263 468 2317 160.
483 2261 523 2316 De
536 2263 725 2332 competentia
737 2265 847 2316 ratione
866 2263 974 2316 obiecti.
988 2291 1024 2302 -
1043 2262 1100 2316 161.
1116 2263 1153 2316 lte
1168 2263 1315 2331 privilegio

220 2375 282 2440 fori
301 2371 329 2423 in
348 2387 379 2424 re
398 2370 546 2424 criminali.
564 2369 593 2424 16
612 2369 690 2424 hisce
708 2370 802 2422 causis
819 2386 908 2440 aeque
926 2369 1004 2440 viget
1024 2370 1205 2438 principium:
1229 2372 1315 2424 Actor

220 2459 350 2548 sequitur
359 2481 456 2548 forum
468 2477 635 2532 rei-162.
647 2477 686 2531 De
697 2477 885 2547 competentia
897 2480 1007 2530 ratione
1017 2477 1126 2546 prodas
1138 2491 1186 2530 seu
1198 2476 1231 2530 de
1241 2476 1317 2528 ordi-

219 2588 334 2641 natione
347 2588 472 2641 iudicum
483 2585 573 2657 quoad
586 2602 685 2639 causas
698 2584 858 2639 criminales
871 2583 1041 2639 iudicialiter
1054 2584 1268 2652 cognoscendas.
1281 2612 1316 2625 -

223 2693 284 2747 163.
305 2693 344 2747 De
363 2693 419 2745 ind.
436 2692 578 2746 ordinario
595 2691 735 2762 delegato.
748 2709 784 2733 ‘-
799 2692 858 2747 lot.
872 2692 913 2747 De
931 2692 1122 2761 competentia
1136 2692 1243 2745 ratione
1262 2701 1318 2744 ter·

221 2803 326 2855 ritas-ii.
340 2829 375 2842 -
391 2802 450 2855 165.
465 2801 496 2854 ln
510 2800 606 2869 primis
618 2800 653 2853 de
670 2801 859 2869 competentia
871 2804 980 2854 ratione
993 2800 1139 2855 domicilii.
1154 2828 1188 2841 -
1204 2800 1265 2853 166.
1279 2798 1318 2876 116

222 2908 415 2978 competentia
432 2910 543 2961 ratione
560 2908 666 2961 delicti.
678 2935 714 2948 -
730 2908 787 2961 167.
805 2907 944 2977 Episcopi,
963 2923 1081 2981 quornm
1102 2923 1202 2961 666666
1222 2906 1317 2960 crimi-

222 3014 305 3069 nales
323 3020 390 3069 sunt
406 3016 539 3081 maiores,
553 3014 618 3069 huic
638 3014 724 3069 titulo
737 3016 943 3084 competentiae
955 3030 1011 3069 non
1023 3016 1149 3069 subsunt.
1164 3015 1218 3068 Pro
1237 3032 1318 3085 regn·

222 3122 333 3176 laribus
351 3121 458 3193 aliquid
475 3121 598 3191 speciale
616 3127 730 3176 cautum
750 3128 801 3177 est.
814 3152 848 3164 -
869 3122 976 3177 166116
998 3123 1207 3192 vagia-169.
1228 3125 1271 3176 An
1282 3122 1321 3176 sit

222 3228 304 3282 locus
318 3229 517 3298 pror-opattam
538 3230 737 3298 competentiae
755 3229 784 3283 in
804 3228 1006 3283 criminalibus.
1027 3258 1060 3271 -
1082 3230 1139 3284 170.
1161 3230 1200 3285 116
1219 3247 1318 3285 recon-

223 3336 363 3389 ventione.
375 3362 412 3375 -
427 3334 485 3388 171.
507 3334 545 3388 De
564 3339 733 3389 continentia
753 3352 908 3388 catinarum.
922 3364 957 3377 -
974 3336 1031 3389 172.
1050 3335 1088 3391 De
1108 3336 1192 3390 dubia
1211 3352 1321 3405 compe·

225 3443 318 3497 tentia
336 3446 366 3495 et
385 3441 420 3496 de
438 3442 569 3496 conflictu
587 3442 663 3497 inter
682 3443 776 3511 plures
793 3442 900 3497 iudices
918 3460 1007 3515 aeque
1026 3450 1223 3514 competentes.

227 3655 305 3722 160.
330 3655 498 3731 Quodnam
521 3658 563 3723 sit
584 3656 745 3724 obiectum
769 3658 947 3723 criminalis
970 3662 1204 3744 competentiae
1221 3663 1319 3725 ecete-

138 3782 288 3848 siasticae
311 3784 375 3846 iam
398 3782 639 3848 enucleavimus
657 3784 689 3847 in
709 3784 815 3868 prima
829 3786 923 3867 parte
937 3786 1169 3849 tractactionis.
1190 3820 1207 3833 -
1226 3784 1321 3849 Com·

138 3908 283 3988 petentia
304 3910 414 3971 autem
428 3904 594 3977 iudicialis,
612 3906 712 3971 veluti
728 3904 872 3977 effectus,
890 3908 1098 3990 consequitur
1120 3926 1141 3970 a
1164 3913 1322 3992 potestate

138 4033 319 4098 coercitiva
348 4052 413 4117 qua
438 4031 538 4117 pollet
565 4032 723 4096 Ecclesia.
748 4028 912 4115 Siquidem
936 4026 1086 4097 Ecclesia
1110 4034 1142 4097 16
1171 4054 1225 4097 eos
1257 4035 1320 4117 qui,

138 4157 366 4243 delinquentes
381 4160 415 4221 in
430 4178 521 4224 suam
533 4158 650 4243 legem.
663 4156 856 4242 perturbant
868 4156 1014 4222 ordinem
1030 4158 1191 4233 socialem,
1205 4159 1322 4225 iudicia

140 4288 276 4348 exercet
300 4288 337 4347 ut
358 4282 454 4348 iidem
478 4282 713 4366 delinquentes,
726 4282 796 4347 sire
819 4300 879 4365 per
895 4282 1148 4367 resipiscentiam
1173 4286 1241 4350 sive
1264 4306 1324 4371 per

140 4409 308 4474 tuitionem
316 4427 509 4492 poenarum,
525 4412 714 4473 restaurent
728 4406 876 4472 ordinem
891 4408 1012 4473 laesum
1030 4408 1063 4473 in
1079 4410 1234 4476 societate
1251 4411 1323 4475 reli-

214 4550 276 4601 Soc.
300 4546 384 4617 Lepa.
403 4547 463 4601 Lib.
482 4547 515 4614 11,
534 4548 588 4602 vol.
608 4547 654 4601 IV.
1222 4552 1252 4604 15
