3350 5100
535 280 578 325 ne
602 278 742 326 runicus
764 278 1007 325 cenomanicus
1298 257 1365 323 305

277 402 313 481 6)
336 406 389 467 An
412 410 444 468 et
474 402 602 487 quando
634 422 709 467 reus
740 403 834 468 citari
867 400 981 466 debeat
1007 399 1047 464 ad
1079 399 1232 467 videndos
1263 404 1362 465 testas

188 532 299 593 iurare
321 528 464 594 dicemus
487 528 584 593 inira.

277 654 310 737 7)
326 652 408 727 Quia
423 655 514 717 tastis
528 654 705 719 ultroneus
719 672 803 737 pene
827 651 948 716 nullam
971 656 1118 715 meretur
1141 648 1245 723 tidem,
1270 652 1362 717 initio

186 778 345 842 examinis
361 777 466 842 notari
489 776 585 842 debet
605 794 627 839 a
649 794 787 859 quonam
807 774 982 860 productus
1005 776 1046 839 sit
1067 777 1159 841 testis
1181 794 1222 839 an
1248 784 1363 858 nempe

187 923 232 969 ea
253 902 366 988 officio
389 924 445 967 seu
468 902 512 967 ab
534 910 732 969 accusatore
755 909 809 967 aut
832 901 873 967 ab
896 878 966 985 ipsd
988 920 1057 968 reo.

277 1024 313 1103 8)
336 1022 407 1096 Quo
430 1042 511 1087 vero
529 1022 671 1088 intimius
686 1021 884 1106 ponderetur
895 1021 988 1085 valor
1002 1022 1225 1091 attestationis,
1243 1040 1262 1084 a
1279 1026 1361 1087 teste

187 1146 387 1229 exquirenda
417 1152 466 1211 est
489 1164 594 1211 causo
621 1166 677 1209 seu
707 1143 786 1227 foras
812 1147 984 1220 scientiac;
1010 1143 1093 1227 uude
1124 1152 1231 1231 pateat
1254 1164 1296 1209 an
1320 1146 1362 1208 sit

187 1271 277 1335 testis
300 1270 515 1341 excelentia,
543 1287 585 1332 ex
611 1268 742 1339 auditu,
770 1288 813 1331 ex
840 1268 1047 1333 credulitate.
1075 1268 1114 1333 El
1146 1287 1209 1332 non
1232 1272 1356 1333 lantum

188 1397 225 1459 ia
246 1413 370 1481 perere
385 1394 570 1477 quaerenda
591 1400 639 1458 ast
656 1413 753 1459 causa
768 1396 923 1458 scientiae
946 1393 1001 1459 sed
1017 1395 1053 1458 ia
1068 1395 1195 1477 speria·
1211 1395 1309 1459 veluti
1333 1396 1361 1460 si

188 1521 258 1603 quis
279 1519 427 1589 dicatae
446 1537 527 1602 quae
544 1517 647 1583 refert
662 1518 821 1588 audiisse,
848 1516 1096 1603 interrogandus
1118 1525 1202 1607 esta
1218 1538 1356 1603 quonam

188 1642 335 1708 audierit.
360 1643 465 1708 Valor
488 1644 572 1707 anim
597 1645 824 1709 atttestationis
849 1644 987 1708 maxima
1005 1643 1183 1709 desumitur
1205 1664 1247 1708 ex
1271 1643 1362 1711 fonte

136 1846 141 1855 Ι
187 1769 383 1834 immediato
406 1769 570 1833 scientiae.
588 1768 649 1842 Qui
673 1769 774 1834 vellet
795 1768 985 1833 calumniari
1009 1767 1105 1833 facile
1128 1773 1305 1834 testaretur
1328 1789 1364 1835 se

187 1892 335 1959 occaso
348 1894 434 1957 facta
443 1911 525 1975 quae
537 1894 664 1957 asserit.
675 1928 693 1941 -
709 1892 788 1955 Inde
799 1912 896 1975 quom
909 1894 1000 1957 testis
1011 1892 1200 1957 satisfacere
1215 1892 1363 1958 iubeatur

187 2017 433 2100 interrogationi
447 2035 631 2101 acconam
643 2016 800 2089 audierit,
814 2026 848 2081 et
862 2016 1055 2101 respondeat
1067 2038 1101 2083 sc
1115 2018 1164 2083 vai
1178 2038 1243 2113 non
1256 2038 1364 2083 recor·

187 2142 259 2206 dari
274 2141 325 2206 vel
343 2141 430 2206 nolle
448 2141 557 2205 dicere
580 2147 636 2206 aut
659 2160 722 2206 non
747 2162 855 2226 passe;
879 2141 1032 2207 eiusmodi
1056 2146 1217 2209 attestatio
1240 2144 1362 2209 nullum

189 2266 310 2350 pondus
325 2265 423 2330 habet
449 2271 481 2330 et
503 2265 618 2331 falsum
635 2267 737 2351 magis
755 2266 880 2332 redolet
902 2272 934 2330 et
957 2267 1148 2332 calumniam
1166 2288 1259 2352 quam
1277 2271 1365 2333 veri-

188 2396 295 2454 tatem.
313 2388 362 2455 (if.
391 2388 581 2453 Mascardus
607 2388 654 2455 De
672 2388 772 2473 prob.
800 2390 952 2456 Coactus.
969 2389 1070 2469 1376,
1094 2412 1127 2457 a.
1144 2391 1212 2469 50,-
1236 2391 1365 2475 Fagna-

190 2536 248 2580 nus
271 2516 303 2580 in
327 2520 431 2598 caput
457 2550 475 2562 ·
494 2514 580 2580 Olim
598 2551 616 2564 ·
641 2514 691 2581 De
714 2516 770 2582 lite
792 2520 926 2582 contest.
951 2535 985 2580 η.
1012 2515 1071 2581 92.

277 2640 353 2705 235.
366 2641 478 2705 Testes
490 2641 543 2724 qui
556 2642 706 2705 citatione
718 2640 918 2705 convocandi
931 2649 1014 2712 sunl,
1028 2643 1055 2706 si
1068 2645 1181 2706 venire
1197 2647 1360 2713 recusent,

188 2768 260 2850 cogi
276 2772 417 2850 possunt.
435 2785 550 2850 nempe
573 2786 633 2850 per
656 2787 776 2850 poenas
799 2765 927 2846 eccles,
951 2767 1147 2851 praehabitis
1170 2767 1360 2833 monitioni·

189 2891 250 2956 lus
260 2893 299 2956 ad
313 2911 459 2956 normam
472 2894 517 2956 tit.
532 2892 570 2956 21
587 2892 638 2956 De
650 2891 784 2958 testibus
796 2892 1016 2978 topeodisoel
1027 2911 1098 2958 noa
1113 2891 1147 2956 X
1161 2890 1217 2976 (ΙΙ,
1235 2891 1290 2972 21)
1303 2891 1363 2976 (l).

189 3016 292 3089 Quum
319 3016 462 3102 legitimo
489 3016 674 3101 detinentur
701 3017 926 3100 impedimento
954 3037 1015 3101 quo
1043 3019 1148 3082 minus
1176 3019 1306 3082 veniant
1330 3021 1363 3083 at

189 3147 332 3206 ceterum
357 3160 412 3206 eos
434 3141 546 3206 audire
569 3161 649 3225 opus
679 3149 737 3207 est.
763 3144 1008 3226 interrogantur
1030 3141 1071 3206 ab
1095 3141 1270 3208 Ordinario
1296 3143 1358 3213 loci

189 3267 240 3332 ubi
265 3268 298 3332 hi
315 3271 565 3336 commorantur,
582 3268 681 3340 datis,
698 3287 813 3352 nempe
828 3287 849 3331 a
864 3267 977 3340 iudice,
994 3267 1034 3332 ad
1058 3268 1145 3332 hunc
1161 3287 1291 3351 scopum
1311 3269 1365 3335 lil-

188 3393 267 3476 teris
289 3392 494 3457 recalescatis
516 3412 571 3456 seu
590 3391 782 3478 rogatoriis,
799 3392 885 3457 unde
902 3393 1095 3458 Ordinarius
1117 3391 1153 3458 fit
1176 3399 1360 3478 competens

187 3515 228 3580 ad
251 3516 401 3583 facienda
424 3517 685 3601 interrogatoria.
711 3517 759 3582 Cf.
785 3517 860 3580 Vol.
887 3519 930 3592 ΙΙ,
956 3539 985 3582 n.
1012 3519 1088 3584 323.

279 3643 323 3704 m
337 3639 433 3705 hodie
448 3639 564 3703 nedum
580 3639 745 3704 observari
762 3638 857 3705 debet
873 3643 1028 3706 monitum
1045 3643 1078 3708 O.
1092 3642 1178 3707 Trid.
1197 3642 1282 3708 Sese.
1299 3643 1360 3714 25,

284 3868 322 3936 tl)
341 3867 479 3922 audiendi
498 3883 551 3920 uon
572 3873 637 3922 suat
651 3867 704 3919 Di).
718 3868 766 3937 qui
785 3867 859 3922 male
878 3869 1095 3937 interpretantes
1115 3869 1248 3923 nonnulla
1260 3869 1364 3936 capita,

188 3973 229 4026 ita
247 3991 306 4044 cap.
325 3975 376 4027 ait.
393 3975 436 4028 Da
454 3983 513 4026 test.
534 3984 561 4028 et
578 3984 664 4026 coest.
680 3973 718 4035 X;
732 3984 759 4028 et
777 3992 835 4043 cap.
852 3975 892 4027 De
905 3985 964 4027 test.
985 3991 1043 4044 cop.
1055 3975 1160 4042 opinati
1175 3979 1241 4028 sunt
1252 3973 1285 4029 de
1300 3977 1363 4029 iure

145 4097 151 4104 ·
187 4080 285 4133 eccles.
305 4085 391 4135 testes
409 4082 438 4134 in
457 4080 651 4135 criminalibus
670 4081 732 4149 cogi
752 4097 807 4134 non
827 4097 915 4150 possa.
934 4081 974 4132 Gi.
995 4080 1146 4149 Peiiegrini
1166 4099 1209 4151 op.
1231 4085 1275 4135 cit.
1292 4083 1362 4136 Sact.

195 4186 221 4236 V
234 4203 263 4238 n.
283 4188 312 4251 4,
330 4191 359 4241 et
378 4187 440 4241 vot.
460 4188 471 4240 i
488 4205 516 4241 n.
529 4187 594 4240 489
606 4203 644 4258 sq.
665 4188 711 4240 ubi
731 4187 860 4256 apposita
878 4185 1055 4254 explicantur
1073 4187 1217 4258 principia
1238 4219 1253 4229 -
1272 4189 1363 4243 Moni-

186 4292 275 4346 tiones
294 4295 513 4362 praemittuntur
529 4295 627 4364 poenis
646 4300 676 4348 at
693 4306 824 4349 monetur
836 4295 916 4350 testis
936 4297 966 4347 ut
985 4299 1116 4362 opponat,
1129 4296 1151 4348 si
1166 4295 1278 4362 habeat,
1293 4299 1365 4366 lepi-

186 4401 258 4454 tima
284 4399 490 4470 impedimenta.

263 4526 324 4579 Sco.
344 4525 422 4596 Lapa
440 4525 500 4580 Lib.
519 4525 551 4592 ii,
570 4525 627 4580 voi.
649 4525 695 4579 lv,
770 4583 775 4593 ‚
1225 4529 1260 4581 20
