3350 5100
830 322 913 368 PARS
937 322 986 367 111.

791 640 904 707 Carus
930 641 1025 707 VIII.

730 835 775 888 DE
797 836 1087 891 APPELLATlONE.

318 1049 536 1105 summarium.
554 1079 590 1091 -
607 1050 669 1103 348.
690 1052 741 1105 llic
759 1053 855 1119 agitur
879 1068 934 1106 non
953 1052 988 1105 de
1006 1054 1069 1106 iure
1094 1053 1141 1107 sed
1161 1054 1194 1107 de
1213 1070 1349 1123 processu
1374 1054 1498 1123 appella·

409 1159 502 1212 tionis.
515 1187 550 1199 -
562 1160 623 1211 349.
638 1160 828 1229 Interponitur
847 1161 918 1228 apud
938 1160 1065 1228 iudicem,
1085 1162 1193 1215 ratione
1204 1164 1313 1232 produc
1321 1163 1499 1227 hierarchici,

408 1272 623 1334 competentem.
640 1296 673 1306 -
687 1267 747 1320 350.
762 1266 850 1320 Hodie
864 1284 929 1321 vero
942 1267 1015 1322 solet
1027 1268 1164 1337 appellari
1179 1270 1206 1322 iu
1220 1272 1345 1324 secunda
1364 1270 1501 1323 instantia

408 1370 443 1422 ad
463 1370 489 1423 S.
504 1370 589 1440 cong.
609 1370 663 1423 ΕΕ.
683 1376 713 1426 et
731 1372 790 1425 RR.
810 1400 845 1411 -
863 1372 923 1425 351.
944 1372 982 1426 De
1002 1376 1087 1443 fatali
1105 1374 1138 1427 ad
1157 1375 1369 1444 appellandum
1389 1374 1499 1445 quando

408 1482 555 1537 decurrere
580 1483 705 1551 incipiat.
725 1512 758 1523 -
777 1483 839 1535 352.
863 1483 904 1535 nd
923 1502 1070 1553 qrammi-m
1096 1484 1213 1539 iudicem
1236 1485 1433 1554 appellandum
1452 1486 1498 1537 sit.

410 1618 445 1630 -
462 1590 523 1643 353.
545 1593 587 1642 An
606 1601 669 1643 actu
687 1590 839 1659 oripinalin
859 1596 888 1643 et
905 1607 1044 1661 quaenam
1062 1591 1119 1645 sint
1139 1592 1353 1645 transmittenda
1372 1610 1389 1645 a
1408 1592 1499 1645 indice

409 1715 498 1767 aquo.
513 1726 546 1739 -
558 1698 620 1751 354.
635 1698 675 1751 Da
686 1700 772 1769 fatali
783 1698 817 1749 ad
829 1700 1054 1767 prosequendam
1068 1698 1296 1767 appellationem.
1309 1726 1345 1740 —
1354 1699 1414 1752 355.
1429 1698 1498 1751 Con·

408 1784 556 1859 damnatus
574 1806 720 1875 appellans
738 1806 885 1860 constituit
903 1806 1085 1861 defensorem.
1097 1836 1133 1848 -
1150 1806 1210 1861 356.
1231 1808 1378 1861 Promotor
1396 1806 1500 1860 fiscalis

409 1913 535 1967 defendit
555 1914 725 1967 sententiam
749 1913 929 1982 appellatam.
949 1915 1032 1967 ludex
1051 1934 1069 1967 a
1087 1932 1141 1984 quo
1160 1931 1210 1984 per
1227 1915 1367 1985 apostolos
1386 1930 1434 1967 seu
1453 1914 1500 1967 lit·

411 2026 486 2076 teras
504 2023 677 2075 dimissorias
696 2022 820 2090 explicat
839 2040 917 2075 suam
936 2023 1037 2091 agendi
1057 2024 1202 2077 rationem.
1217 2054 1250 2064 -
1263 2024 1325 2077 357.
1345 2022 1384 2077 De
1406 2024 1499 2091 appel-

411 2128 517 2183 latione
538 2130 680 2205 incidenti.
698 2159 735 2171 —
753 2130 813 2183 358.
834 2130 873 2183 De
890 2134 1084 2201 peremptione
1109 2132 1314 2201 appellationis.
1334 2159 1369 2171 -
1387 2130 1448 2184 359.
1469 2132 1498 2183 ln

411 2254 495 2289 causa
515 2236 714 2305 appellationis
731 2238 897 2293 observatur
919 2254 1062 2307 processus
1083 2240 1287 2293 oeconomicus.
1308 2269 1344 2280 -
1362 2238 1426 2291 360.
1446 2238 1499 2292 Sed

411 2343 482 2413 apud
495 2342 614 2397 iudicem
628 2342 757 2413 adquam
777 2342 913 2397 nonnulla
928 2348 1037 2397 tantum
1056 2350 1120 2397 acta
1139 2344 1244 2415 expleri
1265 2349 1384 2413 oportet,
1404 2344 1500 2398 habita

412 2452 521 2505 ratione
541 2452 643 2507 obiecti
668 2452 874 2521 appellationis.
895 2452 1031 2512 Quidnam
1058 2452 1167 2507 edicere
1188 2454 1315 2507 intendat
1339 2454 1391 2507 ista
1416 2453 1499 2507 index

410 2561 439 2612 iu
459 2565 628 2616 seutentiam
647 2559 826 2630 appellatam.
839 2589 875 2602 -
890 2559 951 2614 361.
972 2563 1014 2614 An
1034 2562 1162 2615 iacienda
1180 2563 1218 2615 sit
1236 2566 1397 2617 contestatio
1416 2566 1445 2616 et
1464 2578 1499 2616 an

411 2681 500 2721 norae
519 2667 697 2735 probationes
716 2666 909 2720 admittantur.
923 2697 958 2710 -
971 2666 1032 2721 362.
1050 2667 1199 2722 Processus
1211 2668 1409 2738 appellationis
1427 2669 1499 2736 apud

412 2759 438 2827 S.
458 2775 487 2827 C.
507 2775 561 2828 ΒΕ.
582 2778 611 2828 et
631 2775 690 2828 RR.
712 2775 820 2842 regitur
845 2792 862 2828 a
885 2775 1002 2829 Decreta
1025 2777 1062 2828 18
1085 2777 1212 2830 Decemb.
1232 2776 1318 2840 1851,
1337 2776 1500 2846 aliqualiter

412 2886 522 2936 mutato
535 2899 584 2951 per
598 2883 745 2936 Decretum
758 2901 783 2936 a.
794 2883 885 2937 1885.
895 2882 1001 2937 -363.
1014 2883 1053 2936 De
1066 2884 1196 2938 remediis
1208 2886 1452 2938 extraordinariis.
1465 2912 1499 2924 -

411 2987 472 3040 364.
493 2988 531 3041 [le
550 2988 698 3042 sententiis
716 2989 875 3043 executioni
894 2988 1099 3042 demandandis.

412 3207 488 3272 348.
512 3209 551 3272 ln
575 3208 814 3291 prolegomenis
837 3226 936 3291 supra
958 3207 1082 3290 egimus
1097 3207 1140 3272 ale
1154 3207 1383 3291 appellatione
1405 3225 1500 3292 quam

324 3334 533 3418 interponere
556 3352 667 3397 omnes
691 3337 823 3416 possunt
846 3332 899 3414 qui
924 3352 942 3396 e
964 3333 1124 3397 sententia
1146 3331 1288 3397 iudiciali
1310 3351 1501 3418 pravamen

228 3482 231 3486 ·
324 3459 536 3544 persentiunt.
562 3494 579 3507 ·
605 3461 649 3524 At
678 3460 728 3523 ius
758 3459 929 3544 positivam
956 3457 1074 3522 limites
1105 3459 1208 3543 posuit
1231 3458 1308 3524 huic
1338 3461 1409 3532 iuri,
1428 3465 1500 3524 tum

324 3582 501 3671 prohibens
525 3584 688 3648 nonnullis
710 3584 743 3646 iu
767 3584 873 3648 causis
889 3582 1148 3667 appellationem,
1165 3589 1232 3648 tum
1250 3584 1432 3649 concedens
1446 3584 1501 3648 ali·

325 3708 453 3792 quando
477 3705 624 3773 ellectum
645 3712 768 3772 tantam
793 3707 1031 3774 devolutioum.
1051 3743 1068 3756 -
1086 3706 1149 3773 Sed
1166 3707 1259 3774 modo
1275 3711 1401 3794 agimus
1416 3708 1501 3773 dum-

324 3838 418 3898 taxat
439 3832 480 3898 de
498 3851 663 3916 processu
685 3831 846 3897 servando
870 3834 903 3896 in
924 3851 1023 3897 cansa
1045 3833 1277 3917 appellationis.

413 3959 489 4024 349.
516 3958 627 4023 Prima
650 3924 764 4044 regula
786 3961 845 4031 est,
869 3958 1054 4024 instantiam
1081 3959 1305 4044 appellationis
1327 3959 1501 4024 instaurari

325 4083 409 4168 apud
425 4083 563 4149 iudicem
586 4089 820 4169 competentem
837 4084 962 4148 ratione
978 4083 1109 4168 prades
1126 4083 1337 4150 hierarchici.
1364 4085 1401 4147 ln
1418 4083 1501 4168 quod

325 4209 524 4292 propositum
536 4210 585 4274 ius
597 4227 775 4275 commune
791 4215 823 4273 et
839 4209 984 4290 speciale
996 4208 1228 4292 explicavimus
1241 4209 1314 4273 Vol.
1333 4211 1358 4280 l.
1376 4228 1406 4272 n.
1424 4209 1500 4282 621.

415 4333 491 4400 350.
516 4337 571 4400 lus
593 4356 673 4401 vero
704 4333 1053 4407 consuetudinarium,
1086 4335 1227 4398 maxime
1250 4335 1283 4397 in
1307 4333 1411 4414 ltalia,
1435 4333 1502 4398 lert

325 4462 362 4520 ut
391 4457 481 4524 duae
509 4463 634 4523 tantum
661 4459 843 4522 habeantur
871 4458 1045 4524 instantiae
1075 4457 1307 4544 appellationis,
1340 4458 1455 4542 quippe
1483 4475 1503 4519 a
