3350 5100
312 295 354 362 18
829 312 914 360 rans
938 312 960 356 1.

445 436 478 518 4)
501 437 646 520 Denique
669 455 751 519 quae
774 435 882 528 fertur
907 436 942 498 in
969 434 1053 498 male
1079 433 1284 500 ordinantem
1309 434 1486 516 suspensio

312 579 336 625 a
350 559 528 626 collatione
543 559 715 632 ordinum,
729 558 880 644 prohibet
893 558 934 623 ab
950 559 1103 625 omnium
1120 558 1284 624 ordinum
1299 557 1487 633 collatione;

312 685 386 750 dum
409 686 442 751 in
466 685 550 750 male
577 684 758 750 ordinatum
785 684 853 748 lata
879 684 1045 767 suspensio
1071 682 1115 748 ab
1140 682 1302 748 eumatio
1326 681 1486 763 ordinum,

313 811 465 897 prohibet
487 788 610 876 tantum
626 832 646 875 a
660 813 751 876 male
769 816 923 893 suscepto
938 809 1052 874 ordine
1073 809 1266 900 euercendo.
1285 807 1334 874 Cf.
1352 806 1488 873 D'Anni·

308 935 390 1008 bale,
415 939 436 1001 t.
461 937 514 1002 cit.
557 987 564 1000 .
1156 935 1161 947 ‘

402 1061 451 1126 12.
477 1059 513 1125 ln
537 1081 607 1144 cap.
633 1060 677 1126 45
698 1060 748 1125 De
771 1059 846 1124 sim.
863 1059 905 1139 X,
927 1059 982 1141 (V,
999 1059 1033 1142 3)
1057 1058 1155 1142 Greg.
1173 1057 1224 1122 IX
1246 1057 1488 1142 suspensionem

310 1184 477 1252 inflixerat
499 1188 594 1251 etiam
617 1187 651 1249 in
673 1183 857 1249 ordinatmn
888 1183 1010 1267 absque
1032 1183 1136 1263 titulo,
1160 1184 1215 1266 qui
1236 1185 1431 1267 promiserat
1453 1202 1489 1247 se

312 1331 379 1375 non
395 1308 673 1395 expostulaturum
689 1277 864 1383 alimentaJ
878 1313 912 1372 at
927 1307 1010 1372 haec
1025 1308 1201 1391 suspensio,
1215 1309 1290 1390 quia
1300 1306 1408 1374 Const.
1422 1307 1487 1389 Ap.

312 1434 389 1499 Sed.
417 1452 489 1497 eam
520 1433 694 1516 praeterit,
725 1433 873 1496 cessavit.
909 1432 1037 1495 Verum
1069 1431 1264 1514 Episcopus,
1296 1435 1390 1516 pacto
1423 1447 1490 1492 non

311 1557 474 1630 obstante,
505 1577 575 1641 arg.
606 1575 633 1622 c.
658 1576 686 1622 c.
711 1556 734 1619 4
757 1561 788 1621 et
819 1555 862 1620 16
885 1555 937 1620 De
963 1553 1083 1637 praed.
1111 1555 1153 1627 X,
1182 1552 1263 1638 (lll,
1295 1553 1329 1639 6)
1359 1557 1490 1618 tenetur

311 1685 433 1750 clerico
472 1683 719 1750 subministrare
753 1700 932 1766 congruam
964 1681 1250 1754 sustentationem,
1284 1678 1490 1763 quoadusque

311 1807 453 1870 hicnon
485 1809 700 1888 consequatur
732 1799 924 1867 beneficium
955 1799 1131 1873 sufficiens,
1157 1801 1209 1866 vel
1240 1799 1377 1868 officium
1409 1801 1490 1866 obti-

311 1935 388 1996 neat
417 1928 457 1993 ab
482 1928 646 2000 Ecclesia,
678 1927 731 1992 vel
763 1925 848 1990 bona
878 1927 948 2010 ipse
980 1925 1099 1990 haheat
1131 1945 1174 1991 ex
1209 1945 1266 1992 suo
1297 1928 1490 2012 patrimonio
1527 1967 1532 1979 ·

311 2054 482 2126 familiari,
507 2052 592 2119 unde
614 2053 728 2117 vivere
749 2053 851 2136 possit
872 2051 1019 2132 honeste,
1043 2071 1113 2137 arg.
1138 2071 1211 2135 cop.
1236 2051 1276 2133 4,
1301 2052 1351 2116 De
1368 2052 1488 2135 praet.

314 2178 406 2244 Haeo
430 2178 582 2264 obligatio
606 2167 765 2262 Episcopo
788 2178 937 2260 imposita
961 2177 994 2240 in
1020 2176 1139 2240 bonum
1162 2175 1284 2240 ordinis
1311 2177 1489 2252 clericalis,

312 2321 354 2368 ne
371 2302 497 2368 scilicet
519 2300 629 2367 clerici
653 2305 812 2386 cogantur
835 2300 1031 2373 mendicare,
1048 2304 1097 2365 est
1112 2299 1264 2385 obligatio
1287 2319 1370 2384 quae
1391 2299 1492 2365 afficit

314 2447 459 2495 mensam
477 2446 602 2512 quoque
618 2425 841 2510 episcopalem,
855 2425 912 2496 sed
925 2424 1129 2491 subsidiaria
1145 2424 1248 2508 quoad
1264 2424 1491 2510 obligationem
1607 2404 1611 2412 ’

316 2552 506 2620 Ordinantis
528 2551 756 2637 principalem;
773 2557 805 2614 et
821 2550 904 2614 haec
926 2569 1005 2614 sane
1024 2548 1181 2635 perdurat
1202 2552 1299 2614 etiam
1322 2547 1491 2615 demortuo

314 2679 474 2763 Episcopo
505 2679 590 2743 male
619 2676 798 2742 ordinante.
835 2675 945 2749 Quare
968 2676 995 2740 si
1026 2676 1203 2760 Episcopus
1226 2674 1310 2739 male
1337 2674 1493 2739 ordinans

313 2800 488 2864 renunciet
511 2798 727 2883 Episcopatui,
744 2799 841 2861 etiam
857 2803 928 2881 post
949 2794 1113 2861 dimissam
1136 2795 1254 2868 sedem,
1272 2796 1340 2880 ipse
1363 2800 1493 2860 tenetur

310 2924 400 2988 alere
432 2924 588 2988 clericum
615 2923 698 2988 male
725 2921 931 2994 ordinatum,
962 2922 1069 3003 prouti
1101 2920 1276 3005 Fagnanus
1309 2920 1426 3006 prohat
1459 2922 1492 2985 in

314 3067 389 3130 cap.
405 3047 456 3129 16,
475 3048 526 3112 De
537 3046 656 3129 praeb.
664 3066 678 3130 ,·
694 3046 746 3111 vel
762 3048 789 3110 si
802 3044 995 3126 demoriens,
1011 3043 1205 3110 haeredibus
1220 3044 1305 3110 bona
1320 3045 1492 3129 relinquat,

314 3174 360 3235 uti
383 3169 498 3256 prohat
522 3171 704 3255 Fagnanus,
722 3172 743 3234 l.
760 3190 786 3235 c.
802 3190 836 3234 u.
857 3170 915 3251 40,
932 3172 1030 3234 estin
1053 3171 1182 3254 optione
1206 3170 1316 3240 clerici
1341 3170 1494 3235 alimenta

315 3303 471 3381 expetere
505 3296 557 3359 vel
589 3294 629 3359 ab
664 3294 874 3373 haeredibus,
905 3294 958 3358 vel
992 3316 1012 3359 a
1046 3314 1158 3359 mensa
1186 3296 1383 3380 Episcopali;
1412 3311 1493 3378 quae

315 3418 451 3505 proinde
471 3419 633 3502 suppetias
664 3392 755 3482 ferre
784 3416 881 3482 debet
902 3416 980 3482 huic
1002 3417 1133 3490 clerico,
1159 3417 1231 3481 aliis
1254 3415 1492 3489 deficientibus3

316 3541 474 3625 siquidem
488 3542 540 3625 qui
554 3540 720 3605 Ecclesiae
730 3558 791 3605 seu
802 3541 908 3604 altari
920 3540 1070 3617 inseruit,
1084 3558 1129 3605 ecc
1140 3539 1245 3604 ulturi
1259 3539 1372 3603 vicere
1387 3537 1491 3603 dehet.

315 3668 355 3732 In
375 3665 548 3753 hypothesi
570 3685 651 3730 vero
674 3684 737 3748 qna
760 3664 885 3728 nullum
910 3665 1131 3729 intercesserit
1152 3668 1292 3748 pactum,
1317 3664 1494 3747 Episcopus

316 3789 471 3854 ordinans
501 3789 621 3873 absque
649 3788 741 3854 titulo
771 3785 921 3852 beneficii
951 3794 1006 3853 aut
1028 3788 1223 3872 patrimonii,
1249 3788 1492 3870 suspensionem

316 3934 381 3978 non
404 3915 554 3994 incurrit,
577 3918 610 3977 at
633 3912 862 3997 obligationem
886 3911 1049 3977 contrahit
1072 3911 1177 3976 alendi
1201 3912 1366 3978 clericum.

404 4039 617 4104 Nihilominus
633 4039 814 4104 siclericus
830 4038 958 4102 titulum
973 4034 1122 4101 beneficii
1137 4042 1193 4101 aut
1209 4038 1394 4123 patrimonii
1410 4036 1494 4102 falso

318 4162 498 4237 confixerit,
524 4164 603 4229 adeo
626 4168 662 4229 ut
684 4166 877 4251 Episcopum
902 4164 1104 4229 ordinantem
1127 4164 1292 4241 fefellerit,
1316 4163 1380 4245 hic,
1397 4184 1493 4248 quum

319 4296 415 4355 vacet
438 4292 546 4377 culpa,
571 4312 635 4357 non
657 4295 787 4357 tenetur
810 4311 872 4355 nec
894 4291 1112 4374 suspensione,
1130 4310 1191 4355 nec
1206 4291 1327 4357 clerico
1342 4289 1495 4355 alimenta

318 4414 496 4500 praebere:
520 4418 594 4499 quia
613 4437 630 4478 ι
650 4436 725 4481 rem
748 4435 837 4500 quae
861 4416 962 4498 eulpa
988 4420 1097 4488 ouem,
1119 4414 1160 4481 iu
1189 4416 1357 4481 domuum
1378 4413 1496 4481 vocari

1664 346 1668 477 l
