3350 5100
309 270 377 339 560
824 295 907 343 raas
931 296 982 341 111.

310 416 540 502 Episcoporum
564 420 695 504 proprio
722 420 903 485 tractandis
924 422 1079 485 maiorem
1106 422 1139 484 in
1166 420 1294 485 modum
1323 424 1431 485 curari
1454 429 1488 488 et

309 539 476 605 observari
509 538 603 605 debet
634 540 711 606 illud
735 549 793 607 est.
818 549 853 607 ut
875 543 1007 607 eaedem
1034 563 1152 608 causae
1179 548 1294 627 utpote
1316 544 1363 609 ad
1384 543 1488 627 fidem

309 667 485 731 attinentes
507 669 722 732 secretissime
745 676 946 753 peragantur
964 675 997 733 et
1011 676 1180 753 postquam
1195 668 1318 733 fuerint
1336 665 1487 733 definitae

309 798 341 853 et
364 792 546 856 executioni
578 792 641 855 iam
663 792 806 857 traditae
836 800 993 877 perpetuo
1023 794 1151 857 silentio
1180 794 1312 857 omnino
1341 812 1489 877 preman-

307 921 371 982 tur.
398 916 520 981 Omnes
543 918 654 982 curiae
679 918 794 983 eccles.
818 917 997 982 administri
1022 926 1055 982 et
1078 920 1270 1002 quicumque
1284 916 1340 983 alii
1364 916 1404 980 ad
1428 916 1488 981 has

307 1041 553 1125 pertractandas
564 1043 617 1108 vel
630 1045 758 1129 patroni
770 1044 810 1107 ad
821 1042 1041 1109 defendendas
1053 1064 1167 1109 causas
1177 1046 1489 1109 assumanturiusiu·

311 1166 445 1231 randum
458 1166 497 1231 de
507 1174 635 1232 secreto
647 1167 807 1233 servando
819 1168 938 1233 debent
947 1146 1099 1235 emittere
1111 1176 1143 1233 et
1155 1171 1215 1255 ipsi
1230 1171 1411 1256 Episcopi...
1425 1168 1487 1243 Qui

309 1307 387 1356 vero
404 1292 659 1359 denunciationis
675 1297 767 1358 oneri
783 1295 986 1360 satisfaciunt
1000 1298 1118 1378 quique
1132 1297 1166 1358 in
1181 1295 1273 1359 hisce
1289 1297 1396 1361 causis
1408 1314 1489 1361 exa·

309 1417 394 1481 mim
412 1417 640 1483 subiiciamtm·
656 1418 888 1483 iuramentum
903 1418 946 1484 ab
961 1419 1057 1485 initio
1073 1419 1115 1483 de
1130 1418 1271 1485 acritate
1286 1420 1431 1484 dicenda
1446 1426 1488 1499 et,

309 1546 386 1607 actu
409 1544 553 1625 eapteto,
578 1542 621 1607 de
643 1550 770 1610 semele
800 1544 970 1609 amando
994 1544 1090 1609 tactis
1114 1541 1173 1608 SS.
1198 1543 1261 1608 Dei
1286 1543 1488 1629 mappalici,

309 1665 441 1730 etiamsi
463 1666 530 1731 siat
552 1666 753 1737 sacedotes,
775 1672 957 1749 praestare
981 1672 1137 1731 teneatur
1151 1688 1182 1730 ›.

400 1788 524 1855 Verum
548 1789 720 1873 aliquando
743 1810 914 1876 processus
929 1790 1101 1854 instruitur
1115 1789 1200 1875 apud
1215 1789 1247 1856 S.
1265 1788 1414 1855 Officium
1431 1786 1489 1853 sed

309 1933 374 1979 non
398 1915 496 1979 semel
520 1916 690 1981 instructio
714 1935 757 1979 ex
779 1916 1004 1979 commissione
1027 1915 1058 1979 S.
1076 1911 1184 1979 Officii
1207 1912 1243 1979 flt
1258 1914 1299 1978 ab
1315 1913 1490 1981 Ordinatio

310 2038 381 2109 loci,
399 2044 449 2103 ast
468 2042 628 2105 sententia
649 2039 790 2104 editura
810 2040 841 2105 S.
859 2037 984 2105 Officio.
1009 2039 1176 2104 Sententia
1198 2038 1281 2103 solet
1303 2039 1347 2104 ita
1368 2037 1491 2101 denun-

310 2164 390 2227 ciari
407 2162 581 2228 Ordiuario
597 2163 659 2229 loci
676 2166 730 2248 qui
745 2184 817 2229 earn
832 2170 1022 2247 exequatur.
1048 2165 1203 2229 Nimirum
1222 2162 1363 2247 exempli
1378 2181 1488 2235 causa.

310 2289 344 2352 iu
367 2288 483 2353 litteris
499 2288 539 2353 ad
557 2288 766 2355 Ordiuarium
790 2289 873 2353 datis
897 2290 1050 2369 refertur,
1068 2290 1165 2354 Euros
1181 2288 1395 2371 Inquisitores
1413 2305 1488 2351 sen·

310 2414 442 2478 tentiam
466 2413 592 2479 dedisse
615 2413 892 2479 condemnationis
916 2416 961 2478 ita
984 2420 1172 2498 conceptam
1192 2412 1376 2478 «Praevia
1391 2411 1489 2477 abiu·

309 2538 442 2606 ratione
457 2559 501 2604 nn
519 2559 730 2612 veusuuurr,
754 2539 922 2622 impositis
943 2539 1158 2622 poeailmctiic
1173 2536 1384 2604 salutaribus
1399 2537 1490 2602 inter

310 2681 397 2746 qaas
405 2670 552 2750 perapat
563 2664 727 2730 caercitia
739 2665 945 2746 spirimalia,
958 2683 1025 2748 pao
1038 2670 1189 2748 tempore
1200 2668 1340 2728 maneat
1351 2679 1490 2744 suspen-

309 2809 368 2856 sas
385 2808 407 2854 a
422 2787 645 2854 celebratione
660 2787 784 2852 missae
800 2791 831 2852 et
844 2787 989 2868 praeuia
1010 2786 1232 2868 mspmmioae
1246 2784 1290 2850 ab
1305 2784 1490 2850 aadimidis

310 2910 614 2980 commercialibus
629 2910 896 2990 confessionibus
909 2911 1103 2976 inconsulta
1117 2907 1151 2972 S.
1171 2911 1308 2994 conpr„
1326 2909 1424 2974 Sac...
1440 2908 1489 2973 di·

311 3040 465 3102 rciltalar
479 3042 511 3100 et
521 3037 551 3100 si
563 3036 761 3118 complicem
776 3035 966 3114 obsoluerit,
982 3040 1143 3101 recurrat
1157 3033 1204 3098 ad
1216 3034 1250 3099 S.
1263 3033 1488 3098 Paenitentia·

311 3163 401 3226 marn
413 3182 444 3222 a.
459 3161 529 3245 Age
542 3159 644 3229 modo.
659 3179 718 3243 pro
731 3158 921 3243 exequenda
933 3159 1092 3223 sententia
1102 3158 1254 3244 quiaque
1265 3158 1488 3240 requiruntur;

314 3287 345 3366 l)
363 3284 551 3352 constitutio
573 3282 754 3363 tribunalis,
770 3283 855 3367 quod
879 3279 1052 3347 efformant
1073 3283 1182 3351 iudex.
1203 3283 1349 3346 notarius
1372 3287 1405 3345 et
1419 3281 1488 3347 dae

311 3417 420 3484 testes,
433 3407 466 3492 2)
478 3409 661 3494 notificatio
676 3410 865 3474 sententiae.
883 3407 995 3480 Iudex,
1010 3410 1145 3493 praevio
1158 3409 1340 3473 iuramento
1355 3406 1396 3470 de
1406 3408 1489 3470 veri·

311 3537 377 3598 tate
393 3551 412 3595 a
427 3551 483 3595 reo
506 3531 671 3615 praestito.
690 3532 720 3593 ei
735 3530 909 3594 denunciat
930 3531 1123 3594 sententiam
1140 3534 1174 3594 et
1188 3529 1339 3612 explicat.
1356 3528 1489 3611 3),Poe-

312 3659 468 3724 nitentiae
483 3655 662 3739 impositio.
682 3693 693 3702 -
712 3657 777 3720 Nisi
794 3657 880 3720 enim
903 3675 978 3720 reus
1002 3653 1057 3720 flat
1079 3660 1255 3722 contumax
1277 3653 1488 3720 detrectando

312 3783 534 3856 obedientiam,
548 3799 668 3866 poenas
681 3785 713 3845 et
724 3781 938 3864 poenitentias
950 3781 1114 3865 impositas
1126 3780 1217 3845 ferre
1229 3779 1333 3844 debet.
1347 3779 1380 3863 4)
1393 3777 1488 3844 Abiu-

313 3909 394 3973 ratio
411 3914 459 3971 est
482 3906 521 3971 de
545 3906 609 3972 leui
636 3905 675 3971 de
698 3906 816 3991 praui,
841 3905 880 3969 de
904 3905 1108 3988 vehementi,
1131 3907 1238 3991 prouti
1268 3905 1489 3993 praesumptio

311 4032 456 4097 haeresis
480 4037 528 4097 est
552 4032 641 4104 leuis,
666 4030 799 4118 proca,
826 4031 1010 4097 aelterneas.
1035 4032 1069 4098 Si
1084 4033 1170 4096 euim
1193 4037 1348 4116 ageretur
1363 4030 1403 4094 de
1418 4030 1488 4116 ipso

313 4157 449 4223 crimine
472 4156 618 4222 haeresis
639 4155 800 4222 abiuratio
823 4161 874 4221 est
895 4156 936 4222 de
958 4156 1110 4239 formali.
1137 4193 1155 4204 ·
1179 4157 1212 4240 5)
1235 4155 1409 4221 Absolalio
1432 4154 1488 4216 im-

313 4281 452 4363 pertitur
482 4280 514 4342 in
544 4277 650 4342 forma
682 4279 847 4345 Ecclesiae
871 4277 1107 4344 consuetaOf.
1133 4278 1207 4343 Vol.
1234 4279 1282 4342 lll
1308 4297 1339 4340 n.
1369 4275 1441 4341 129.
1467 4309 1485 4322 -

314 4405 364 4467 Eu
386 4403 557 4484 formulas
579 4403 693 4466 horum
718 4409 874 4468 actorum.
