3350 5100
335 265 381 332 oo
611 223 614 232 ’
731 317 734 324 ,
860 291 990 340 aaut

334 415 415 479 tutio
436 411 491 478 diu
514 412 599 500 apud
621 414 776 480 Tribunal
799 416 832 482 S.
850 417 888 482 U.
912 419 937 483 l.
961 417 1077 503 regula
1097 418 1159 484 fuit
1173 419 1207 484 in
1223 417 1412 484 coercendis
1434 417 1515 484 blas·

333 537 473 623 phemis;
486 540 658 612 etsensim,
672 559 826 625 processu
838 543 964 616 aetatis,
976 541 1017 606 ab
1030 543 1091 607 ista
1103 543 1241 610 recessit
1250 542 1335 610 idem
1347 541 1514 624 Tribunal,

333 665 489 731 adhibens
512 685 633 750 poenas
653 665 855 732 arbitrariae.

422 789 474 854 48.
499 790 539 855 In
567 789 725 874 religione
756 790 917 856 catholica
943 790 1042 856 homo
1073 789 1176 857 tidelis
1206 795 1329 878 potitur
1356 793 1512 860 thesauro

332 914 496 991 veritatis;
521 914 607 981 unde
625 933 685 1000 per
700 914 899 980 intellectum
916 915 948 979 in
965 916 1067 980 Deum
1083 935 1198 982 secure
1214 917 1376 1003 dirigitur,
1393 917 1510 983 eidem·

330 1059 402 1123 que.
428 1058 486 1104 sua
501 1040 677 1120 voluntate,
697 1038 880 1104 adhaerere
902 1041 1008 1125 gestit.
1033 1041 1136 1105 Tanto
1151 1041 1235 1106 bono
1249 1041 1384 1107 tutando
1401 1043 1512 1108 Eccle

331 1166 378 1228 sia
401 1165 613 1233 vehomenter
641 1166 796 1252 invigilat,
820 1167 928 1251 prouti
951 1164 1046 1231 docet
1069 1166 1139 1230 eius
1159 1166 1341 1234 sollicitudo
1364 1169 1396 1232 in
1420 1168 1509 1248 illud,

331 1311 403 1356 cum
427 1292 540 1376 primis
563 1290 722 1372 ordinata,
746 1295 781 1356 ut
803 1310 824 1354 a
847 1289 1005 1356 librorum
1029 1311 1129 1376 prave
1152 1294 1347 1378 scriptorum
1368 1292 1509 1358 lectione

329 1415 440 1482 sedulo
464 1422 640 1483 arceantur
663 1416 828 1492 catholici;
845 1416 930 1502 quod
945 1416 1034 1482 iubet
1049 1417 1240 1484 Constitutio
1266 1417 1462 1502 officioram
1478 1425 1509 1484 et

329 1561 512 1608 muneram
537 1562 556 1606 a
580 1542 671 1608 nobis
686 1544 834 1628 superius
850 1543 1006 1629 exposita.
1032 1577 1052 1590 -
1075 1541 1149 1615 Sed,
1168 1549 1302 1628 praeter
1323 1541 1505 1608 lectionem.

328 1669 392 1733 alia
419 1670 471 1732 via
501 1669 650 1752 irrepunt
681 1686 829 1740 errores,
855 1669 1007 1733 nimirum
1038 1687 1099 1753 per
1130 1687 1186 1733 eos
1215 1669 1269 1751 qui
1292 1669 1387 1733 vivae
1417 1669 1507 1733 vocis

327 1793 506 1859 ministerio
541 1811 673 1858 errores
700 1793 819 1858 docent
850 1796 883 1857 et
913 1791 1110 1875 defendunt.
1130 1792 1197 1860 ,Ad
1228 1812 1324 1876 quam
1353 1813 1504 1858 errorum

327 1918 412 1981 luem
429 1916 679 2003 propulsandam
697 1917 804 1982 Const.
822 1917 939 2000 Aport.
957 1915 1054 1982 Sedis
1070 1953 1084 1964 -
1101 1917 1190 1982 inter
1209 1936 1376 1984 excomm.
1396 1917 1505 2002 Papae

325 2041 524 2125 simpliciter
540 2045 724 2106 reservatas
737 2077 749 2086 -
762 2039 916 2106 eiusmodi
933 2059 1103 2105 censuram
1120 2041 1286 2104 minitatur
1297 2041 1331 2103 in
1348 2063 1366 2100 ‹
1378 2039 1502 2106 Decea·

326 2172 371 2250 tes
394 2168 446 2232 oet
470 2165 687 2247 defendentes
714 2166 782 2231 siue
807 2165 1037 2247 publicanae
1054 2165 1221 2247 priuatim
1246 2163 1501 2247 propositiones

324 2292 367 2358 ab
391 2291 588 2375 Apostoiiea
604 2290 691 2358 Sede
714 2289 897 2354 damnatus
918 2288 981 2354 aab
1004 2286 1367 2354 excommunicationis
1387 2305 1501 2370 poena

322 2419 412 2484 tatae
434 2415 664 2483 sententiae».

412 2539 520 2615 Quare
543 2539 598 2605 hic
621 2558 686 2603 non
709 2537 817 2623 agitur
840 2537 881 2601 de
904 2535 990 2602 libro
1014 2535 1176 2601 damnato
1201 2533 1258 2599 sed
1280 2533 1320 2598 de
1340 2533 1499 2617 proposi·

322 2666 467 2735 tionibns
482 2665 528 2752 (l)
553 2684 612 2750 per
635 2684 670 2729 se
693 2662 861 2728 damnatis.
879 2661 1037 2726 Dicuntur
1059 2679 1139 2724 vero
1163 2659 1332 2725 damnatae
1355 2658 1395 2722 ab
1410 2659 1500 2740 Apo-

320 2790 438 2857 stolica
462 2790 549 2857 Sede
572 2806 654 2873 quae
677 2786 717 2851 ab
742 2788 809 2872 ipso
827 2786 920 2849 Rom.
938 2770 1095 2849 Pontifice
1119 2782 1311 2870 reprobatae
1327 2788 1411 2872 suut,
1426 2782 1498 2847 ouis

320 2934 435 3000 nempe
452 2914 569 2979 litteris
577 2933 590 2995 ;
614 2914 730 2998 quippe
753 2910 817 2975 huc
841 2928 905 2973 non
928 2910 1092 2994 pertinent
1108 2910 1268 2993 rescripta
1283 2907 1498 2973 damnationis

320 3065 338 3106 a
363 3044 524 3121 conciliis,
549 3042 608 3105 etsi
632 3039 857 3107 oecumenicis.
874 3038 927 3103 vel
950 3057 970 3100 a
993 3036 1047 3103 SS.
1066 3035 1163 3102 Urbis
1186 3034 1496 3120 congregationibus

318 3168 413 3233 edita.
438 3166 563 3233 Verum
595 3184 658 3229 non
687 3164 786 3228 semel
812 3159 997 3234 Pontifices,
1022 3162 1155 3246 praevio
1183 3160 1329 3224 consulto
1358 3160 1495 3225 alicuius

318 3294 349 3359 S.
370 3290 481 3376 cong„
499 3292 531 3353 in
552 3289 662 3375 primis
686 3288 717 3353 S.
736 3289 772 3353 U.
792 3288 1017 3370 Inquisitionis‚
1034 3286 1187 3349 damnant
1204 3305 1346 3359 errores,
1362 3293 1395 3351 et
1416 3292 1494 3350 tunc

315 3419 399 3482 haec
429 3416 589 3481 damnatio
623 3412 769 3499 procedit
798 3412 841 3477 ab
872 3412 1068 3494 Apostolica
1099 3410 1186 3476 Sede
1215 3414 1289 3494 quia
1320 3410 1492 3484 Pontifex,

316 3544 445 3608 nomine
460 3561 527 3612 suo,
541 3542 609 3625 ipse
625 3539 754 3605 damnat
770 3558 814 3604 eoo
831 3536 999 3604 Gatbedre
1012 3556 1153 3600 errores.
1167 3537 1288 3601 Tamen
1305 3536 1337 3600 in
1354 3534 1492 3601 elencho

313 3686 409 3751 quem
426 3666 570 3731 dabimus
586 3665 624 3730 in
638 3669 719 3731 nota
735 3660 890 3735 eiusmodi
907 3662 1158 3746 propositionum
1171 3660 1395 3725 damnatarum
1409 3659 1491 3724 refe

403 3896 443 3969 (l)
463 3896 503 3951 ot
523 3895 606 3949 liber:
628 3894 806 3963 Explication
825 3892 876 3945 des
894 3894 1032 3945 matrimes
1043 3891 1093 3945 des
1115 3891 1223 3944 Saintes
1240 3906 1293 3943 sar
1311 3891 1341 3942 tc
1358 3866 1403 3943 uie
1422 3888 1489 3944 inte'·

312 4008 409 4060 ricton
419 4024 476 4075 por
488 4004 604 4059 niessire
614 4002 750 4065 Frcnpois
760 4004 794 4054 de
808 3986 1074 4069 Sotipnec'ddndlon,
1085 3999 1265 4067 Arctonque
1274 4001 1310 4051 de
1323 3999 1487 4064 thamnan,

312 4110 480 4181 priiceptear
499 4121 550 4163 etc.
571 4109 718 4162 damnatus
737 4106 771 4159 ab
790 4105 882 4159 Innoc-
901 4103 953 4157 xli
974 4104 1055 4157 Brevi
1073 4116 1091 4155 e(
1113 4104 1182 4156 Cum
1199 4103 1273 4155 elias
1291 4116 1309 4155 »
1327 4102 1423 4157 datum
1442 4104 1488 4156 die

312 4220 347 4271 Ia>
366 4218 463 4271 Martii
483 4214 575 4282 16993
593 4214 639 4269 sed
660 4216 747 4268 Breve
766 4213 880 4266 damnat
897 4213 1057 4265 immediate
1082 4209 1199 4273 librum,
1220 4210 1340 4263 mediate
1364 4208 1488 4278 proposi·

312 4326 417 4387 tiones}
439 4322 510 4377 trude
535 4338 589 4375 nou
608 4320 718 4375 videtur
742 4316 938 4388 comprehendi
963 4319 1014 4369 boc
1037 4326 1091 4369 art.
1110 4315 1203 4369 Cenat
1224 4318 1319 4384 Apost.
1339 4316 1426 4406 Sedis.
1446 4314 1487 4368 Cf.

312 4426 478 4493 Pennacchi‚
499 4428 517 4479 l.
531 4446 552 4481 c.
574 4425 593 4493 l,
613 4442 637 4495 p.
660 4424 718 4479 loa.
