3350 5100
299 304 361 368 84>
827 321 912 370 runs
935 321 958 368 1.

391 445 446 512 59.
479 445 632 529 Stuprum
666 445 836 531 multiplici
870 443 1103 531 significatione
1133 451 1279 516 sumitur.
1315 451 1482 520 Gannico

301 571 420 638 dictum
444 575 494 637 est
514 574 606 635 actus
620 569 859 652 fornicationis
881 569 940 636 sub
964 570 1069 637 forma
1084 574 1188 640 illiciti
1205 575 1393 641 concubitus
1409 579 1482 642 sive
1561 591 1564 594 ·

300 714 375 760 cum
387 692 530 760 masculo
542 694 611 759 sive
626 685 700 758 cum
717 692 857 759 foemina
868 713 970 778 eaque
984 697 1155 782 coniugata
1171 698 1223 761 vel
1241 696 1336 762 vidua
1351 699 1405 762 vel
1416 701 1482 763 vir-

302 803 388 905 pins,
406 820 452 884 uti
467 824 557 904 patet
572 837 617 884 eso
632 818 653 883 l.
667 819 691 883 6
706 819 767 901 §L
782 821 818 903 ff.
831 819 882 886 De
893 820 983 887 oerb.
995 819 1110 907 sipoif.
1127 856 1144 870 -
1157 797 1304 905 Ptoprie
1320 827 1482 908 sumptum

302 951 448 1029 stuprum
464 948 515 1008 est
528 948 619 1008 actus
633 943 859 1009 fornicationis
874 965 947 1010 cum
962 946 1100 1031 virgine,
1114 945 1198 1012 unde
1214 947 1384 1032 virginalis
1400 948 1484 1013 inte—

303 1071 407 1154 gritas
428 1041 659 1153 corrumpitur.

394 1193 545 1279 Stuprum
572 1193 717 1277 proprie
744 1200 913 1279 acceptum
943 1195 1029 1261 aliud
1059 1201 1110 1262 est
1133 1215 1204 1281 quo,
1229 1198 1298 1263 sive
1328 1217 1388 1284 per
1416 1199 1484 1264 vim

305 1321 374 1384 sive
403 1337 464 1409 per
493 1323 614 1383 metum
639 1315 695 1386 vel
726 1317 884 1400 fraudem,
909 1320 1028 1406 virgini
1051 1319 1204 1386 adimitur
1236 1322 1383 1406 corporis
1404 1321 1483 1386 inte·

306 1445 426 1529 gritas3
449 1447 483 1508 et
497 1443 562 1508 hoc
585 1447 634 1508 est
653 1448 797 1529 stuprum
816 1444 1056 1527 propriissime
1072 1444 1190 1512 dictum
1207 1466 1264 1511 seu
1281 1446 1488 1530 violentiam

307 1567 396 1633 aliud
418 1572 561 1635 estnon
583 1567 768 1633 violentum
797 1586 860 1633 nec
883 1567 1026 1634 dolosum
1054 1589 1097 1634 ex
1119 1577 1213 1655 parte
1237 1571 1429 1656 stupratoris
1453 1576 1488 1636 et

307 1693 524 1759 voluntarium
550 1711 594 1756 ex
616 1697 710 1777 parte
733 1697 900 1776 stupratae
924 1712 1019 1777 quum
1046 1714 1162 1781 nempe
1190 1696 1361 1781 integritas
1388 1697 1487 1780 virgi-

308 1818 391 1882 nalis
411 1817 536 1882 uolenti
558 1821 592 1881 et
614 1817 827 1882 consentienti
842 1815 1001 1900 aufertur,
1019 1820 1170 1885 nimirum
1194 1840 1310 1886 errore
1333 1825 1389 1886 aut
1412 1819 1490 1886 dolo

309 1961 376 2008 non
391 1941 555 2026 deceptae.
572 1941 624 2008 Uti
639 1947 737 2028 patet,
760 1947 907 2026 stuprum
923 1944 1096 2010 violentum
1114 1951 1169 2011 aut
1185 1945 1338 2021 dolosum,
1355 1951 1491 2031 praeter

310 2064 464 2129 malitiam
479 2063 714 2138 fornicationis,
732 2066 876 2132 continet
891 2066 986 2131 etiam
1011 2067 1150 2132 iustitiae
1174 2063 1382 2134 offensionem
1405 2085 1493 2152 quae

311 2206 375 2252 non
397 2186 539 2254 habetur
565 2187 600 2252 in
622 2193 735 2273 stupro
758 2209 821 2255 nec
843 2190 985 2258 violento
1008 2211 1070 2257 nec
1093 2191 1213 2256 doloso
1238 2190 1315 2257 lude
1339 2193 1403 2258 hoc
1425 2199 1487 2259 stu·

311 2333 416 2398 prum,
432 2314 505 2379 iure
527 2316 653 2396 merito,
670 2333 690 2379 a
708 2315 912 2401 gravioribus
935 2318 1129 2402 iurisperitis
1145 2317 1284 2384 habetur
1303 2320 1349 2383 uti
1365 2319 1492 2384 crimen

311 2457 377 2503 non
392 2436 577 2503 distinctum
602 2457 622 2501 a
641 2438 777 2523 simplici
800 2439 1025 2506 fornicatione.
1050 2441 1101 2507 Ite
1123 2443 1280 2528 Laymon,
1297 2441 1348 2508 De
1362 2441 1494 2508 iustitia

312 2564 442 2631 otiare
464 2563 531 2643 ΙΙΙ,
557 2569 652 2630 tract.
677 2562 711 2639 3,
731 2570 824 2648 port.
849 2564 883 2637 3.
908 2584 982 2649 cop.
1007 2564 1061 2633 13.

403 2683 539 2761 Quando
561 2693 709 2773 stuprum
731 2694 781 2754 est
799 2689 980 2755 violentum
998 2695 1054 2756 aut
1069 2690 1224 2758 dolosam
1249 2698 1281 2756 et
1303 2692 1393 2756 nulla
1415 2710 1492 2777 pro-

314 2813 422 2877 missio
435 2814 628 2886 interoessit
642 2814 754 2878 saltem
766 2832 859 2885 cero,
873 2816 1079 2887 matrimonii,
1093 2836 1152 2900 per·
1169 2836 1202 2881 se
1218 2816 1327 2881 damni
1342 2816 1492 2881 iacienda

314 2941 365 3002 est
386 2938 550 3021 reparatio
577 2944 734 3021 quatenus
758 2940 941 3024 expostulat
967 2941 1015 3005 ius
1043 2941 1174 3006 laesum.
1202 2976 1219 2989 -
1245 2942 1297 3005 Ex
1320 2924 1498 3006 violatione

316 3064 423 3127 autem
446 3062 583 3146 virginis
606 3064 760 3145 sequitur,
785 3064 819 3150 α)
844 3068 945 3129 status
960 3064 1103 3130 deterior
1126 3067 1159 3129 in
1182 3066 1251 3150 ipsa
1267 3065 1374 3150 puella
1389 3066 1497 3149 quoasl

316 3186 397 3251 alias
425 3186 553 3270 nuptias
583 3186 670 3251 forte
699 3187 873 3263 ineundam
898 3188 930 3274 b)
954 3189 1125 3272 aliquando
1156 3190 1281 3275 proles,
1310 3208 1353 3254 ex
1383 3194 1498 3275 stupro

317 3315 484 3395 concepta,
501 3309 616 3375 alenda
632 3318 664 3377 et
679 3309 858 3389 educanda;
877 3312 906 3398 c)
923 3314 1056 3380 infamia
1071 3317 1216 3399 sequitur
1232 3317 1264 3380 in
1281 3316 1365 3401 ipsos
1381 3334 1496 3400 paren·

317 3438 377 3506 tes,
402 3439 434 3499 et
456 3434 542 3499 aliud
558 3435 662 3499 simile
677 3434 921 3501 incommodum.
941 3472 957 3485 -
976 3438 1100 3503 Verum
1125 3459 1167 3504 ex
1191 3440 1261 3504 iure
1278 3444 1414 3505 naturae
1430 3458 1494 3503 non

317 3564 414 3644 urget
436 3557 586 3645 obligatio
603 3558 739 3625 ducendi
762 3565 941 3646 stupratam
964 3564 1124 3648 virginem
1148 3565 1180 3627 in
1205 3584 1351 3645 uxorem,
1368 3562 1500 3648 quando

318 3683 487 3768 promissio
510 3704 575 3747 non
598 3684 782 3751 intercessit
796 3688 992 3752 matrimonii
1012 3691 1044 3751 et
1067 3686 1130 3751 alie
1153 3692 1240 3772 patet
1263 3690 1316 3751 via
1339 3687 1495 3751 indemni·

319 3808 376 3873 tati
400 3808 623 3894 praestandae.

409 3930 462 3997 60.
486 3932 531 3996 At
554 3951 596 3997 ex
619 3934 690 3997 iure
712 3933 858 4017 positivo,
884 3938 980 4019 eaput
1004 3934 1019 3998 l
1048 3934 1098 3999 De
1121 3933 1287 3999 adulterio
1311 3934 1346 3997 X
1368 3930 1422 4015 (V,
1443 3932 1499 4017 16)

322 4056 366 4120 ita
388 4053 475 4120 iubet
491 4061 707 4141 stupratorem
726 4078 745 4119 r<
761 4057 893 4125 dotatis
912 4077 988 4123 eaor
1005 4064 1035 4123 et
1051 4078 1127 4124 eam
1147 4058 1282 4154 latebis
1297 4076 1444 4124 acrorem
1462 4078 1499 4130 »;

321 4184 464 4244 attamen
487 4181 645 4264 particula
669 4181 882 4248 coniunctioo
906 4202 948 4247 ur
972 4202 1013 4246 ex
1037 4184 1197 4247 communi
1218 4183 1497 4267 interpretatione,

323 4306 357 4366 et
368 4302 508 4387 receptis
524 4302 676 4376 moribus,
693 4303 804 4369 habita
820 4309 868 4369 est
884 4305 929 4369 uti
942 4302 1143 4371 deiunctioo
1160 4324 1236 4371 vnn.
1253 4301 1370 4369 -Sane
1386 4312 1501 4370 coacta

323 4427 473 4512 coniugia
489 4428 594 4492 solent
613 4428 760 4494 infelices
776 4431 883 4494 exitus
898 4428 1028 4494 habere.
