3350 5100
525 347 568 394 nn
593 347 746 394 onereris
770 347 813 393 nr
836 345 957 394 Pennis
1290 321 1331 388 17

150 466 192 530 ad
209 467 477 552 dispensationem
496 471 730 555 impetrandam
754 475 870 536 contra
895 469 981 534 latae
1003 469 1086 556 legis
1107 466 1332 553 dispositiones

151 611 321 658 recursum
345 593 538 660 habuerunt.
556 593 647 660 Haeo
663 595 773 660 omnia
796 596 827 661 S.
846 595 880 660 C.
898 595 934 660 0.
949 594 983 659 in
1006 611 1145 659 examen
1165 590 1333 656 revomuit

151 715 185 779 in
209 715 356 800 plenario
379 726 540 785 conventu
562 719 626 786 sub
650 719 706 785 die
729 718 778 784 24
801 718 985 785 Februarii
1007 718 1110 796 1894,
1130 723 1165 782 et
1188 716 1333 800 reposuit

152 842 286 909 indulto
303 846 418 910 omnia
434 851 465 912 et
479 846 665 932 pmoileqiu
679 851 841 912 reuocata
853 843 962 927 fuisse
965 863 981 926 ,·
993 845 1139 931 sinqulis
1153 861 1234 909 cero
1249 861 1331 928 qra-

132 969 237 1035 ·lium
265 970 525 1053 postulantibus,
548 971 729 1054 prouisum
760 972 806 1037 iri
829 972 867 1038 iu
889 971 1034 1058 siuqulie
1064 969 1207 1052 caubus,
1230 971 1332 1034 issula

149 1099 301 1159 maden
313 1095 346 1160 S.
363 1096 397 1161 0.
413 1096 447 1162 0.
465 1093 570 1178 (cons.
587 1093 675 1162 Actu
691 1095 725 1162 S.
745 1095 842 1162 Sedis
857 1097 922 1163 ool.
939 1094 999 1166 26,
1020 1113 1103 1180 paq.
1120 1095 1168 1160 56
1187 1100 1218 1160 et
1232 1093 1331 1180 533).

150 1219 245 1295 Quod
269 1221 446 1296 decretum,
470 1227 606 1308 rogante
629 1223 660 1289 S.
678 1223 713 1290 0.
729 1222 769 1288 de
794 1224 892 1308 Prop.
910 1221 988 1287 Fide
1010 1219 1194 1301 Praefecto,
1216 1225 1330 1285 exten·

150 1366 220 1411 sum
246 1345 308 1411 fuit
330 1345 370 1410 ad
395 1345 574 1412 Ecclesiam
599 1346 799 1414 Orientalem
823 1345 882 1431 (l).

245 1470 296 1534 ll.
321 1469 440 1536 Sedulo
463 1469 569 1536 const.
594 1470 659 1554 Ap.
685 1471 761 1537 Sed.
791 1475 902 1534 tuetur
925 1469 1057 1536 Ordinis
1087 1469 1179 1535 Sacri
1207 1473 1328 1533 rectam

149 1594 479 1672 administrationem
496 1596 580 1661 unde
603 1597 636 1661 in
661 1595 744 1660 male
768 1595 958 1660 ordinantes
980 1599 1013 1659 et
1027 1593 1192 1658 ordinatos
1215 1590 1332 1679 infligit

154 1721 177 1784 l.
193 1739 221 1785 s.
237 1715 581 1804 suspensioned'lltom.
600 1723 696 1788 Pont
721 1725 915 1786 reservatas.
935 1755 953 1768 -
974 1719 1068 1791 Sane.
1087 1721 1175 1784 inter
1197 1737 1332 1802 suspen-

156 1843 263 1906 siones
285 1843 306 1908 l.
330 1862 356 1908 s.
373 1841 414 1907 R.
431 1841 471 1908 ΡΖ
495 1850 696 1924 resecatus,
718 1843 804 1908 hanc
826 1842 975 1908 decernit
996 1840 1055 1907 sub
1077 1862 1110 1906 n.
1134 1841 1177 1912 11,
1202 1859 1333 1925 nempe:

156 1965 459 2048 ‹Smpemmem
487 1985 555 2049 per
586 1967 771 2033 incautum
801 1987 823 2032 a
855 1967 1034 2033 collatione
1066 1966 1229 2033 ordinum
1258 1965 1333 2048 ipso

154 2091 234 2156 iure
255 2090 447 2167 incurrunt,
463 2091 614 2176 aliquem
628 2093 829 2159 ordinantes
852 2091 979 2176 absque
996 2091 1092 2158 titulo
1109 2089 1259 2176 beneficii
1282 2089 1334 2155 uel

155 2211 365 2294 patrimonii,
390 2233 467 2278 eam
486 2219 600 2297 pacto.
623 2219 663 2279 ut
684 2214 865 2281 ordinatus
886 2231 957 2279 uon
979 2219 1074 2296 petat
1096 2211 1140 2278 ab
1163 2212 1246 2294 ipsis
1268 2211 1332 2277 ali·

158 2341 273 2400 menta
288 2357 319 2401 ›.
344 2337 382 2401 ln
406 2355 527 2423 genere
549 2337 758 2404 advertatur:
867 2354 872 2360 ·

294 2459 326 2543 l)
350 2460 427 2524 Iure
449 2459 606 2525 hodierno
630 2461 765 2526 titulum
788 2461 910 2544 requiri
936 2461 969 2525 in
993 2459 1204 2544 suscipiendis
1224 2460 1335 2526 sacis

154 2563 326 2651 ordinibus
338 2592 479 2662 tantum
496 2606 592 2671 quum
612 2588 787 2671 antiquitus
803 2608 861 2653 seu
880 2590 951 2652 iure
965 2593 1088 2660 vetere,
1105 2586 1333 2671 requirebatur

154 2708 268 2773 titulus
290 2711 385 2774 etiam
408 2730 468 2795 pro
491 2708 657 2775 ordinibus
684 2710 890 2783 minoribus,
915 2710 999 2795 qnod
1024 2709 1141 2796 probat
1167 2711 1333 2795 Gasparri‚

160 2831 209 2898 De
237 2852 326 2899 sacr.
356 2834 429 2900 ord.
454 2832 493 2917 (Ι,
518 2835 583 2902 594
607 2836 697 2922 seq).

292 2958 326 3043 2)
351 2956 485 3033 Quando
501 2980 581 3024 vero
604 2960 637 3025 in
661 2958 815 3025 eiusmodi
840 2958 981 3025 decretis
1003 2979 1110 3024 sermo
1134 2958 1273 3024 habetur
1295 2957 1336 3023 de

155 3080 323 3145 ordinibus
352 3086 443 3146 certo
473 3081 568 3148 modo
598 3082 820 3149 conferendis.
854 3081 1173 3167 comprehenduntur
1202 3081 1336 3147 ordines

157 3202 256 3268 etiam
279 3206 428 3287 minores,
453 3204 509 3271 sed
533 3206 719 3273 excluditur
741 3212 886 3287 tonsura,
910 3225 992 3289 quae
1015 3225 1081 3271 non
1103 3211 1153 3270 est
1175 3204 1264 3269 ordo.

293 3328 325 3414 3)
350 3332 472 3394 Tamen
500 3331 528 3394 si
557 3331 733 3414 Episcopus
761 3331 802 3395 sit
831 3350 1005 3426 suspensus
1028 3348 1050 3395 a
1070 3327 1334 3414 pontificalibus,

155 3452 348 3539 prohibetur
364 3456 460 3521 etiam
473 3460 651 3520 tonsuram
666 3454 835 3528 conferre
853 3454 928 3537 quia
945 3454 1006 3518 boc
1029 3454 1172 3538 pertinet
1189 3451 1230 3516 ed
1246 3451 1334 3518 ordi-

156 3596 238 3642 nem
256 3577 497 3661 pontificalem.
523 3576 571 3641 (li.
597 3574 795 3642 D'Annibale
822 3576 1005 3642 Commeat.
1029 3576 1051 3657 ᾖ
1073 3576 1144 3648 191,
1168 3579 1236 3641 not.
1262 3575 1289 3637 1.

247 3826 288 3893 (1)
300 3824 412 3879 &nauli
426 3826 529 3879 debent
538 3825 661 3881 celebris
672 3826 794 3889 decreta,
807 3842 841 3879 ex
852 3825 980 3878 consulto
992 3824 1018 3876 S.
1030 3824 1118 3892 (long.
1131 3822 1249 3876 Concilii
1261 3822 1337 3876 edita

159 3948 207 4001 per
225 3933 333 3986 bullam
352 3934 387 3986 ab
407 3932 524 3987 Urbano
544 3931 603 3985 Vlll
623 3934 669 3988 die
688 3934 725 3986 21
744 3933 809 3987 lun.
831 3933 913 3984 1625
931 3932 1041 4001 quibus,
1059 3932 1111 3984 snb
1132 3930 1256 3984 censuris
1275 3929 1337 3998 ipso

161 4040 218 4095 iure
242 4042 425 4106 incurrendis,
446 4040 493 4095 sed
519 4041 600 4096 hodie
625 4040 786 4111 antiquatis,
809 4039 968 4093 saeculares
991 4038 1179 4091 Ecclesiarum
1201 4036 1336 4091 Rectores

163 4143 289 4198 iubentur
309 4144 390 4214 plura
408 4161 506 4199 curere
526 4162 575 4214 pro
593 4150 693 4199 exacta
711 4160 827 4198 onerum
847 4144 996 4196 Missurum
1015 4142 1189 4207 executione,
1207 4142 1336 4212 idemque

160 4252 328 4321 praecipitur
358 4246 522 4306 [tectoribus
547 4252 741 4321 Regularibus‚
761 4251 939 4306 comminatis
958 4251 1054 4320 poenis
1072 4250 1237 4320 privationis
1259 4250 1336 4302 vocis

157 4359 277 4421 activae,
297 4358 461 4425 officiorum,
478 4360 692 4423 beneficiorum
712 4375 762 4413 nec
786 4373 842 4413 non
867 4357 1055 4411 inhabilitatis
1078 4357 1114 4410 ad
1136 4356 1241 4411 eadem.
1261 4354 1336 4409 Haec
1370 4335 1373 4340 ⁴

157 4448 272 4517 decreta
285 4464 461 4517 confirmavit
473 4470 503 4517 et
515 4463 661 4533 ampliavit
673 4464 731 4517 lun.
745 4462 797 4517 llll
810 4463 903 4515 const.
917 4462 1027 4531 Nuper,
1043 4464 1084 4513 23
1098 4461 1227 4515 Decemb.
1242 4458 1335 4513 1697.

269 4570 332 4623 Suc.
354 4570 431 4640 cha
1215 4568 1233 4617 2
