3350 5100
335 296 403 364 2112
851 316 934 363 osas
966 317 1003 363 ιι

335 449 370 507 et
391 454 441 507 est
461 438 579 507 efficax
595 440 751 525 probatio.
767 460 852 524 quae
876 440 1121 524 utplurimum
1138 438 1323 522 exquisitus
1339 458 1361 501 a
1382 438 1516 503 testibus

335 584 471 650 quornm
493 580 544 629 est
566 564 803 639 demonstrare,
826 584 863 629 se
887 563 988 649 probe
1010 584 1209 649 cognoscere
1228 563 1328 627 illum
1344 583 1438 657 quem
1457 583 1516 628 sm

334 690 539 753 attestatione
560 697 617 753 aut
638 701 795 753 accumnt
816 703 874 753 sut
897 694 1067 753 excusant.
1087 722 1104 734 ·
1126 690 1186 753 Ast
1208 686 1316 751 subest
1338 694 1517 772 appennis

335 814 565 881 reaccessi
589 832 654 879 una
676 827 800 879 tantum
821 833 880 879 res
901 823 957 879 sut
977 832 1139 897 persona
1155 831 1239 897 qnae
1257 812 1515 895 siudceprne-

334 938 541 1021 sopponitro·
563 937 838 1024 recognoscendo,
863 934 1022 1003 offeratur
1046 940 1259 1023 recognitioni
1281 940 1352 1001 sire
1373 939 1516 1003 secessu

336 1070 392 1129 aut
413 1064 613 1129 accusatoris
634 1064 704 1127 sive
725 1064 828 1129 testis.

423 1186 501 1252 223.
532 1186 650 1253 Obstat
678 1186 821 1253 libertati
854 1188 1069 1253 consessionis
1098 1188 1255 1252 violentia
1286 1208 1344 1251 seu
1375 1188 1515 1251 esseio.

337 1312 442 1387 Quom
466 1332 546 1377 vero
569 1312 656 1377 inter
680 1312 817 1378 inridics
839 1316 985 1379 instituta
1008 1312 1049 1377 ad
1073 1312 1284 1378 excutiendos
1299 1317 1468 1377 secuntus
1483 1316 1517 1376 et

335 1444 434 1505 testes
456 1436 513 1505 diu
536 1439 569 1503 in
592 1458 653 1503 usu
676 1438 777 1504 fuerit
807 1444 943 1505 tortwo
966 1458 1023 1503 sen
1053 1438 1206 1523 quaestio
1229 1438 1276 1520 (l)
1303 1439 1402 1503 etiam
1430 1435 1516 1522 epod

334 1564 445 1630 curias
455 1563 585 1639 eccles,
601 1561 741 1630 sufficiat
754 1562 933 1629 advertm
944 1562 1098 1629 eiusmodi
1116 1564 1323 1631 coactionem
1336 1562 1515 1627 iudicialem

336 1687 517 1753 ordinatam
539 1688 581 1753 ad
607 1688 853 1773 exprimendam
877 1691 1037 1755 accusatis
1062 1688 1298 1754 consensionem
1323 1694 1357 1753 et
1382 1686 1518 1753 testibus

337 1814 585 1885 attestationem,
601 1814 752 1896 iureque
768 1814 899 1885 utimur,
920 1832 985 1877 non
1002 1814 1107 1877 minus
1122 1832 1217 1896 quam
1237 1812 1388 1882 moribus,
1404 1816 1520 1896 aperte

338 1937 525 2023 reprobari,
553 1938 671 2023 quippe
700 1956 784 2022 quse
813 1936 920 2003 obstet
949 1937 1092 2003 libertati
1122 1938 1343 2003 confesmonis.
1377 1935 1520 2001 Proinde

340 2061 591 2147 reprehenditur
609 2068 748 2143 witero,
763 2068 874 2147 utpote
894 2062 1011 2146 sollum
1033 2082 1131 2146 quum
1154 2082 1268 2147 parum
1291 2058 1451 2127 fidendum
1476 2061 1520 2125 sit

337 2186 533 2251 confessioni
563 2185 674 2251 taliter
695 2192 847 2251 extortae
869 2190 903 2251 et
929 2192 1102 2270 praetereo
1124 2190 1233 2270 utpote
1255 2184 1392 2257 noenta,
1420 2204 1518 2268 quum

338 2311 451 2398 poenis
464 2315 616 2393 torqueat
630 2328 726 2393 quem
749 2329 842 2376 reum
858 2328 929 2375 esse
952 2316 1043 2375 certo
1067 2331 1132 2375 non
1154 2314 1289 2375 constet.
1315 2345 1332 2358 -
1358 2308 1388 2374 S.
1406 2310 1518 2393 Angu-

338 2437 442 2502 stinus
456 2436 502 2503 ite
516 2433 715 2519 coarguebat
729 2440 876 2501 torturae
896 2436 1074 2502 institutum
1089 2471 1107 2483 -
1123 2435 1225 2499 veluti
1240 2434 1403 2499 inbutam
1420 2469 1438 2482 -
1454 2433 1521 2517 (De

339 2563 426 2632 clod.
439 2561 502 2628 Dei
513 2579 588 2645 cap.
606 2561 652 2647 6).
668 2561 779 2628 «Cum
795 2565 965 2647 quaeritur
980 2570 1088 2629 utrum
1100 2565 1142 2629 sit
1157 2581 1278 2628 nocens
1293 2563 1468 2632 crucietur,
1485 2566 1520 2625 et

338 2688 494 2752 innocens
503 2683 564 2751 luit
574 2705 634 2769 pro
647 2685 773 2752 incerto
784 2685 913 2751 scelere
925 2687 1122 2751 certissimus
1134 2705 1263 2770 poenas,
1277 2705 1341 2750 non
1353 2687 1430 2768 quie
1440 2683 1518 2750 illud

339 2811 536 2877 commisisse
548 2808 712 2895 detegitur
723 2809 781 2876 sed
792 2811 868 2894 quia
880 2830 945 2874 non
958 2811 1156 2876 commisisse
1167 2811 1320 2882 nescitur,
1333 2829 1373 2874 sc
1384 2829 1443 2894 per
1454 2809 1520 2874 hoc

339 3073 400 3112 esse
422 3057 447 3126 t)
465 3057 620 3126 incoquitur
637 3057 664 3110 ei
682 3073 700 3109 a
718 3073 774 3128 quo
791 3057 935 3128 expetitur
955 3061 1117 3128 resupnum,-
1135 3061 1165 3113 et
1183 3057 1211 3128 2)
1231 3059 1337 3112 similes
1349 3073 1520 3126 magnopere

340 3161 381 3215 rei
399 3165 450 3214 sut
467 3175 603 3229 personae
622 3161 873 3231 recognoscendae.

411 3266 451 3332 tl)
477 3265 594 3320 Romani
619 3277 758 3326 torturum
782 3273 920 3322 vocarunt
944 3273 1149 3340 quaestionem:
1173 3271 1207 3324 cf.
1234 3271 1273 3324 tit.
1294 3271 1335 3324 Dc
1360 3279 1466 3340 penest.
1487 3271 1520 3338 ff:

340 3370 511 3441 Etiamspud
521 3369 642 3428 Graecos
654 3372 813 3428 invaluerat
822 3377 852 3428 et
866 3375 967 3442 passim
980 3375 1053 3444 opud
1066 3375 1182 3445 populos
1191 3374 1355 3430 orientales.
1364 3402 1382 3414 -
1392 3375 1519 3439 Romani,

340 3475 445 3548 epoche
463 3475 604 3544 classsica,
621 3482 732 3533 tantum
749 3495 847 3534 seruos
867 3481 1055 3536 subiiciebant
1072 3485 1243 3552 quaestioni;
1263 3487 1292 3537 et
1311 3487 1416 3551 postea,
1430 3480 1519 3550 potis—

339 3584 441 3638 simum
467 3582 648 3654 praevalente
673 3586 790 3655 imperio
812 3585 959 3653 orientali,
984 3588 1229 3642 indiscriminatim
1252 3588 1406 3658 quaestioni
1422 3603 1522 3640 omnes

338 3689 457 3746 subiecti
469 3691 592 3746 inerunt,
603 3691 702 3747 Diruta
715 3709 830 3748 romano
841 3693 967 3764 imperio,
980 3695 1075 3764 populi
1087 3695 1240 3764 germanici
1252 3694 1407 3750 intulerunt
1418 3695 1518 3748 duello

337 3797 484 3852 iudicialis
507 3800 537 3851 et
562 3797 591 3850 in
615 3813 720 3868 genere
743 3801 943 3870 perpationem
970 3801 1120 3872 culparem
1144 3807 1173 3855 et
1197 3817 1246 3870 per
1270 3798 1363 3870 legem
1385 3801 1519 3866 Salicem,

337 3901 513 3973 Ripuariam,
534 3904 676 3959 Bacaram
695 3909 822 3962 tortores
847 3923 908 3962 mos
933 3907 1080 3964 obsolevit.
1105 3909 1144 3962 At
1162 3913 1308 3978 postquem
1332 3907 1518 3963 condemnata

339 4009 393 4065 tuit
408 4013 541 4083 perpetio
557 4013 686 4082 culparis
705 4015 795 4069 aiure
808 4031 871 4069 can.
885 4015 957 4086 quod
973 4017 1119 4071 substituit
1134 4017 1332 4087 purpotionem
1345 4017 1514 4079 canonicam,

338 4113 407 4172 haec
424 4117 486 4172 viss
503 4122 547 4174 est
565 4135 662 4189 parum
682 4119 783 4176 efficax
805 4121 980 4190 potissimum
1002 4138 1036 4177 ea
1057 4127 1151 4178 seteis
1173 4139 1257 4194 quum
1278 4121 1336 4176 lete
1360 4122 1519 4191 explicatus

337 4222 424 4277 inerit
442 4239 586 4292 processus
604 4227 797 4296 inquisitorius
815 4227 949 4284 adversus
968 4231 1112 4300 graviores
1130 4229 1334 4301 delinquentes,
1353 4235 1382 4284 et
1408 4230 1435 4283 in
1462 4227 1518 4298 pri·

340 4329 400 4389 mis,
418 4328 551 4384 adsensus
569 4331 737 4387 haereticos.
751 4332 947 4400 Quamobrem,
961 4334 1048 4390 veluti
1067 4336 1102 4390 ed
1121 4334 1238 4391 tutelam
1253 4351 1362 4391 reorum
1376 4333 1516 4406 exquisita

339 4433 393 4488 init
407 4435 536 4506 probatio
556 4436 658 4506 tepolis
677 4443 761 4510 atque
780 4439 816 4494 ad
835 4441 1034 4509 perficiendum
1053 4441 1106 4498 hoc
1124 4449 1248 4514 sytema
1257 4443 1286 4497 in
1300 4441 1404 4497 honore
1417 4440 1516 4496 habite
