3350 5100
334 287 401 353 450
841 307 925 355 raas
958 306 1007 353 111.

333 432 412 497 ralis
427 430 541 516 regula
556 432 698 517 ponitur,
708 431 861 514 septimi
873 430 994 499 debese
1011 438 1143 515 tempus
1158 420 1352 499 durationis
1362 432 1515 499 amdam

330 573 473 631 nonme.
503 590 520 603 -
549 555 642 619 Haec
667 556 782 641 regule
805 575 870 621 non
900 555 980 621 lecit
1008 556 1063 621 ius
1093 575 1296 639 commune;
1318 556 1374 623 sed
1396 556 1438 620 ed
1460 557 1514 623 ius

332 700 453 747 comm.
477 680 573 746 hodie
597 682 738 766 pertinet
759 681 824 747 elia
846 681 970 767 regula,
986 680 1056 747 scil.
1073 680 1167 745 hodie
1192 678 1254 747 lias
1275 681 1514 765 suspensiones

331 826 403 872 non
425 805 514 889 serii
532 815 731 889 popetnes.

421 930 497 997 399.
522 930 614 1007 Quod
644 932 671 998 si
698 931 730 997 S.
756 931 790 995 C.
814 930 850 998 G.
875 950 940 996 non
970 931 1071 996 semel
1103 934 1238 1011 censuit,
1270 932 1512 1015 suspensionem

331 1074 377 1121 seo
393 1055 455 1139 inf.
469 1075 560 1123 cons.
574 1055 672 1123 latam
688 1057 843 1121 sustineri
858 1058 918 1121 etsi
929 1061 1145 1139 perpetuam,
1163 1056 1225 1122 hoc
1237 1056 1358 1119 lectum
1375 1056 1514 1139 estquis

331 1179 415 1245 haec
438 1182 605 1264 suspensio
627 1179 735 1246 lemur
761 1180 859 1243 etiam
891 1198 955 1244 non
980 1180 1025 1245 uti
1049 1198 1195 1245 cauare
1225 1178 1282 1244 sed
1313 1180 1360 1244 uti
1388 1197 1511 1261 poena.

331 1306 414 1371 Nam
437 1307 585 1371 censuris
608 1306 793 1370 necessario
817 1304 1073 1388 praemittendae
1093 1311 1167 1369 sunt
1189 1304 1401 1383 monitiones,
1418 1321 1511 1388 quae,

330 1448 390 1513 per
405 1450 450 1510 se,
467 1449 532 1495 non
548 1429 797 1513 expostulentur
813 1429 846 1492 in
863 1430 1031 1497 sententiis
1046 1446 1090 1493 ex
1105 1427 1169 1509 inf.
1186 1448 1276 1495 cosas.
1293 1428 1366 1495 latis
1389 1432 1425 1493 ul
1440 1427 1512 1513 plu·

332 1660 398 1711 tunc
416 1656 586 1711 substitutus
603 1655 760 1709 mercedem
779 1654 900 1723 accipiet
919 1672 953 1711 ex
972 1656 1111 1709 fructibus
1130 1654 1260 1711 beneficii
1274 1654 1302 1709 in
1322 1671 1355 1709 ea
1374 1654 1514 1735 portione,

330 1782 403 1835 quae
421 1766 500 1820 iuxta
519 1765 638 1835 prudens
656 1765 797 1819 Ordinarii
816 1766 964 1819 arbitrium
981 1766 1134 1821 taxabitur.
1147 1768 1185 1820 llt
1204 1767 1227 1819 si
1247 1783 1398 1837 suspensus
1417 1765 1512 1820 iubae
1549 1758 1552 1765 ’

329 1875 475 1929 taxatione
499 1891 530 1929 se
554 1879 704 1943 gravatum
728 1874 861 1939 senserit,
885 1874 1104 1929 moderationem
1131 1890 1286 1944 provocare
1310 1874 1414 1943 poterit
1437 1873 1510 1942 apud

329 1983 443 2036 Curiam
463 1981 744 2051 archiepiscopalem,
765 1982 919 2037 autetiam
939 1982 1011 2051 apud
1031 1982 1129 2039 Sedem
1148 1982 1350 2051 Apostolioam.

419 2090 445 2143 5.
459 2089 585 2158 Exprimi
594 2088 678 2146 debet
687 2094 797 2159 tempus
805 2074 962 2143 durationis
970 2089 995 2143 ei
1001 2089 1095 2144 uadem
1109 2104 1224 2159 poenae.
1234 2089 1404 2144 Abstinesnt
1415 2094 1511 2145 tamen

330 2196 470 2251 Ordinarii
483 2196 518 2249 ab
532 2196 592 2264 ipse
601 2193 753 2262 infligenda
762 2195 790 2248 in
805 2200 979 2264 perpetuum.
991 2194 1068 2255 Quod
1081 2195 1104 2248 si
1118 2196 1153 2248 ob
1167 2196 1311 2265 graviores
1323 2212 1423 2249 causas
1432 2194 1511 2250 Ordi-

330 2303 426 2356 narius
443 2301 585 2358 censuerit
602 2318 664 2356 eam
683 2301 826 2369 imponere
839 2316 894 2355 uon
908 2300 941 2353 ad
954 2306 1064 2369 tempus
1076 2300 1303 2365 determinatum,
1314 2302 1362 2354 sed
1381 2300 1416 2353 ad
1429 2318 1509 2354 suum

329 2408 546 2479 beneplacitum,
565 2412 633 2461 tsine
651 2409 712 2474 ipse
736 2406 857 2462 habetur
882 2423 932 2477 pro
956 2412 1147 2476 temporanea,
1166 2407 1284 2477 ideoque
1308 2408 1429 2461 cessabit
1446 2424 1509 2461 cum

329 2516 521 2572 iurisdictione
539 2514 679 2570 Ordinerii
699 2515 909 2584 suspensionem
929 2514 1090 2584 infligentis.
1226 2582 1228 2586 Δ

417 2627 442 2680 6.
463 2626 643 2695 Suspensioni
656 2642 691 2680 ex
703 2625 854 2679 informate
867 2625 1040 2680 conscientia
1053 2626 1159 2680 iustam
1174 2641 1206 2678 ac
1225 2624 1382 2694 legitimam
1396 2640 1508 2678 censam

331 2737 446 2804 praebet
464 2735 569 2789 crimen
588 2750 637 2788 seu
657 2733 775 2802 culpae
799 2749 933 2804 suspenso
958 2734 1113 2789 commissa.
1135 2733 1210 2788 llaec
1231 2737 1326 2786 autem
1345 2731 1428 2786 debet
1447 2748 1508 2786 asse

327 2839 448 2909 occulte,
467 2843 496 2892 et
514 2839 555 2892 ita
573 2838 676 2906 gravis,
697 2842 728 2890 ut
746 2836 834 2891 talem
853 2843 1047 2906 promereatur
1065 2836 1248 2905 punitionem.

416 2946 443 2997 7.
462 2945 504 2998 Ad
523 2942 576 2998 hoc
595 2947 690 2998 autem
712 2948 743 2996 ut
766 2943 804 2996 sit
828 2943 940 2998 occulta
965 2942 1127 3012 requiritur,
1147 2947 1178 2996 ut
1202 2959 1292 3013 neque
1317 2943 1346 2996 in
1365 2941 1507 3007 iudicium,

328 3051 466 3122 usquein
485 3049 707 3118 rumoresvulgi
729 3048 847 3102 deducte
873 3048 919 3111 sil,
939 3064 1028 3118 neque
1053 3048 1166 3115 insuper
1190 3047 1324 3101 eiusmodi
1345 3064 1460 3102 numero
1479 3053 1507 3102 el

327 3156 458 3226 qualitati
480 3171 660 3223 personarum
679 3155 794 3224 cognita
812 3156 850 3208 sit
868 3158 900 3208 ut
918 3153 1052 3209 delictum
1074 3153 1181 3208 censeri
1201 3153 1302 3209 debeat
1321 3155 1469 3208 notorium.

417 3263 443 3315 8.
462 3263 566 3318 Verum
588 3268 666 3318 tenet
677 3262 763 3316 etiam
776 3261 930 3330 suspensio,
942 3261 966 3315 si
986 3278 1020 3317 ex
1035 3261 1161 3330 pluribus
1172 3260 1284 3316 delictis
1295 3260 1409 3331 aliquod
1420 3262 1508 3316 fuerit

328 3373 426 3422 notum
444 3369 472 3422 in
491 3369 607 3438 vulgus:
626 3373 676 3422 aut
694 3369 717 3421 si
736 3369 852 3434 crimen,
864 3367 937 3438 quod
950 3373 1016 3422 ante
1029 3367 1237 3437 suspensionem
1250 3369 1343 3422 tuerat
1355 3366 1508 3436 occultum,

327 3473 458 3553 deinceps
476 3479 539 3543 post
557 3477 646 3542 ipsam
663 3474 751 3527 fuerit
769 3474 804 3527 ab
823 3470 888 3527 aliis
906 3472 1077 3542 evulgatum.

415 3580 440 3634 9.
461 3580 595 3636 Prudenti
613 3581 733 3634 arbitrio
759 3580 953 3635 Praelatorum
979 3555 1149 3649 relinquitur
1174 3579 1364 3648 suspensionis
1385 3595 1506 3643 cauum,

326 3703 375 3741 seu
394 3687 483 3756 ipsam
501 3687 613 3756 culpam
631 3686 805 3757 delinquenti
819 3691 869 3740 aut
883 3687 1049 3755 patefacere,
1061 3690 1111 3739 eut
1124 3684 1249 3738 reticere.
1264 3685 1363 3738 Partes
1381 3684 1506 3754 alioquin

326 3791 475 3860 pastoralis
499 3792 699 3846 sollicitudinis
724 3797 753 3847 et
777 3781 925 3845 charitatis
948 3789 1108 3846 eorumdem
1134 3794 1226 3855 erunt,
1245 3795 1276 3844 ut
1300 3789 1324 3843 si
1350 3790 1506 3845 istiusmodi

327 3915 445 3968 poenam
463 3915 598 3969 suspenso
615 3900 797 3954 manifestare
816 3900 986 3963 censuerint,
1005 3899 1066 3967 ipsa
1085 3915 1118 3952 ex
1142 3898 1275 3966 paternis,
1293 3914 1362 3968 quas
1380 3899 1505 3968 interpo-

326 4010 404 4072 nent,
422 4007 633 4073 monitionibus,
643 4007 745 4062 nedum
764 4007 798 4061 ad
810 4006 999 4075 expiationem
1013 4005 1121 4074 eulpae,
1140 4021 1235 4060 verum
1255 4005 1340 4060 etiam
1360 4005 1394 4058 ad
1413 4021 1505 4060 emen·

324 4112 468 4167 dationem
486 4112 684 4183 delinquentis,
703 4117 733 4168 et
751 4113 785 4165 ad
802 4113 977 4165 occasionem
997 4109 1129 4179 peccandi
1144 4108 1341 4164 eliminandam
1361 4109 1504 4165 inserviat.

417 4219 457 4272 10.
477 4214 661 4275 'Meminerint
677 4235 745 4275 vero
764 4219 921 4284 Praesules,
940 4216 1013 4288 qnod
1032 4218 1055 4270 si
1075 4221 1175 4271 eontra
1193 4217 1416 4286 decretumque
1435 4218 1505 4271 irro-

326 4329 393 4394 gata
410 4327 466 4380 luit
486 4328 641 4396 suspensio,
660 4331 858 4396 promoveatur
884 4341 1012 4380 recursus
1038 4323 1072 4376 ad
1096 4323 1286 4392 Apostolieam
1309 4321 1416 4387 Sedem,
1437 4327 1505 4377 tunc

324 4431 398 4498 apud
422 4432 510 4500 ipsam
536 4431 712 4501 comprobari
736 4431 820 4486 debet
845 4429 941 4498 culpa,
960 4445 1032 4500 quae
1057 4429 1147 4484 eidem
1172 4428 1301 4497 praebuit
1319 4427 1503 4484 occasionem.
