3350 5100
47 18 346 182 -ΙΙ
402 120 423 135 fl«

487 348 532 395 nn
555 348 695 398 runicus
718 350 961 400 cainrnmmus
1225 338 1292 405 259

108 472 414 557 praescriptionem
438 492 532 559 quam
557 475 628 539 iure
651 474 738 540 civili
759 491 847 541 rom.
872 482 904 541 et
928 452 1092 545 canonico
1122 500 1187 546 non
1218 500 1292 549 esse

110 599 317 665 constitutam
338 597 439 666 tradit
461 599 632 665 consultor
654 600 689 665 in
711 601 764 666 cit.
788 606 872 666 voto.
889 636 904 650 -
922 602 1135 670 Nihilominus
1150 606 1187 671 in
1216 607 1294 673 iure

108 742 182 789 can
198 721 365 787 habentur
381 740 505 807 poenae
516 722 592 806 ipsa
606 722 698 806 facto
714 724 948 799 incurrendae;
967 732 998 791 et
1015 727 1086 797 hae.
1104 728 1182 811 quin
1203 730 1296 796 insti·

110 852 217 913 tuatur
240 848 332 913 aetia
354 846 545 914 criminatis
555 848 790 931 persecutoria
800 866 944 931 paenae,
962 854 1204 918 nanciscuntur
1223 872 1296 939 pro-

111 974 213 1059 priam
228 974 469 1037 executionem.
486 972 654 1048 Quaerere
677 973 813 1059 proinde
835 982 990 1059 praestat,
1015 996 1056 1041 an
1081 976 1144 1043 bae
1169 997 1296 1063 poenae

111 1094 387 1179 praescribantur.
413 1095 521 1159 Porro
542 1096 597 1161 hic
619 1115 685 1160 non
708 1098 833 1181 agimus
858 1096 897 1162 de
921 1116 1025 1182 poena
1048 1117 1130 1182 quae
1155 1099 1295 1183 amplius

114 1220 191 1283 ferri
222 1238 292 1284 non
314 1224 420 1305 potest
442 1221 580 1284 crimine
609 1221 828 1307 praescripto:
853 1223 928 1306 quia
952 1242 1017 1286 non
1039 1224 1180 1307 suppetit
1210 1224 1297 1288 actio

112 1343 291 1409 criminalis
307 1342 504 1408 instituenda
517 1350 551 1409 et
566 1343 768 1429 expedienda
780 1364 839 1429 per
854 1346 1046 1411 sententiam
1064 1346 1297 1412 condemnato-

115 1467 202 1547 riam,
221 1484 341 1550 nempe
363 1464 404 1529 ad
427 1484 580 1551 poenam;
596 1463 654 1531 sed
670 1486 724 1532 res
746 1472 797 1531 est
819 1466 859 1532 de
883 1486 986 1553 poena
1009 1487 1092 1551 quae
1116 1468 1169 1533 vel
1190 1470 1296 1534 incur-

119 1589 214 1654 renda
228 1594 282 1655 eet
295 1590 372 1672 ipso
394 1589 480 1672 iura,
503 1590 610 1657 statim
634 1596 707 1676 post
728 1594 854 1657 crimen
880 1592 1052 1659 admissum
1078 1593 1202 1677 absque
1231 1592 1300 1658 ulla
1320 1653 1324 1665 ,

116 1715 276 1779 sententia
307 1715 549 1789 decimataria,
579 1716 633 1780 vel
663 1735 746 1799 quae
777 1722 827 1781 est
854 1717 874 1781 l.
898 1722 979 1783 sent.
1014 1717 1070 1783 sed
1109 1718 1299 1785 executioni

117 1839 341 1907 demandanda
371 1846 421 1905 est
446 1859 507 1925 per
532 1842 726 1908 sententiam
756 1840 1024 1909 declaraturam
1056 1843 1111 1925 (cf.
1140 1842 1218 1908 Vol.
1250 1840 1300 1908 ΙΙΙ

120 1985 150 2029 n.
171 1966 215 2031 70
237 1968 344 2051 seg.);
360 1966 413 2029 vel
428 1962 568 2048 denique
582 1962 624 2029 de
638 1984 745 2049 poena
768 1984 851 2049 qnae
875 1974 922 2033 est
944 1963 1071 2046 fiuent.
1091 1967 1155 2031 iam
1178 1964 1303 2033 inflicta

121 2110 176 2175 per
196 2094 394 2159 sententiam
417 2090 749 2157 condemnatoriam.
951 2170 955 2177 Ι

206 2220 244 2283 ln
269 2220 393 2303 primis,
416 2217 522 2301 quoad
552 2237 673 2303 poenas
699 2219 758 2283 tat.
781 2222 863 2284 sent.
885 2236 943 2282 seu
966 2219 1039 2301 ipso
1061 2215 1156 2298 sacta
1191 2218 1304 2283 incur·

125 2341 246 2423 rendae,
258 2343 453 2407 advertatur
474 2342 535 2407 has
556 2341 610 2407 rel
633 2342 823 2429 nepatioan
848 2342 901 2405 vel
920 2342 1088 2425 positivus
1103 2341 1156 2405 vel
1172 2340 1304 2407 minias

123 2486 198 2532 eme.
211 2468 370 2533 Profecto
386 2467 476 2532 nulla
487 2466 716 2551 praescriptio
731 2466 879 2531 invocari
896 2470 1001 2552 potest
1020 2466 1053 2529 in
1070 2466 1187 2552 poenis
1203 2483 1306 2552 nepa-

125 2591 204 2664 tiois,
216 2613 303 2678 quae
315 2592 436 2657 nullam
449 2591 655 2676 expostulant
669 2592 894 2657 executionem
911 2589 963 2656 vel
979 2589 1179 2656 sententiam
1197 2587 1308 2654 decta·

128 2719 289 2785 rator-iam
312 2716 354 2783 ad
377 2713 527 2782 effectum
550 2734 684 2801 poenae.
710 2715 810 2781 Hisce
832 2715 944 2801 poenis
971 2712 1198 2780 accensendae
1231 2716 1308 2776 sunt

127 2861 297 2925 amarae,
310 2861 394 2925 quae
417 2842 583 2928 proprium
607 2841 738 2922 habent,
755 2847 790 2907 ut
801 2845 881 2925 post
896 2839 1228 2907 condemnationem.
1246 2841 1309 2900 sta·

130 2965 181 3030 tim
199 2985 317 3034 secam
334 2965 473 3030 trabam
492 2965 735 3032 executionem.
753 2963 801 3030 Gt.
819 2962 895 3028 Vol.
912 2964 973 3036 111,
992 2982 1023 3028 n.
1040 2961 1094 3028 73.
1114 2997 1131 3008 -
1150 2961 1188 3025 In
1209 2955 1301 3042 posi-

132 3088 199 3154 tivis
218 3096 253 3158 et
273 3089 404 3162 micatis,
424 3108 508 3172 quae
522 3107 588 3154 non
610 3091 790 3154 sortiuntur
811 3089 1038 3153 executionem
1058 3087 1122 3152 nisi
1139 3103 1201 3172 per
1217 3081 1311 3146 mini·

131 3215 257 3280 sterium
281 3214 397 3280 iudicis
412 3219 484 3299 post
499 3212 619 3278 editam
643 3213 835 3280 sententiam
862 3211 1140 3282 declaratoriam,
1165 3207 1310 3293 quaestio

133 3343 179 3402 cst
198 3358 239 3403 an
260 3357 368 3424 poena
391 3337 592 3422 intelligatur
618 3337 830 3423 praescripta.
854 3334 972 3402 delicto
1004 3335 1066 3399 iam
1092 3332 1308 3419 praescripto.

138 3459 235 3529 Porro
264 3467 301 3528 in
331 3463 422 3528 hisce
447 3464 559 3548 poenis
590 3463 612 3529 l.
636 3467 719 3528 sent.
748 3459 955 3527 incurrendis
979 3459 1052 3543 ipso
1075 3458 1179 3542 facto,
1197 3453 1311 3520 iudicis

135 3585 358 3656 acueram-ia
372 3587 533 3652 sententia
548 3605 613 3651 non
627 3585 729 3650 infert
743 3603 881 3670 poenam
897 3583 952 3649 sed
969 3601 1105 3667 poenam
1135 3579 1232 3646 edicit
1248 3579 1310 3640 iam

140 3710 293 3778 incursam
320 3732 340 3777 a
369 3715 532 3776 momento
558 3712 678 3796 patrati
709 3709 869 3784 criminis;
903 3705 987 3773 unde
1010 3705 1101 3771 nulla
1132 3703 1312 3769 instituitur

136 3835 216 3903 actia
244 3837 445 3904 criminatis.
474 3837 555 3901 Data
581 3854 663 3900 vero
696 3833 956 3920 praescriptione
987 3831 1123 3896 actionis
1156 3806 1214 3893 seu
1244 3825 1312 3892 eri·

141 3960 240 4037 minis,
263 3964 434 4047 quaeritur
456 3981 498 4026 an
523 3963 566 4026 sit
587 3961 678 4027 locus
701 3961 880 4027 sententiae
904 3955 1155 4024 deciarmoriae
1179 3957 1211 4018 et
1233 3949 1313 4018 hinc

70 4091 74 4104 '
144 4103 254 4167 poenae
276 4087 478 4155 executioni.
500 4123 513 4134 ·
537 4087 610 4151 Non
633 4091 727 4172 pnt0;
752 4086 827 4168 quia
850 4083 896 4149 uti
924 4081 1141 4147 accessorium
1166 4077 1314 4160 sequitur

146 4211 326 4299 principale,
349 4214 396 4277 ita
417 4229 523 4298 poena
545 4210 672 4276 accedit
695 4211 841 4289 crimini,
866 4225 928 4293 quo
951 4209 1135 4293 perempto,
1159 4205 1191 4267 vi
1223 4221 1315 4289 prae·

145 4334 326 4418 scriptionis,
343 4339 495 4398 censetur
510 4338 678 4419 perempta
701 4352 760 4397 sen
782 4330 986 4415 praescripta
1001 4345 1107 4412 poena
1123 4343 1205 4409 quae
1222 4343 1314 4390 secus

147 4453 345 4524 inchoaretur
371 4457 497 4541 quando
525 4457 651 4523 crimen
676 4476 741 4522 non
765 4455 901 4540 amplius
929 4452 1083 4518 consistit.
1113 4451 1224 4534 Neque
1251 4447 1312 4512 dici
