3350 5100
514 334 559 380 nu
584 333 738 380 nunionis
761 333 805 380 uu
829 333 948 380 roams
1274 313 1316 379 19

146 477 213 525 non
235 459 426 524 convenit»
451 477 497 523 en·
519 476 594 540 cap.
618 457 653 530 2,
678 457 728 522 De
747 454 856 523 Oonst.
881 459 915 522 X
938 455 982 540 (l,
1005 456 1058 543 2);
1081 458 1138 522 sed
1162 456 1316 524 clericum

146 583 339 666 suspendere
362 588 467 669 potest
484 584 530 688 'ab
552 584 674 648 ordinis
697 585 865 665 exercitio,
889 602 1054 668 quousque
1075 601 1220 668 congrue
1242 601 1316 667 pro·

145 707 298 774 rideatur.
324 709 448 774 Verum
473 711 498 774 si
523 709 605 774 alius
628 711 733 774 estin
757 710 868 794 culpa,
893 709 947 773 vel
969 715 1123 794 patronus
1146 711 1199 792 qui
1224 727 1317 793 prae·

144 834 291 913 sentavit,
316 833 367 896 vel
392 833 569 916 Episcopus
588 831 772 912 coadiutor,
796 833 987 911 Auxiliaris,
1004 833 1056 915 qui
1079 832 1250 911 ordinavit,
1267 833 1319 896 isti

145 963 296 1022 tenentur
311 958 464 1022 alimenta
475 943 642 1041 praebere.
657 956 787 1031 Quodsi
803 961 871 1022 tum
884 957 1063 1041 Episcopus
1074 957 1237 1027 ordinans,
1251 964 1318 1023 tum

141 1087 298 1166 patronus
322 1087 546 1167 praesentator
569 1083 692 1147 luerint
714 1084 747 1147 in
768 1081 874 1166 culpa,
890 1086 1127 1166 praesentator,
1145 1084 1178 1145 in
1197 1084 1318 1166 primis,

142 1204 202 1270 hoc
225 1225 310 1270 onus
332 1205 439 1276 hebet,
468 1207 542 1289 quie
565 1207 633 1290 ipse
656 1213 868 1291 praesentans
895 1211 1048 1270 censetur
1077 1206 1237 1290 spondere
1260 1227 1319 1291 pro

140 1333 366 1412 praesentato3
390 1327 447 1393 sed
462 1329 640 1412 Episcopus
656 1328 731 1393 huic
746 1329 839 1393 oneri
854 1327 1059 1412 subrogatur,
1076 1349 1149 1394 cum
1165 1348 1320 1414 praesen-

139 1455 224 1518 tator
248 1453 405 1517 clericum
429 1453 518 1534 alere
542 1455 660 1535 nequit.

230 1579 414 1643 Praeterea
437 1597 477 1642 ea
499 1579 628 1643 articuli
651 1577 752 1643 verba
776 1613 794 1626 ·
811 1578 938 1663 absque
961 1579 1056 1646 titolo
1074 1613 1092 1626 -
1110 1576 1263 1650 efficiunt,
1286 1583 1322 1643 ut

142 1703 298 1769 ordinans
314 1699 447 1788 effugiat
458 1721 618 1785 poenam.
631 1704 657 1767 si
674 1702 877 1768 ordinaverit
892 1723 970 1770 cnm
985 1705 1080 1769 titulo
1096 1705 1243 1787 quemvis
1256 1722 1321 1766 non

143 1826 357 1911 undequaque
380 1825 566 1902 sufficienti;
583 1829 675 1891 iuxta
690 1827 836 1912 regulam
860 1828 940 1891 iuris
955 1827 1013 1911 (l);
1029 1827 1184 1912 siquidem
1201 1828 1234 1890 in
1250 1846 1322 1912 poe

146 1949 272 2015 ualibus
289 1948 376 2033 quod
400 1951 564 2014 minimum
588 1955 646 2022 est,
663 1951 836 2034 sequimur.
853 1952 898 2015 At
915 1955 1062 2035 superesi
1081 1951 1233 2037 obligatio
1248 1973 1320 2036 snp-

145 2076 252 2160 plendi
276 2076 402 2141 reditus
424 2074 621 2142 deficientes.

229 2201 305 2266 Hoc
328 2199 368 2264 de
393 2201 524 2267 clericis
540 2201 657 2283 laicis,·
680 2201 721 2266 de
735 2201 903 2287 relipiosis
921 2201 1077 2266 ordinatis
1100 2201 1220 2286 absque
1241 2202 1323 2289 legi-

148 2328 222 2390 timo
245 2327 352 2406 titulo,
369 2324 516 2390 decernit
538 2325 596 2390 sub
619 2346 651 2389 n.
671 2326 729 2396 IV,
755 2327 863 2391 Consi.
887 2323 954 2409 Ap.
971 2325 1069 2392 Seu„-
1088 2348 1106 2389 «
1122 2328 1324 2410 Suspenso-

148 2469 224 2516 nem
235 2468 454 2534 perannum
477 2469 500 2514 o
522 2450 700 2516 cubatione
718 2449 885 2515 Ordinem
900 2451 975 2533 ipso
992 2451 1074 2515 ‘inre
1093 2452 1248 2532 incurrit,
1265 2453 1325 2535 qui

146 2583 285 2659 eccepto
311 2594 393 2641 eaor
419 2576 559 2661 tepitimi
584 2574 774 2660 privilepii,
800 2576 955 2641 ordinem
978 2595 1122 2642 somnos·
1147 2577 1327 2643 contulerit

150 2698 278 2783 absque
303 2699 397 2765 titnlo
420 2698 570 2784 beneficii
592 2701 645 2765 vel
663 2700 868 2782 patrimonii
898 2700 1020 2766 clerico
1042 2701 1080 2764 in
1102 2700 1222 2784 aliqua
1251 2720 1327 2766 con·

146 2823 347 2909 proportione
375 2822 509 2896 biremi,
533 2823 571 2886 in
594 2842 664 2907 qno
686 2822 845 2889 solemnis
865 2821 1034 2904 professio
1058 2843 1129 2887 non
1151 2823 1324 2900 emittitur,

145 2949 193 3012 nel
218 2948 324 3013 etiam
352 2946 521 3032 Relipioso
544 2948 698 3014 nondum
713 2947 871 3029 professo
888 2968 918 3009 ».
937 2946 1080 3011 Proinde
1095 2948 1282 3032 Episcopus,
1298 2949 1325 3012 si

149 3073 295 3137 clericus
314 3069 501 3156 religiosam
528 3072 627 3135 vitam
659 3070 876 3155 derelinquet,
901 3073 1019 3136 ceteris
1049 3072 1198 3156 paribus,
1221 3074 1328 3137 teneri

150 3201 252 3280 potest
276 3195 319 3260 ed
344 3214 521 3280 congruam
545 3194 639 3259 huius
663 3193 773 3259 clerici
798 3196 1071 3259 sustentationem.
1089 3196 1137 3260 Gt.
1156 3197 1327 3261 Decretum

149 3320 178 3385 S.
194 3322 228 3386 G.
246 3320 319 3386 EE.
338 3325 370 3385 et
387 3320 457 3384 RE.
471 3318 495 3383 4
511 3318 596 3385 Νου.
613 3296 722 3400 18'92;
739 3320 1039 3385 etlnstructionem
1056 3320 1155 3405 (long.
1172 3320 1213 3385 de
1229 3322 1325 3404 Prop.

150 3445 236 3520 Fide,
267 3446 315 3510 De
338 3446 432 3510 titulo
455 3464 481 3510 s.
508 3444 742 3525 ordinationis,
767 3444 885 3509 editam
908 3446 963 3510 die
986 3444 1029 3534 17
1052 3446 1137 3528 Apr.
1162 3444 1259 3511 1871.

240 3570 293 3635 13.
319 3569 401 3643 Quia
430 3570 606 3655 Episcopus
637 3571 783 3655 graviter
810 3569 976 3653 delinquit,
1004 3570 1158 3635 ordinans
1188 3570 1328 3635 alienum

152 3694 314 3761 subditum
338 3693 458 3778 absque
481 3695 598 3759 litteris
622 3693 898 3775 dimissorialibus,
914 3694 1021 3760 Consi.
1037 3696 1102 3778 Ap.
1121 3695 1198 3760 Sed.
1209 3693 1330 3761 confir·

239 3921 281 3990 (l)
299 3921 372 3981 Quia
391 3922 420 3974 in
440 3921 532 3975 Gallia
551 3922 580 3975 in
598 3920 684 3974 saeris
703 3922 877 3976 conserendis
895 3922 1045 3987 ordinibus,
1058 3938 1119 3975 mos
1138 3921 1260 3975 invaluit
1274 3938 1330 3977 non

153 4027 314 4097 exquirendi
334 4028 457 4089 titulum,
470 4032 609 4098 quaerunt
622 4028 676 4079 lli).
689 4044 725 4081 an
744 4028 813 4082 haec
826 4027 997 4082 consuetudo
1013 4028 1141 4096 legitima
1156 4028 1210 4081 dici
1220 4028 1328 4092 veleat;

154 4137 182 4185 et
202 4134 324 4188 affirmat
345 4134 436 4189 Bouix
458 4135 500 4189 De
518 4134 666 4205 Episcopo,
685 4152 711 4203 p.
731 4134 765 4199 V,
784 4151 844 4203 cap.
870 4134 912 4198 15,
934 4138 952 4197 5
971 4133 1004 4197 83
1022 4138 1110 4203 negat
1130 4134 1270 4203 Gasparri‚
1288 4135 1330 4189 Dc

155 4252 224 4292 sacr.
238 4242 300 4293 ord.
318 4238 339 4305 l,
358 4257 385 4293 n.
398 4238 459 4293 614.
475 4269 486 4279 -
501 4238 605 4294 Verum
625 4238 815 4292 sacerdotibus
835 4237 1026 4306 indigentibus
1038 4239 1207 4308 prospicitur
1217 4258 1274 4310 por
1288 4240 1329 4293 les

157 4349 255 4401 coisses
274 4350 310 4402 de
327 4351 454 4412 ren-alte,
468 4348 510 4401 les
528 4349 631 4402 coisses
643 4346 824 4411 dioce'soines,
836 4349 866 4401 et
884 4345 1013 4414 Episcopi
1033 4362 1050 4399 a
1067 4348 1094 4399 S.
1109 4346 1138 4401 G,
1155 4347 1184 4399 G,
1203 4346 1331 4401 obtinere

158 4451 248 4505 solent
266 4452 405 4506 indultum
424 4452 570 4507 ordinandi
590 4454 695 4522 absque
713 4450 805 4505 titulo.
