3350 5100
653 320 864 370 minearum
886 322 921 367 v.
1308 302 1374 369 611

281 443 345 499 «V.
365 444 566 513 Interrogatur,
585 460 621 497 an
640 444 693 497 albi
714 458 764 513 pro
783 442 836 497 hoc
854 443 1019 497 testimonio
1036 442 1151 497 terendo
1168 443 1256 499 fuerit
1272 443 1379 515 aliquid

193 550 297 614 datum,
316 550 491 620 promissum,
510 551 656 605 remissurn
675 550 720 605 vel
739 549 867 605 oblatum
885 566 903 603 a
920 530 1086 605 contrahere
1104 550 1272 616 volentibus,
1284 549 1330 606 vel
1342 552 1380 605 ab

194 656 252 711 alio
270 659 393 727 ipsorum
413 658 537 714 nomine.

227 790 230 797 ·
282 778 301 817 c
319 763 365 817 Vl.
384 764 593 833 Interrogatur,
619 780 654 818 en
673 768 826 833 cognoscat
849 763 926 834 ipsos
949 762 1117 819 contrahere
1140 763 1285 828 volentes,
1308 766 1379 819 eta

192 874 299 941 quanto
317 874 451 941 tempora,
469 871 498 925 iu
517 887 573 942 quo
590 871 668 939 loeo,
686 888 743 943 qua
760 872 922 938 occasione,
940 876 970 926 et
987 871 1068 925 cuius
1084 870 1232 942 qualitatis
1249 869 1296 925 vel
1313 884 1380 925 cou-

192 977 307 1032 ditionis
324 978 455 1033 existant.
1017 960 1025 973 ⁹

281 1084 342 1141 <Si
358 1083 532 1154 responderit
549 1084 693 1154 negative,
712 1084 793 1139 testis
811 1084 984 1149 dimittatur3
1003 1086 1026 1139 si
1046 1100 1113 1140 vero
1131 1082 1306 1139 affirmative.

283 1191 371 1245 «Vll.
392 1190 593 1261 Interrogatur,
614 1207 649 1244 an
669 1189 836 1245 contrahere
855 1188 984 1247 volentes
1001 1190 1059 1244 siut
1077 1191 1153 1246 ciues
1172 1190 1216 1245 rel
1235 1190 1334 1247 exteri.
1347 1190 1377 1246 Si

192 1298 367 1369 responderit
386 1314 446 1355 esee
458 1304 579 1364 exteros,
592 1298 806 1368 supersedeatur
825 1298 853 1351 iu
871 1298 988 1352 licentia
1009 1296 1200 1366 contrahendi,
1222 1298 1309 1354 donec
1328 1314 1378 1368 per

192 1408 452 1465 litterasOrdiuam‘i
472 1408 595 1477 ipsorum
614 1406 780 1461 contrahere
794 1390 950 1461 volentium
968 1406 1104 1461 doceatur
1121 1404 1155 1461 de
1173 1422 1270 1461 eorum
1288 1406 1378 1463 libero

120 1543 124 1555 ·
191 1522 271 1571 statu¹
287 1516 321 1571 de
340 1531 373 1571 eo
392 1521 527 1584 tempore,
547 1530 602 1585 qno
625 1518 839 1583 permanserunt
859 1513 888 1567 in
907 1529 959 1567 sua
982 1512 1100 1567 civitate
1120 1511 1164 1567 vel
1183 1513 1314 1568 dioecesi.
1334 1513 1377 1566 Ad

192 1622 365 1693 probandum
378 1636 445 1677 vero
464 1620 623 1677 eorumdem
638 1619 803 1675 contrahere
815 1619 972 1675 volentium
985 1624 1090 1674 statum
1113 1619 1232 1674 liberum
1245 1636 1296 1689 pro
1308 1619 1377 1677 rell·

192 1748 248 1803 qno
261 1730 394 1800 temporis
405 1730 506 1799 spatio,
517 1728 627 1783 scilicet
640 1744 727 1799 nsque
741 1727 775 1781 ad
788 1731 899 1797 tempus
912 1744 968 1799 quo
979 1726 1079 1783 volunt
1090 1727 1266 1794 contrahere,
1278 1727 1378 1783 admit·

193 1840 293 1891 tantur.
308 1841 394 1891 testes
406 1835 507 1900 idonei,
520 1835 567 1906 qui
581 1832 709 1904 legitima
728 1837 757 1890 et
775 1834 975 1891 concludenter
986 1811 1127 1906 deponant
1138 1839 1245 1889 statum
1256 1835 1376 1891 liberum

191 1940 358 1995 contrahere
383 1938 552 2005 volentium,
583 1944 613 1995 et
637 1940 752 1995 reddant
782 1939 967 1995 sufficientem
992 1941 1131 1995 rationem
1154 1956 1256 1996 causae
1279 1957 1376 1997 eornm

191 2046 335 2113 scientiae,
342 2048 447 2117 absque
459 2062 493 2101 eo
505 2046 576 2117 quod
589 2051 740 2103 teneantur
752 2046 862 2101 deferre
875 2048 1072 2103 attestationes
1081 2047 1291 2102 ordinariorum
1303 2046 1378 2103 loco·

192 2166 262 2219 rum,
281 2150 310 2204 in
328 2150 430 2222 quibus
448 2149 614 2205 contrahere
631 2150 760 2207 uolentes
781 2166 888 2205 moram
908 2155 1062 2206 traxerunt.

280 2256 342 2312 «si
361 2272 428 2311 vero
447 2254 623 2325 responderit
641 2254 808 2311 contrahere
826 2256 955 2311 volentes
972 2272 1033 2311 esse
1050 2257 1135 2311 cives.
1157 2272 1164 2282 ·

279 2361 383 2419 «vul.
403 2363 595 2432 Interrogetnr
613 2365 665 2419 suh
684 2380 740 2435 qua
758 2364 891 2433 paroecia
908 2363 1046 2419 hactenus
1063 2364 1232 2420 contrahere
1248 2364 1376 2421 volentes

191 2469 356 2525 habitarunt
375 2468 418 2525 vel
438 2467 568 2525 habitent
587 2469 621 2525 de
641 2469 789 2541 praesenti.
1079 2476 1082 2480 ’

278 2579 377 2634 «Item
397 2595 432 2632 au
452 2578 511 2648 ipse
529 2579 612 2632 testis
630 2578 702 2632 sciat
720 2577 844 2649 aliquem
864 2595 900 2632 ex
924 2575 1076 2646 praedictis
1096 2577 1262 2634 contrahere
1280 2578 1377 2635 volen-

190 2685 266 2739 tibus
285 2685 450 2756 quandoque
469 2683 599 2739 hahuisse
625 2699 740 2740 uxorem
759 2685 805 2739 vel
831 2684 973 2750 maritum,
994 2687 1045 2737 aut
1068 2685 1223 2752 professum
1241 2685 1327 2741 fuisse
1344 2686 1375 2744 in

189 2791 285 2864 aliqua
309 2792 446 2861 religione
473 2792 637 2861 approbata,
655 2791 702 2846 vel
726 2791 881 2862 suscepisse
906 2791 1029 2863 aliquem
1054 2810 1088 2848 ex
1112 2791 1257 2848 ordinibus
1277 2794 1373 2861 sacris,

188 2897 418 2952 subdiaconatum
437 2895 554 2962 scilicet,
575 2897 767 2964 diaconatum,
788 2895 832 2953 vel
854 2897 1093 2968 presbyteratum,
1111 2898 1157 2954 rel
1176 2897 1281 2956 habere
1298 2899 1375 2954 alind

188 3003 427 3072 impedimentum,
446 3019 481 3058 ex
500 3019 555 3074 quo
573 3019 629 3058 non
648 3005 737 3073 possit
755 3003 884 3060 contrahi
903 3005 1122 3060 matrimonium.

277 3124 296 3165 s
310 3111 418 3166 Slvere
436 3109 517 3166 testis
536 3110 710 3181 responderit
728 3127 784 3166 noa
803 3110 934 3166 habuisse
948 3127 1065 3168 uxorem
1078 3112 1123 3168 vel
1136 3113 1269 3168 maritum
1283 3129 1375 3186 neque

188 3216 267 3271 aliud
288 3217 518 3285 impedimentum
538 3221 680 3286 utsupra.

277 3335 296 3379 tt
309 3323 356 3377 lx.
371 3322 564 3392 lnterrogetur
576 3324 610 3378 de
623 3339 707 3377 causa
720 3324 865 3392 scientiae,
876 3328 907 3379 et
918 3342 954 3378 an
973 3326 1012 3380 sit
1029 3324 1162 3395 possibile
1180 3325 1252 3398 quud
1271 3325 1375 3398 aliquis

189 3443 225 3483 ex
244 3427 301 3483 illis
326 3427 456 3483 hebuerit
481 3443 606 3496 uxorem,
624 3429 670 3484 vel
690 3429 830 3496 maritum,
848 3429 895 3484 uel
914 3429 991 3484 alind
1008 3430 1253 3501 impedimentum,
1271 3438 1324 3490 etc.
1343 3439 1373 3490 et

188 3535 263 3606 quod
282 3537 341 3606 ipse
360 3535 440 3591 testis
458 3537 574 3590 nesciat.

278 3656 296 3698 a
308 3642 338 3696 Si
356 3641 530 3711 responderit
549 3641 724 3707 affirmative,
743 3641 966 3712 supersedeatur,
978 3642 1032 3697 nisi
1045 3660 1080 3699 ex
1099 3644 1165 3699 aliis
1177 3643 1298 3700 testibus
1311 3660 1374 3715 pro·

189 3745 271 3799 betur
289 3745 487 3800 concludenter
505 3761 561 3800 non
579 3744 710 3800 habuisse
730 3761 846 3801 uxorem
858 3747 904 3802 uel
922 3748 1168 3818 maritumaeque
1187 3747 1277 3802 ullum
1295 3747 1372 3803 atiud

188 3849 428 3920 impedimentum,
448 3856 501 3907 etc.

279 3959 337 4012 ‹Si
357 3975 423 4014 vero
441 3959 618 4030 responderit
635 3960 775 4030 negative.

276 4065 346 4121 «X.
359 4065 551 4137 Interrogatur
570 4067 603 4123 de
621 4083 707 4121 cauae
725 4067 871 4135 scientiae,
889 4083 923 4123 ex
942 4084 1005 4140 qua»
1016 4067 1117 4124 deinde
1134 4069 1218 4125 iudex
1236 4070 1374 4142 colligere

187 4147 293 4242 poterit
311 4189 347 4226 an
361 4172 426 4226 testi
446 4173 484 4227 sit
502 4172 592 4228 danda
610 4173 687 4229 fides.

276 4278 337 4335 <Si
354 4279 530 4349 responderit
549 4280 715 4338 contrahere
733 4281 861 4340 volentes
879 4281 1011 4348 hahuisse
1029 4301 1145 4340 uxorem
1164 4286 1208 4342 rel
1227 4286 1372 4355 maritum,

185 4387 236 4443 sed
255 4403 315 4444 esse
333 4391 465 4442 mortuos.
