3350 5100
394 316 436 360 nn
461 314 599 362 romans
624 314 867 363 caruissemus
892 316 927 363 ru
952 315 1069 363 sreors
1257 295 1320 360 531

234 438 308 504 522.
334 438 444 503 Facile
465 440 631 503 evanescit
645 436 826 511 difficultas,
844 439 919 522 quia
933 436 1159 523 distinguenda
1175 441 1224 501 est
1240 435 1323 502 actio

141 564 321 627 coercitiva
344 583 367 629 a
389 564 466 628 inre
496 582 516 627 a
539 564 737 628 coercitione
767 562 811 629 ab
838 563 983 630 homine.
1012 562 1168 627 Nimirum
1199 579 1325 646 poenae

143 704 167 748 a
190 686 266 751 iure
290 686 346 751 tat.
362 690 444 751 sent.
462 686 579 770 quippe
602 687 815 751 incurrantur
837 686 912 768 ipso
935 684 1037 769 facto,
1054 684 1229 767 exquirunt
1253 689 1324 746 tan·

142 808 309 875 tummodo
335 812 552 897 cognitionem
580 812 745 895 praeviam
769 810 1004 878 declarationi.
1034 809 1137 874 ludex
1163 828 1243 874 vero
1265 808 1325 873 etsi

144 936 227 1002 nolit
250 934 349 1001 edere
366 934 550 1019 formatem
577 938 770 1001 sententiam
801 935 1079 1017 declaratomam,
1102 940 1210 1000 tamen
1233 936 1261 999 si
1285 934 1328 999 de

144 1059 237 1143 sacto
261 1059 402 1126 clericus
425 1062 477 1125 vel
494 1080 675 1127 censuram
699 1061 752 1125 vel
775 1062 1067 1149 irregularitatem
1089 1060 1230 1126 incurrit
1254 1054 1328 1123 effu·

147 1204 227 1269 gere
251 1204 314 1248 non
331 1184 419 1249 valet
443 1180 575 1251 effectus
594 1187 758 1267 poenales
782 1205 862 1269 quos
878 1186 945 1271 ipse
962 1186 1139 1270 Episcopus
1154 1184 1330 1268 cognoscat

148 1312 277 1394 oportet
291 1310 407 1394 quippe
423 1310 552 1375 eosdem
567 1310 724 1397 impedire
740 1330 805 1375 non
821 1310 919 1375 valet.
939 1345 956 1358 -
974 1307 1013 1374 In
1028 1312 1050 1392 ἓ
1065 1311 1082 1373 1
1099 1314 1205 1373 autem
1222 1325 1328 1373 sermo

147 1441 198 1499 est
222 1434 261 1498 de
284 1438 396 1519 poenis
418 1436 484 1518 fer.
507 1441 590 1502 sent.
616 1438 722 1502 ethis
746 1456 811 1502 non
843 1442 892 1502 est
913 1436 1004 1501 locus
1027 1434 1190 1520 pendente
1212 1434 1330 1499 iudicio

147 1559 248 1640 civili,
272 1558 329 1625 sad
353 1560 503 1626 remediis
522 1561 737 1643 provisoriis

240 1680 316 1745 523.
342 1682 440 1746 Hisce
473 1682 680 1767 praehabitis,
705 1684 899 1768 principium
926 1683 977 1748 cui
1009 1682 1092 1747 haec
1118 1680 1330 1766 praescriptio

147 1806 299 1871 innititur
329 1825 393 1870 non
418 1811 467 1871 est
490 1808 595 1871 minus
625 1812 846 1892 perspectum,
871 1805 1026 1889 siquidem
1058 1824 1163 1888 neque
1190 1802 1332 1888 prudens

149 1934 200 1996 est
223 1949 327 2013 neque
358 1935 608 1996 consentaneum
642 1950 714 1995 cum
737 1929 893 2017 dignitate
917 1928 1167 1997 Ordinariorum
1190 1926 1274 2012 quod
1297 1926 1332 1991 hi

149 2057 184 2117 in
201 2054 330 2119 clericis
346 2055 535 2119 coercendis
551 2055 710 2121 factorum
724 2058 941 2141 cognitionem
958 2033 989 2121 el
1004 2054 1227 2142 probationem
1244 2052 1333 2119 desu-

149 2181 242 2239 mant
264 2194 284 2239 a
307 2176 423 2240 iudicio
450 2177 557 2241 laicali
582 2176 664 2261 quod
693 2178 819 2242 nonnisi
845 2196 904 2262 per
927 2178 1151 2262 gravissimam
1181 2167 1334 2240 iniuriam

151 2304 329 2365 exercetur
352 2300 508 2385 quodque,
532 2321 598 2366 non
626 2301 743 2385 semel,
769 2310 818 2366 est
841 2302 970 2385 sequela
995 2302 1214 2367 calumniosae
1236 2319 1334 2366 accu-

151 2425 294 2489 sationis.
314 2460 330 2473 -
350 2426 500 2491 Attamen
518 2431 625 2510 posset
647 2440 719 2491 osse
742 2425 833 2491 locus
851 2426 1074 2493 dederationi
1098 2444 1257 2491 censurae
1280 2430 1336 2489 aut

151 2550 406 2635 irregularitatis
431 2553 493 2616 iam
517 2553 677 2627 incursae,
695 2553 740 2618 uti
765 2551 843 2617 dixi.
863 2588 879 2601 -
899 2553 1078 2617 Praeterea
1093 2553 1120 2617 si
1137 2553 1262 2616 crimen
1286 2558 1336 2614 est

151 2677 326 2748 notorium,
345 2681 378 2740 et
393 2675 533 2741 clericus
549 2682 598 2742 est
613 2676 825 2743 vehementer
841 2674 1023 2742 diffamatus
1036 2681 1115 2743 tunc
1132 2676 1335 2751 eudromius,

152 2805 257 2869 hisce
273 2805 441 2888 perpensis
465 2803 633 2877 adiunctis,
660 2805 691 2866 in
717 2803 872 2868 clericum
895 2802 1029 2868 adhibet
1052 2801 1195 2868 remedia
1217 2803 1338 2886 proci-

152 2928 250 2998 soria
272 2929 390 3001 veluti,
414 2927 559 3013 parocho
582 2927 756 3013 deputatur
779 2928 946 2994 coadiutor
971 2927 1028 2993 sed
1053 2948 1119 2994 non
1149 2931 1338 3016 irrogantur

153 3071 280 3138 poenae
295 3053 522 3119 vindicatione
538 3072 642 3137 neque
659 3053 801 3120 infertur
824 3073 964 3119 censura
987 3054 1043 3120 sed
1066 3053 1247 3139 praescribi
1265 3076 1337 3140 pos·

155 3183 230 3242 sent
246 3179 274 3242 ei
290 3177 487 3260 spiritualia
501 3177 666 3244 eoocrcttia
682 3185 717 3244 ut
732 3180 864 3245 interim
880 3179 1020 3246 clericus
1035 3179 1222 3245 scandalum
1234 3180 1339 3245 resarss

156 3303 233 3368 ciat.
244 3337 261 3350 ·
275 3303 308 3368 Si
320 3302 459 3368 clericus
471 3305 504 3367 in
518 3322 653 3368 carcere
666 3303 859 3376 detineatur.
873 3304 978 3369 media
988 3303 1187 3387 provisoris
1198 3307 1340 3372 maxime

156 3446 198 3493 eo
221 3431 370 3512 spectant
392 3432 428 3491 ut
451 3425 556 3491 officia
579 3427 631 3492 vel
654 3427 738 3492 bona
762 3427 877 3494 eccles.
894 3428 981 3493 forte
1004 3447 1024 3492 a
1048 3427 1170 3492 clerico
1193 3447 1341 3512 possessa

156 3551 387 3616 detrimentum
411 3570 476 3615 non
498 3553 673 3636 patiantur.

249 3674 324 3740 524.
351 3674 443 3738 Haec
459 3672 564 3738 media
580 3681 740 3740 vocantur
761 3673 956 3758 prooisoma
972 3673 1118 3758 opposita
1139 3673 1253 3758 poenis
1272 3672 1342 3736 cin·

160 3797 316 3864 dicatieis
347 3817 429 3882 quae
460 3797 598 3881 aliquam
627 3797 796 3882 poenalem
823 3797 1057 3882 privationem
1087 3797 1245 3881 irrogant.
1269 3791 1341 3859 Hae

161 3940 287 4006 poenae
303 3940 387 4004 quae
409 3920 602 3986 subaudiunt
622 3922 815 3988 sententiam
832 3920 1147 3988 condemnatoriam
1171 3939 1237 3984 non
1260 3918 1341 3983 inle-

160 4052 280 4112 runtur
303 4047 364 4110 nisi
388 4047 521 4131 praevio
545 4066 698 4132 processu
723 4047 890 4112 canonico.

253 4167 315 4233 Hic
338 4187 509 4252 processus
533 4169 642 4253 utique
659 4169 893 4237 oeconomicus
908 4164 1111 4254 significatur
1125 4187 1146 4230 a
1160 4164 1261 4232 allato
1277 4170 1342 4232 art.

161 4313 222 4379 per
249 4313 288 4358 ea
313 4293 433 4360 verba:
465 4294 672 4361 ordinarius
702 4294 846 4361 assumit
875 4293 1051 4360 onoroinosi
1075 4291 1160 4376 facti
1183 4288 1344 4376 cognitio·

161 4436 250 4482 neon.
276 4415 338 4482 Sed
362 4417 522 4503 pendente
546 4418 663 4485 iudicio
688 4417 793 4484 laicali
817 4437 860 4482 ne
884 4414 1078 4483 Ordinarius
1105 4413 1254 4480 videatur
1277 4413 1345 4497 ipse
