3350 5100
386 325 474 380 Quen
498 325 534 371 IN
560 324 682 371 TERTIO
705 324 884 373 VOLUMINE
909 323 1148 372 comitteretur<
1294 303 1361 369 655

173 450 332 518 plectuntur
351 446 639 501 excommunicatione
664 462 737 514 spec.
1063 446 1095 513 T

172 520 253 574 modo
265 520 356 588 Papae
366 534 477 581 resera,
488 532 550 586 pag.
564 517 624 571 516.
634 516 740 577 -Quid-

171 609 234 646 nam
250 592 408 661 requiratur
421 589 455 642 ed
469 588 540 642 hanc
551 589 739 643 excommuni·
851 588 976 641 Tuliom's
993 614 1031 627 -
1048 586 1103 653 lex,
1123 602 1185 655 pag.
1205 586 1249 639 88.

171 665 310 718 cntionem
330 660 534 725 incurrendam,
554 676 616 730 pag.
636 659 698 713 520.

851 730 1067 783 Tolernntr'a
1091 756 1125 769 -
1153 727 1358 782 haereticorum

226 806 353 859 Serui-
367 818 422 856 nou
434 802 579 855 ordinandi
590 806 664 864 sunt,
694 818 739 871 ag.
793 804 886 853 utrum
900 806 929 855 et
941 816 1078 872 quaenam
1096 800 1283 868 permittatur,
1297 814 1359 868 pag.

172 874 401 930 359.·Anetiam
409 818 738 943 serviglebae,pag.360.
792 870 853 925 489.
881 898 894 913 ·
918 871 1020 927 Utrum
1046 870 1159 926 scholae
1184 876 1213 925 et
1238 870 1360 937 collegia

244 998 247 1006 ,
791 944 880 997 mixta
890 957 925 998 ex
935 942 1082 997 catholicis
1090 948 1121 997 et
1129 941 1278 997 haereticis
1290 941 1361 996 tole·

227 1018 301 1141 80702'2'
319 1046 352 1057 -
372 1016 400 1069 in
417 1015 534 1069 crimine
546 1016 660 1085 quinem
673 1015 739 1080 sint,
793 1015 849 1067 rari
870 1015 984 1082 possint,
1004 1029 1068 1083 pag.
1086 1012 1147 1068 490.

174 1106 190 1158 p
851 1156 977 1211 Tolosae
987 1184 1020 1197 -
1030 1155 1171 1211 consumti
1184 1155 1295 1225 quando
1305 1154 1361 1223 pri·

225 1230 385 1284 «Sollicita
402 1246 436 1283 ac
471 1227 740 1283 rovitas—Con·
791 1244 868 1281 mum
893 1227 1013 1293 inducti,
1040 1244 1102 1297 pag.
1124 1226 1182 1283 129.
1206 1254 1220 1267 -
1240 1226 1360 1287 Quinam

172 1302 283 1355 stitutio
291 1300 391 1355 Beued.
404 1246 518 1365 dede
527 1315 645 1353 censura
655 1298 741 1352 libro·
792 1296 929 1363 dicantur,
950 1315 1011 1369 pag.
1034 1298 1093 1366 131,
1109 1298 1184 1369 (uide
1203 1313 1361 1353 excommu-

174 1390 245 1438 rum,
265 1390 326 1441 pag.
345 1372 475 1429 564-576.
792 1370 923 1439 nicetus).

227 1516 346 1569 Somnus
359 1544 393 1553 -
404 1518 518 1567 excuset
527 1529 544 1566 a
554 1511 665 1577 delicto,
676 1526 738 1580 pag.
851 1513 1057 1581 Tranupreesio.
1072 1541 1104 1553 -
1119 1511 1186 1574 Eius
1197 1512 1283 1576 notio,
1295 1525 1358 1579 pag.

173 1586 215 1639 45.
232 1614 246 1627 -
264 1586 464 1649 Somnambuli,
477 1583 654 1653 somniloqui,
672 1584 738 1637 ibid.
795 1582 836 1637 19.
857 1612 871 1625 ·
897 1583 994 1638 Differt
1017 1602 1035 1637 a
1058 1584 1177 1647 delicto,
1203 1599 1265 1651 pag.
1284 1581 1328 1635 66.
1348 1610 1360 1622 -

239 1652 243 1663 ’
792 1653 862 1715 Quid
883 1655 910 1707 in
931 1654 992 1709 lure
1011 1656 1078 1709 Cau.
1099 1670 1161 1723 pag.
1181 1655 1216 1707 20
1235 1660 1264 1707 et
1282 1654 1326 1707 67.

228 1728 320 1782 Status
335 1744 527 1799 personarum
538 1753 573 1768 -
585 1723 740 1796 quotuplex

174 1800 201 1851 in
222 1799 357 1863 Ecclesia,
376 1816 438 1869 pag.
458 1798 519 1862 239,
538 1807 610 1850 nuta.
1058 1834 1093 1900 U

228 1940 378 2011 suspensio
402 1968 439 1981 -
462 1939 542 2011 quid,
566 1937 741 2007 129231.-

174 2010 314 2075 Definitio,
334 2027 395 2080 pag.
415 2010 476 2063 232.
494 2038 507 2051 -
526 2008 625 2063 Differt
642 2026 659 2061 a
685 2008 741 2077 pri·
854 2011 1025 2080 Usurpontes
1044 2039 1077 2053 -
1092 2008 1312 2064 iurisdictionem
1325 2008 1358 2060 ad

173 2081 298 2148 vatione,
319 2098 336 2134 e
360 2081 548 2149 depositione,
570 2082 636 2134 ibid.
655 2078 739 2134 -Vel
792 2096 925 2150 personas
951 2082 1050 2137 eccles.
1079 2082 1265 2152 pertinentem
1293 2095 1360 2149 quc·

174 2167 291 2207 censura
304 2162 347 2207 est
359 2153 404 2207 vel
418 2169 514 2222 poena,
529 2170 591 2221 pag.
605 2152 673 2215 204,
686 2181 698 2192 -
710 2151 739 2205 in
793 2154 874 2206 modo
893 2154 1053 2222 puniantur,
1068 2170 1129 2222 pag.
1149 2152 1282 2216 516-5173
1295 2151 1360 2203 -di-

174 2223 273 2288 dubi0,
298 2240 364 2292 pag.
390 2222 458 2290 232,
477 2234 548 2278 notu.
566 2252 579 2263 -
598 2224 686 2277 Detur
704 2224 739 2276 ab
792 2224 898 2277 tionem
914 2225 1026 2279 civilem
1047 2225 1189 2279 Ecclesiae
1204 2224 1280 2277 Rom.
1295 2240 1358 2291 pag.

174 2293 278 2359 officio,
304 2312 366 2365 pag.
386 2294 446 2349 233.
469 2325 482 2336 -
500 2297 543 2349 An
570 2300 665 2350 teneat
691 2310 739 2361 pro
792 2294 927 2360 525-5283
945 2324 958 2339 ·
976 2297 1048 2350 bona
1072 2301 1122 2351 aut
1140 2295 1246 2350 reditus
1270 2293 1361 2349 eccie-

174 2368 302 2419 omnibus
326 2366 409 2431 locis,
428 2366 539 2431 officiis,
567 2383 628 2435 pag.
648 2365 708 2419 239.
727 2395 740 2406 ·
793 2366 930 2431 siasticos,
950 2384 1012 2436 pag.
1031 2368 1158 2421 516522

174 2436 226 2493 Vel
246 2458 263 2490 e
281 2438 427 2501 benefici0,
446 2454 508 2507 pag.
527 2437 580 2491 233
599 2442 628 2492 et
646 2438 707 2490 242.
727 2465 741 2477 -
910 2467 912 2472 -

173 2512 217 2562 Au
241 2511 279 2563 sit
304 2526 435 2575 censura,
456 2525 520 2579 pag.
546 2510 607 2564 244.
625 2536 638 2551 -
663 2507 740 2570 Quae
1059 2546 1094 2613 v

173 2581 244 2647 luca,
262 2583 398 2636 beneficia
420 2582 576 2651 pertingat,
597 2597 658 2651 pag.
678 2579 738 2632 243.

171 2681 183 2692 ·
202 2653 227 2706 Α
246 2652 362 2719 divinis,
382 2669 445 2722 pag.
465 2652 525 2706 233.
550 2653 604 2704 -Α
631 2649 740 2704 iurisdi-

172 2725 273 2788 ctione,
288 2741 349 2793 peg.
369 2723 430 2776 235.
449 2751 461 2762 -
479 2724 523 2776 Ab
535 2722 633 2777 ordine
650 2721 741 2790 ponti·
853 2722 1078 2794 Vapi-quibue
1092 2723 1188 2792 poenis
1200 2726 1359 2785 teneantur,

172 2794 246 2849 fioali
266 2804 295 2848 et
312 2796 348 2848 ab
368 2811 419 2847 usu
441 2793 656 2862 pontificalium,
677 2808 739 2861 pag.
794 2809 858 2862 pag.
882 2793 939 2848 148.

173 2865 225 2918 237
245 2871 274 2917 et
292 2864 353 2928 238,
370 2874 442 2918 nota.
460 2891 474 2904 ·
492 2867 517 2918 A
529 2865 666 2918 fructibus
680 2879 741 2932 per·
1187 2903 1191 2908 .

173 2935 316 3003 cipiendis,
329 2951 390 3004 pag.
405 2935 491 2987 245-
504 2936 547 2989 Ab
564 2935 741 2989 administra·
854 2936 993 2990 Violentus
1017 2953 1118 2990 manus
1141 2965 1175 2976 -
1200 2935 1359 2990 iniieientes

174 3006 258 3071 tione,
272 3022 336 3075 pag.
357 3007 418 3059 247.
435 3033 449 3048 -
467 3005 616 3075 suspensio
629 3006 663 3060 ed
675 3022 740 3060 cau·
792 3005 821 3060 in
841 3007 966 3070 elericos,
985 3012 1038 3062 etc.
1058 3008 1133 3076 (uide
1148 3008 1263 3061 canonis
1276 3008 1360 3076 priui-

174 3076 271 3141 telam,
292 3094 352 3147 peg.
372 3076 433 3132 239.
793 3075 919 3148 legium).

263 3150 307 3201 An
334 3153 430 3204 teneat
455 3163 586 3216 personas
610 3148 739 3214 morales,

173 3235 235 3288 pag.
256 3219 316 3271 247.
334 3247 348 3260 -
367 3219 479 3273 Violate
497 3219 641 3288 suspensio
661 3219 739 3274 indu·
852 3221 899 3274 Vis
916 3249 952 3260 -
970 3221 1044 3290 quid,
1058 3237 1121 3290 pag.
1141 3221 1182 3274 48.
1196 3250 1208 3261 -
1221 3225 1265 3274 An
1277 3220 1359 3275 detur

173 3291 212 3343 cit
224 3289 472 3360 irregularitatem,
485 3293 559 3358 (eide
571 3291 658 3358 ordo).
670 3319 683 3331 ·
695 3293 738 3344 An
792 3291 834 3346 vis
853 3291 1047 3357 irresistibilis,
1066 3309 1129 3362 pag.
1148 3293 1192 3347 50.

174 3362 211 3415 eit
240 3361 364 3416 invalide
391 3361 506 3417 collatio
536 3362 662 3417 ordinum
695 3381 740 3416 su-

173 3449 273 3502 spenso
289 3435 373 3499 facta,
393 3451 454 3503 pag.
475 3433 535 3488 240.
851 3434 962 3488 vitandi
978 3461 1015 3474 -
1038 3435 1195 3500 censureti,
1214 3450 1276 3502 pag.
1299 3433 1357 3486 130.

789 3532 803 3547 ·
813 3505 958 3567 Quaenam
969 3504 1071 3570 valide,
1083 3522 1221 3576 quaenam
1236 3504 1358 3558 invalide

228 3577 442 3646 Suspicionts-
453 3575 589 3646 exceptio,
601 3593 662 3646 pag.
680 3577 737 3629 146.
792 3581 888 3645 agant,
908 3593 970 3646 pag.
993 3576 1051 3631 131.
