3350 5100
324 280 391 345 368
836 298 920 347 rens
945 299 995 345 111.

325 422 436 487 forsan
459 423 642 487 recurrerit
664 428 719 486 aut
741 422 954 507 appellaverit
977 423 1156 505 inquisitus.
1175 456 1193 471 ·
1211 424 1277 487 Ista
1295 438 1376 485 vero
1399 422 1504 503 inqui·

326 547 399 610 sitio
423 566 486 609 non
504 545 651 611 redditur
669 545 826 611 iudicialis
843 548 903 611 nisi
920 546 1087 631 redigatur
1103 547 1136 610 in
1151 546 1290 611 formam
1311 543 1502 616 iudicialem,

231 647 235 652 ⁴
326 672 432 756 pronti
455 672 662 756 expostulant
683 692 818 737 normae
842 692 1024 757 processus,

416 798 490 864 298.
520 801 588 862 Art.
613 800 645 863 X
671 818 826 882 expresse
856 798 933 862 dicit
960 798 1087 883 quando
1109 800 1237 863 actione
1261 798 1401 863 iudiciali
1425 818 1504 882 opus

325 925 382 993 sit,
407 925 628 1008 praecipiens:
655 922 805 993 «Quum
826 922 971 1005 procedi
997 926 1152 1005 oporteat
1179 920 1406 987 criminaliter
1435 920 1505 985 sive

324 1045 542 1127 infractionis
561 1047 736 1131 praecepti
758 1051 818 1109 out
842 1046 1026 1110 criminum
1053 1044 1286 1111 communium
1316 1045 1368 1109 cel
1391 1044 1505 1129 lequrn

326 1170 494 1236 Ecclesiae
517 1169 709 1237 violationis
736 1188 856 1237 causa,
884 1186 1065 1251 processus
1096 1168 1216 1253 confici
1243 1172 1351 1249 potest
1381 1165 1505 1249 formis

258 1324 269 1343 ·
325 1296 525 1361 summoniti
547 1303 578 1361 et
593 1296 721 1380 absque
742 1296 862 1361 iudicii
883 1294 1036 1377 strepitu.
1061 1296 1205 1360 seruatis
1218 1312 1354 1376 seraper
1376 1294 1506 1380 reculis

326 1422 470 1485 iustitiae
491 1420 814 1487 substantialibus».
840 1420 1009 1485 Articulus
1032 1422 1137 1485 innuit
1159 1418 1331 1502 aliquando
1352 1424 1505 1504 oportere

326 1545 476 1609 iudicium
497 1548 682 1609 instaurare
700 1546 880 1611 criminale.
898 1552 993 1629 atque
1017 1530 1188 1609 adumbrat
1209 1564 1377 1631 supremos
1399 1562 1503 1613 casus,

326 1672 379 1752 qui
396 1670 639 1755 perpenduntur
654 1689 674 1734 a
689 1672 760 1734 iure
775 1672 948 1735 communi.
967 1670 1128 1734 Videlicet
1151 1690 1246 1753 quum
1264 1670 1353 1733 loeus
1368 1668 1506 1754 amplius

237 1830 242 1879 1
326 1814 397 1859 esse
419 1814 484 1859 non
509 1801 615 1880 potest
636 1795 749 1859 mediis
767 1796 1043 1878 praeservatiois,
1061 1796 1136 1877 quia
1159 1794 1283 1859 crimen
1308 1804 1357 1858 est
1372 1794 1434 1857 iam
1453 1812 1505 1877 pn-

325 1924 443 1983 tratnm
467 1936 572 2001 neque
595 1916 854 1983 medicinalibus
876 1916 1203 1998 eniratudieiantue,
1220 1919 1296 2000 quia
1315 1915 1505 2001 delinquens

326 2066 361 2110 se
391 2044 527 2131 praebet
557 2044 829 2129 incorrigibilem,
860 2051 938 2108 tunc
968 2063 1027 2127 per
1057 2044 1211 2108 iudicium
1243 2044 1434 2127 pervenitur
1465 2040 1504 2105 ad

327 2172 513 2237 coactivam
536 2171 681 2235 criminis
703 2170 952 2253 repressionem.

393 2296 609 2370 Quantnmvis
628 2314 688 2380 pro
707 2293 874 2359 hodiernis
898 2295 1062 2359 curiarum
1082 2294 1251 2359 adiunctis
1268 2292 1394 2357 formae
1416 2310 1505 2357 surn-

327 2421 460 2485 rnariae
482 2440 653 2504 processus
675 2421 740 2483 sint
762 2420 865 2503 magis
881 2418 1025 2497 idoneae,
1043 2417 1144 2481 nihilo
1161 2418 1265 2482 sacius
1282 2422 1376 2481 caute
1392 2415 1504 2480 aduer-

326 2548 415 2612 titnr.
441 2565 628 2629 processum
651 2544 832 2610 iudicialem
858 2540 930 2609 fleri
952 2542 1080 2628 absque
1102 2542 1244 2625 strepitu
1276 2540 1332 2606 sed
1362 2540 1505 2606 inuam

327 2672 454 2756 reculis
476 2659 623 2736 iustitiae
645 2669 971 2750 fundamentalibus,
989 2639 1028 2733 et¹
1044 2669 1103 2732 has
1127 2669 1259 2752 regulas
1282 2665 1423 2750 explieat
1446 2685 1505 2749 per

328 2816 478 2881 suprema
500 2771 698 2860 lineamenta
721 2802 833 2858 nostra
856 2795 1043 2861 Instructio.

416 2919 491 2984 299.
516 2923 588 2984 Art.
613 2921 662 2984 Xl
687 2927 857 2984 enumerat
887 2917 1032 2982 diversos
1063 2917 1172 2982 modos
1203 2914 1317 2999 quibus
1348 2916 1506 2997 cc'ntingit

329 3045 502 3109 instaurari
520 3043 700 3108 iudicialem
717 3063 912 3128 processum,
930 3043 1099 3106 nimirum:
1126 3039 1307 3108 Processus
1321 3038 1505 3104 instruitur

328 3187 372 3232 nx
397 3185 536 3235 cruneio.
561 3173 623 3232 aut
644 3168 681 3231 in
703 3168 877 3250 sequelam
908 3185 1079 3232 suppnlcls
1112 3183 1246 3230 erenum
1271 3170 1303 3230 et
1325 3181 1504 3236 cunensis

328 3297 387 3356 aut
409 3311 570 3357 uorrrme
592 3292 660 3358 alic
684 3293 785 3358 niodo
809 3312 832 3356 a
855 3294 952 3358 curia
978 3291 1110 3356 habitae
1133 3291 1234 3355 etad
1256 3291 1359 3374 [inem
1378 3288 1505 3372 perdu-

328 3418 425 3494 citur,
442 3436 480 3482 eo
501 3415 640 3482 consitio
664 3421 701 3480 ut
717 3417 811 3482 omni
826 3417 937 3482 studio
954 3423 1056 3500 atque
1070 3415 1257 3498 prudentia
1273 3413 1399 3479 ceritas
1414 3413 1503 3478 dete·

327 3547 430 3626 catur
453 3546 484 3604 et
507 3541 652 3626 aequitio
677 3546 750 3605 turn
773 3541 928 3605 criminis
951 3546 1023 3606 turn
1045 3539 1176 3604 reitatis
1204 3544 1263 3602 aut
1292 3537 1504 3604 innocentiae

329 3663 477 3730 accusati
500 3661 692 3730 obtineatur
707 3685 738 3726 ».
757 3663 826 3727 Hos
843 3662 951 3726 modos
971 3662 1037 3727 late
1051 3662 1284 3746 explicavimus
1300 3661 1332 3724 in
1345 3661 1503 3745 prolequ-

328 3789 445 3854 rnenis.
465 3789 634 3853 Docuimus
651 3789 780 3873 procedi
798 3807 843 3853 en
858 3787 976 3871 officie,
993 3808 1089 3870 quum
1107 3789 1276 3852 occasione
1292 3786 1505 3870 inquisitionis

327 3913 496 3999 pennatis
520 3914 624 3977 oritur
648 3913 824 3977 necessitas
855 3912 1069 3993 inquisitionis
1099 3911 1256 3993 specialis
1280 3915 1312 3974 et
1334 3910 1504 3991 ,medatis-

328 4035 443 4098 simae
473 4033 663 4098 Proceditur
687 4037 718 4097 in
743 4034 905 4117 sequelam
930 4033 1093 4127 supplicis¹
1109 4033 1220 4104 libelli,
1241 4052 1334 4115 quem
1360 4033 1505 4117 porregit

328 4159 549 4224 denunciatur.
569 4193 586 4206 -
604 4159 753 4222 Habetur
775 4161 908 4244 proprie
932 4157 1017 4222 dicta
1040 4159 1180 4241 querela
1199 4177 1296 4240 quum
1321 4156 1360 4221 de
1380 4159 1418 4220 iis
1438 4159 1504 4222 cri-

330 4282 465 4347 minibus
488 4284 604 4368 agitur.
629 4285 682 4366 qui
708 4302 771 4346 non
799 4283 933 4348 subsunt
956 4285 1171 4366 persecutioni
1196 4283 1356 4347 criminali
1380 4282 1441 4346 nisi
1464 4280 1504 4345 ad

329 4407 526 4472 instantiam
546 4408 667 4490 partis,
692 4407 789 4472 veluti
805 4408 846 4472 ob
862 4407 1140 4491 diffamationem.
1159 4408 1336 4500 -Denique
1358 4407 1505 4472 innuitur
