3350 5100
555 328 600 374 nu
623 326 763 375 runicus
786 324 1032 373 cnrnrnnmaus
1319 306 1385 371 269

206 450 382 517 criminosi
404 456 435 516 et
458 450 714 516 conclusionum
738 448 934 515 habitarum
957 448 1005 513 ad
1034 448 1253 513 retinendum
1285 468 1386 513 occu·

205 582 317 642 solum
334 577 556 642 criminosum
567 577 775 661 lapsumque,
783 576 820 639 in
830 574 993 640 relativas
1000 592 1133 657 poenos
1146 575 1330 640 canonicos
1344 594 1386 657 ›;

206 708 272 766 art.
294 701 361 767 27.-
378 720 397 763 ‹
415 700 526 771 Quum
540 705 718 767 accusatus
734 701 795 765 loli
811 700 912 766 modo
925 698 1028 781 plene
1045 704 1225 782 coacescat
1240 718 1281 764 eo
1297 718 1388 784 quae

205 827 243 891 in
265 827 349 891 actis
371 831 490 891 extant
512 831 633 892 contra
653 826 844 906 canadam
867 824 1075 906 respondere
1094 828 1204 905 polest
1227 825 1288 889 sed
1310 824 1388 889 iure

206 949 308 1016 etiam
331 969 367 1015 se
389 949 597 1033 defendendi
615 950 923 1033 persemetipsum
945 950 995 1013 uli
1018 950 1106 1013 ualet
1122 970 1153 1011 ».

295 1068 371 1137 200.
389 1074 488 1137 Hisce
509 1074 657 1137 articulis
671 1092 738 1136 non
752 1078 877 1139 tantum
893 1071 1127 1158 praescribitur
1142 1076 1235 1137 actus
1259 1077 1291 1136 et
1305 1076 1385 1137 tem-

207 1215 266 1279 pus
282 1194 535 1267 contestationis,
548 1193 605 1259 sed
628 1214 694 1259 non
717 1194 855 1259 obscure
872 1190 1097 1278 significantur
1115 1192 1284 1275 qualitates
1305 1210 1387 1274 quae

207 1320 453 1403 expostulanlur
467 1339 488 1383 a
507 1320 746 1386 contestatione
762 1325 798 1383 ut
812 1319 896 1385 haec
912 1318 1106 1403 respondeat
1123 1318 1272 1382 iustitiae.
1289 1317 1387 1381 bimi-

209 1464 280 1507 rum
294 1442 390 1508 debet
404 1442 552 1509 tribuere
567 1450 718 1508 accusato
733 1463 791 1508 seu
803 1443 954 1526 inquisito
969 1442 999 1527 1)
1012 1443 1153 1525 plenam
1171 1442 1387 1507 accusationis

207 1567 422 1650 cognitionem
445 1571 479 1632 et
500 1565 596 1631 debet
618 1587 689 1631 esse
712 1566 746 1649 2)
763 1566 960 1649 tmizpcstioo
983 1585 1098 1650 nempe
1115 1565 1199 1629 lacta
1218 1586 1256 1629 eo
1276 1565 1385 1629 iudicii

208 1695 369 1755 momento
393 1710 455 1775 quo
478 1690 585 1755 adhuc
607 1696 760 1755 accusato
782 1690 924 1774 suppetit
947 1691 1040 1775 copia
1063 1689 1271 1753 defensionis.

297 1814 592 1901 Quoadjprimum,
608 1821 814 1900 perspectum
830 1822 879 1879 est
895 1814 975 1879 iuris
999 1814 1158 1879 naturalis
1179 1820 1387 1899 praeceptum

208 1957 324 2023 nempe
345 1944 531 2003 accusatum
555 1959 621 2002 non
644 1959 737 2024 posse
761 1938 971 2004 condemnari
1001 1940 1062 2002 nisi
1089 1940 1192 2021 plene
1223 1938 1386 2003 conscium

208 2060 424 2125 accusationis
438 2065 471 2123 et
486 2059 564 2123 hinc
586 2060 751 2145 legitimae
774 2078 852 2124 suae
876 2060 1056 2125 defensioni
1072 2065 1232 2144 paratum,
1251 2058 1308 2125 sed
1322 2078 1387 2123 non

210 2187 314 2250 minus
335 2206 493 2270 expressa
516 2192 567 2252 est
589 2186 803 2271 praescriptio
826 2186 881 2250 cit.
904 2190 969 2249 art.
986 2184 1046 2256 27,
1069 2191 1101 2249 et
1125 2183 1387 2269 praecedentium

209 2310 431 2375 articulorum.
449 2312 500 2375 Ita
515 2315 580 2375 ort.
598 2310 650 2374 22
672 2314 823 2375 caretur:
842 2329 859 2371 s
878 2308 1104 2389 incitatione,
1121 2308 1387 2391 nisiprudentia

209 2437 246 2501 id
268 2442 361 2518 vetet,
385 2441 608 2519 moriuntur
621 2437 652 2501 ei
668 2438 848 2517 (accusato)
865 2454 933 2501 ran
949 2454 1132 2501 expansum
1156 2434 1388 2500 accusationes

210 2563 375 2628 aduncus
394 2583 473 2628 eum
488 2563 630 2628 collatae
652 2569 689 2626 ut
709 2563 836 2646 parari
858 2563 971 2627 valeat
994 2562 1041 2626 od
1063 2560 1342 2642 respondendum
1355 2581 1386 2624 i.

210 2688 320 2764 Quare
330 2689 357 2752 si
370 2690 403 2753 in
417 2687 528 2752 libello
539 2689 689 2753 citatorio
701 2687 807 2769 hodie,
819 2687 860 2752 ad
873 2675 1110 2772 praescriptum
1123 2691 1188 2750 ort.
1202 2684 1254 2756 nl,
1268 2689 1303 2748 ut
1317 2685 1387 2770 plu-

210 2816 422 2898 1·imu1n,ope
451 2812 696 2877 tabellariorum
726 2810 983 2885 transmittenda,
1012 2809 1183 2894 aliquando
1215 2809 1388 2894 prudentia

209 2938 330 3012 suadet,
347 2958 389 3002 ne
405 2937 595 3004 referantur
608 2937 825 3002 accusationis
841 2935 968 3021 singula
984 2937 1098 3020 capita.
1113 2941 1221 3000 tamen
1236 2935 1319 2998 haec
1335 2955 1387 2998 ce-

210 3062 307 3128 landa
322 3081 388 3126 non
410 3067 486 3127 sunt
508 3068 660 3127 accusato
683 3080 780 3145 quum
803 3061 889 3125 sistit
911 3079 1021 3125 coram
1044 3058 1150 3124 iudica
1174 3077 1390 3144 responsurus

210 3189 279 3253 eius
302 3185 622 3272 interrogationibus.
882 3265 887 3278 .
1109 3257 1112 3262 ,

299 3311 412 3387 Quoad
435 3312 633 3384 secundom,
657 3329 774 3395 nempe
797 3309 882 3393 quod
909 3309 950 3374 ad
974 3310 1207 3392 tempestiuam
1230 3314 1390 3374 contesta-

210 3432 350 3517 tionem‚'
367 3443 463 3525 caute
492 3435 620 3500 adverti
649 3434 755 3505 debet,
786 3441 854 3500 tum
885 3436 1197 3518 terminumque,
1222 3439 1289 3500 tum
1320 3439 1388 3498 ter·
1455 3493 1459 3502 .

211 3561 316 3624 minus
337 3560 386 3624 od
408 3578 519 3643 quem.
536 3559 608 3623 Non
624 3557 723 3622 semel
748 3558 835 3622 enim
858 3561 1037 3628 accusatus,
1052 3557 1114 3620 nisi
1138 3556 1261 3620 certior
1277 3553 1334 3618 flat
1348 3553 1390 3618 de
1475 3529 1478 3536 Δ

209 3685 416 3748 accusatione
431 3683 506 3748 dum
521 3682 628 3746 adhuc
643 3683 672 3747 ei
689 3686 819 3767 praesto
837 3685 913 3746 sunt
928 3679 1125 3745 detensionis
1141 3680 1256 3752 media,
1274 3677 1389 3743 deinde

210 3815 361 3873 versatur
383 3810 417 3880 in
440 3805 628 3872 difficillima
650 3805 832 3872 conditione
856 3810 890 3870 et
912 3806 1071 3890 premitur
1094 3805 1203 3888 inopia
1218 3823 1389 3888 argumen-

210 3938 317 3997 torum
347 3952 424 3997 suae
454 3931 660 3996 defensionis.
689 3930 801 3994 Veluti
826 3931 853 3994 si
878 3929 1017 3994 clericus
1048 3927 1232 4012 postuletur
1261 3927 1300 3992 de
1329 3930 1390 3992 cri·

211 4056 298 4120 mine
319 4058 406 4141 turpi
423 4062 455 4120 et
470 4057 563 4120 curia
586 4054 660 4119 dum
683 4054 818 4137 inquirit
840 4057 1014 4138 cognoscat
1030 4051 1109 4118 duos
1125 4052 1262 4116 veltres
1278 4050 1392 4116 adesse

209 4185 309 4245 testes
332 4181 386 4264 qui
409 4179 591 4245 defensioni
614 4179 725 4243 clerici
757 4179 919 4242 inservire
942 4181 1076 4262 possunt
1107 4181 1140 4241 et
1170 4176 1203 4240 hi
1234 4175 1287 4240 vel
1316 4181 1391 4240 sunt

212 4305 382 4389 migraturi
413 4306 446 4369 in
474 4304 601 4370 dissitas
628 4305 780 4389 regiones
806 4303 859 4366 vel
890 4302 1003 4367 mortis
1034 4301 1179 4386 periculo
1209 4303 1285 4366 sunt
1314 4321 1390 4386 pro-

211 4431 302 4504 ximi,
318 4431 344 4494 si
368 4431 458 4494 curia
481 4449 546 4494 non
568 4429 702 4494 festinet
725 4429 962 4494 accinctionem
987 4427 1162 4493 contestari
1184 4401 1391 4491 demadem
