3350 5100
327 292 393 355 358
842 312 924 357 ruiis
948 312 997 357 111.

327 434 546 499 admonendus
569 444 666 499 antea
680 438 821 500 examini
837 438 1001 501 subiectus
1019 456 1080 499 non
1099 438 1167 505 tuit.
1185 444 1290 500 tamen
1316 436 1389 501 dum
1406 456 1502 503 voca-

325 568 380 627 tur
401 562 441 625 ad
465 562 657 627 audiendum
674 563 858 647 Superioris
875 562 1008 627 verbum
1027 562 1077 625 rel
1102 570 1192 627 certo
1216 566 1276 627 scit
1302 584 1369 627 rem
1387 563 1503 647 quade

326 695 441 772 agetur
463 695 520 751 ant
542 689 575 751 in
599 690 752 752 citatione
774 690 899 752 certior
913 686 948 753 fit
965 689 1016 753 vel
1033 690 1064 753 in
1082 690 1150 772 ipsu
1172 696 1247 753 actu
1272 690 1464 754 monitionis.
1484 723 1501 736 -

328 812 399 875 Hoc
414 819 507 896 pacto
523 812 601 889 dixi,
618 814 717 897 ipsam
734 813 952 879 irionitionem
970 814 1130 877 inservire
1147 816 1276 879 veritati
1293 812 1501 899 detegendae,

415 936 906 1021 288.ua10fat0.anquand0
939 942 970 1001 in
1003 941 1129 1002 irritum
1154 938 1275 1004 eadunt
1297 940 1501 1013 monitiones

326 1062 413 1125 etad
430 1064 585 1146 graviora
609 1064 751 1127 remedia
775 1063 967 1128 veniendum
984 1070 1041 1127 est.
1061 1100 1075 1111 -
1094 1062 1186 1128 lubet
1203 1070 1263 1127 art.
1282 1064 1358 1129 Vii.
1380 1086 1397 1123 ‹
1416 1062 1502 1133 Qua·

327 1192 423 1251 tenus
445 1187 680 1269 infructuosae
701 1190 904 1253 monitiones
927 1190 1074 1255 eradant
1098 1188 1303 1255 ordinarias
1330 1188 1501 1271 praecipit

326 1312 444 1377 euriae
472 1318 510 1375 nt
540 1312 749 1397 delinquenti
780 1314 967 1398 anatopum
991 1314 1193 1399 iniunpatnr
1220 1318 1442 1395 praeceptum
1463 1311 1500 1379 in

326 1456 393 1521 qno
409 1438 607 1503 declaratur
622 1438 705 1521 qaid
720 1438 829 1502 eidem
850 1438 1023 1523 apendum
1039 1446 1098 1501 aret
1114 1439 1336 1504 omittendam
1359 1439 1401 1503 sit
1424 1456 1501 1503 anm

325 1562 562 1644 respondentis
581 1581 714 1644 poenae
729 1564 973 1628 eedesiasticae
989 1564 1250 1629 comminatione
1265 1582 1370 1649 qnam
1387 1564 1500 1629 ineur-

326 1692 377 1751 ret
400 1686 437 1750 in
460 1706 542 1752 casu
566 1658 846 1771 transpresaionis
869 1708 900 1751 ».
927 1688 1048 1752 Forsan
1075 1688 1221 1753 videmur
1244 1708 1303 1751 nos
1327 1706 1501 1772 praeoccu-

326 1829 419 1894 passe
435 1810 497 1875 hoc
513 1812 701 1891 remedium,
713 1814 831 1897 quippe
848 1815 1009 1897 posuimus
1025 1814 1188 1877 monitioni
1205 1814 1390 1879 canonicae
1401 1811 1503 1897 iepaii

325 1935 419 2000 adiici
441 1956 532 2021 posse
548 1939 747 2002 sanctionem
769 1938 935 2023 poenalem
954 1940 986 2001 in
1002 1956 1077 2003 casu
1094 1938 1372 2023 transgressionis.
1393 1938 1500 2020 Atqui,
1524 1966 1526 1971 ·

325 2062 350 2125 si
376 2062 438 2126 hoe
460 2058 526 2135 fiat,
549 2081 630 2126 cum»
646 2063 831 2129 monitione
845 2065 1053 2149 coniungitur
1071 2069 1295 2148 praeceptum
1311 2070 1343 2127 et
1358 2062 1421 2126 hoc
1436 2080 1502 2125 ser·

324 2206 405 2251 vare
429 2186 508 2250 nihil
532 2186 693 2272 prohibet,
717 2190 781 2252 imo
804 2168 866 2253 ho'o
890 2195 1034 2274 praestat
1059 2188 1169 2253 facere
1192 2208 1288 2272 quum
1316 2189 1378 2251 iam
1406 2188 1501 2251 irrita

325 2315 460 2377 cesserit
481 2312 621 2378 monitio
643 2318 801 2396 paterna.
822 2348 838 2361 ·
854 2312 954 2377 Secus
978 2315 1004 2377 si
1030 2332 1136 2378 reruni
1161 2312 1313 2377 adiuncta
1336 2330 1502 2396 persuaso

326 2436 391 2497 rint
413 2440 448 2498 ot
471 2436 596 2498 initium
620 2434 798 2499 haberetur
821 2455 842 2498 a
863 2436 1049 2501 monitione
1071 2456 1145 2501 can,
1171 2434 1281 2519 lepaii.
1309 2470 1326 2482 -
1349 2434 1499 2501 Ceterum

325 2579 418 2624 nemo
432 2581 495 2625 non
507 2560 596 2624 'ridet
607 2565 830 2644 praeceptum
844 2561 1004 2626 adnexum
1021 2561 1200 2627 arronitioni
1214 2561 1352 2625 formam
1366 2559 1501 2625 induere

324 2683 564 2769 benigniorem
588 2705 682 2768 qnam
706 2691 813 2750 tamen
836 2685 992 2751 adhibere
1010 2706 1071 2751 non
1089 2685 1257 2771 expediret
1280 2687 1404 2768 quoties
1427 2684 1500 2749 sub·

325 2808 407 2873 ditus
424 2811 487 2874 iam
503 2808 629 2874 dederit
643 2779 723 2874 talia
737 2812 959 2875 contumaciae
975 2811 1123 2896 exempla
1139 2817 1175 2875 nt
1193 2830 1254 2874 non
1271 2809 1387 2875 deceat
1401 2808 1501 2873 verba

324 2935 480 2999 solemnia
503 2934 688 3019 impendere
711 2937 957 3002 exhortationis.

414 3057 568 3142 Equidem
597 3066 782 3142 praecepio
813 3079 942 3144 semper
973 3059 1207 3146 praemittenda
1238 3066 1286 3123 est
1317 3059 1500 3123 necessaria

323 3181 406 3263 facti
427 3183 568 3267 cognitio
589 3189 622 3247 et
644 3183 763 3248 nullius
788 3184 908 3278 valoris
931 3189 980 3248 est
995 3191 1218 3266 praeceptum
1238 3183 1356 3250 editum
1379 3183 1500 3264 absque

324 3315 415 3372 certa
436 3308 520 3389 facti
544 3311 666 3374 notitia.
691 3315 726 3373 ut
748 3329 825 3374 ecee
850 3310 889 3372 de
913 3309 1056 3394 periculo
1076 3310 1241 3392 promimo
1264 3329 1326 3392 qno
1351 3313 1500 3372 versatur

324 3434 463 3498 clericus
490 3433 706 3516 delinquendi.
731 3435 789 3497 nisi
818 3433 937 3516 aliquid
967 3436 1091 3499 omittat
1117 3439 1173 3499 aut
1196 3433 1338 3508 deseras
1363 3432 1414 3496 vel
1439 3433 1499 3494 nisi

324 3566 449 3624 constet
479 3561 521 3624 de
552 3577 697 3641 corpore
724 3559 836 3625 delicti
861 3579 955 3642 quum
983 3560 1044 3623 hoc
1067 3563 1228 3642 patratum
1256 3559 1297 3620 sit
1324 3562 1357 3622 et
1382 3563 1500 3631 aretur

323 3684 363 3750 de
379 3705 417 3749 eo
435 3684 627 3769 reparando.
647 3685 770 3748 Verum
788 3685 992 3748 necessariae
1009 3682 1159 3748 absolute
1175 3703 1237 3746 non
1258 3689 1331 3746 sunt
1348 3682 1500 3765 praeviae

323 3811 525 3876 monitiones
556 3811 748 3876 canonicae.
774 3810 909 3891 inquam
938 3843 953 3854 -
979 3808 1129 3874 annotate
1154 3843 1171 3855 -
1196 3809 1270 3891 quia
1293 3805 1369 3889 fingi
1394 3811 1501 3890 potest

323 3955 416 3999 casus
432 3955 494 4019 qno
519 3936 658 4000 ctericus
674 3935 735 3996 iam
754 3935 877 3996 crimen
902 3934 1083 4016 patraverit
1106 3939 1140 3995 nt
1157 3929 1231 4015 puta
1252 3931 1500 3994 fornicationem

323 4065 355 4122 et
377 4060 418 4121 sit
441 4059 612 4122 ridiculum
634 4057 721 4120 illurn
740 4075 873 4120 monere
896 4060 936 4120 de
962 4027 1177 4138 risipiscentia
1193 4054 1251 4117 nisi
1278 4057 1308 4118 in
1334 4053 1446 4137 primis
1470 4052 1501 4116 ei

322 4180 378 4245 iat
402 4183 650 4266 peremptorium
682 4186 902 4263 praeceptam
930 4178 1172 4261 derelinquendi
1207 4187 1329 4242 certam
1360 4178 1499 4242 domurn.

324 4313 472 4372 Attamen
497 4327 569 4370 cum
594 4305 788 4372 Ordinarius
816 4305 925 4369 statuit
948 4305 1113 4388 applicare
1132 4308 1365 4386 praeceptum,
1392 4307 1501 4387 utpute

323 4433 460 4515 primurn
475 4431 634 4495 idoneam
648 4431 845 4497 remedium,
861 4431 1011 4495 citatione
1025 4429 1115 4492 trino
1127 4429 1178 4524 rel
1192 4449 1256 4494 nna
1266 4427 1500 4509 peremptoria
