<?xml version="1.0" encoding="UTF-8"?>
<!DOCTYPE html PUBLIC "-//W3C//DTD XHTML 1.0 Transitional//EN"
    "http://www.w3.org/TR/xhtml1/DTD/xhtml1-transitional.dtd">
<html xmlns="http://www.w3.org/1999/xhtml" xml:lang="en" lang="en">
 <head>
  <title>
</title>
<meta http-equiv="Content-Type" content="text/html;charset=utf-8" />
  <meta name='ocr-system' content='tesseract 3.04.00' />
  <meta name='ocr-capabilities' content='ocr_page ocr_carea ocr_par ocr_line ocrx_word'/>
</head>
<body>
  <div class='ocr_page' id='page_1' title='image "./praelectionesin00legagoog_0357.png"; bbox 0 0 3350 5100; ppageno 0'>
   <div class='ocr_carea' id='block_1_1' title="bbox 384 332 1312 398">
    <p class='ocr_par' dir='ltr' id='par_1_1' title="bbox 384 332 1312 398">
     <span class='ocr_line' id='line_1_1' title="bbox 384 332 1312 398; baseline 0.011 -11"><span class='ocrx_word' id='word_1_1' title='bbox 384 342 429 387; x_wconf 83' lang='lat' dir='ltr'>on</span> <span class='ocrx_word' id='word_1_2' title='bbox 454 341 592 390; x_wconf 84' lang='lat' dir='ltr'>romeus</span> <span class='ocrx_word' id='word_1_3' title='bbox 615 343 858 391; x_wconf 73' lang='lat' dir='ltr'>carunmmacs</span> <span class='ocrx_word' id='word_1_4' title='bbox 883 346 919 393; x_wconf 85' lang='lat' dir='ltr'>m</span> <span class='ocrx_word' id='word_1_5' title='bbox 942 346 1059 393; x_wconf 78' lang='lat' dir='ltr'>sracm</span> <span class='ocrx_word' id='word_1_6' title='bbox 1245 332 1312 398; x_wconf 87' lang='lat'>355</span> 
     </span>
    </p>
   </div>
   <div class='ocr_carea' id='block_1_2' title="bbox 126 466 1371 3169">
    <p class='ocr_par' dir='ltr' id='par_1_2' title="bbox 130 466 1312 929">
     <span class='ocr_line' id='line_1_2' title="bbox 131 466 1312 558; baseline 0.009 -31"><span class='ocrx_word' id='word_1_7' title='bbox 131 466 326 529; x_wconf 81' lang='lat' dir='ltr'>monitiones</span> <span class='ocrx_word' id='word_1_8' title='bbox 348 467 463 551; x_wconf 77' lang='lat' dir='ltr'>lacere</span> <span class='ocrx_word' id='word_1_9' title='bbox 484 471 596 553; x_wconf 89' lang='lat' dir='ltr'>potest.</span> <span class='ocrx_word' id='word_1_10' title='bbox 621 468 906 550; x_wconf 75' lang='lat' dir='ltr'>supervacaneum</span> <span class='ocrx_word' id='word_1_11' title='bbox 931 476 980 534; x_wconf 90' lang='lat' dir='ltr'>est</span> <span class='ocrx_word' id='word_1_12' title='bbox 1001 467 1173 537; x_wconf 88' lang='lat' dir='ltr'>advertere</span> <span class='ocrx_word' id='word_1_13' title='bbox 1196 475 1312 558; x_wconf 85' lang='lat' dir='ltr'>quippe</span> 
     </span>
     <span class='ocr_line' id='line_1_3' title="bbox 132 590 1312 677; baseline 0.008 -23"><span class='ocrx_word' id='word_1_14' title='bbox 132 612 185 655; x_wconf 88' lang='lat' dir='ltr'>res</span> <span class='ocrx_word' id='word_1_15' title='bbox 210 590 451 656; x_wconf 86' lang='lat' dir='ltr'>evidentissima</span> <span class='ocrx_word' id='word_1_16' title='bbox 467 598 524 661; x_wconf 83' lang='lat' dir='ltr'>est,</span> <span class='ocrx_word' id='word_1_17' title='bbox 542 590 722 677; x_wconf 85' lang='lat' dir='ltr'>delegatam</span> <span class='ocrx_word' id='word_1_18' title='bbox 739 611 910 677; x_wconf 81' lang='lat' dir='ltr'><strong>personam</strong></span> <span class='ocrx_word' id='word_1_19' title='bbox 927 601 1016 660; x_wconf 89' lang='lat' dir='ltr'>tanto</span> <span class='ocrx_word' id='word_1_20' title='bbox 1040 599 1165 661; x_wconf 89' lang='lat' dir='ltr'>muneri</span> <span class='ocrx_word' id='word_1_21' title='bbox 1190 599 1312 663; x_wconf 81' lang='lat' dir='ltr'>utiliter</span> 
     </span>
     <span class='ocr_line' id='line_1_4' title="bbox 131 715 1311 806; baseline 0.008 -28"><span class='ocrx_word' id='word_1_22' title='bbox 131 734 269 801; x_wconf 86' lang='lat' dir='ltr'>operam</span> <span class='ocrx_word' id='word_1_23' title='bbox 291 715 440 782; x_wconf 89' lang='lat' dir='ltr'>daturam</span> <span class='ocrx_word' id='word_1_24' title='bbox 456 735 537 789; x_wconf 88' lang='lat' dir='ltr'>esse,</span> <span class='ocrx_word' id='word_1_25' title='bbox 553 716 723 781; x_wconf 89' lang='lat' dir='ltr'>dummodo</span> <span class='ocrx_word' id='word_1_26' title='bbox 738 719 780 782; x_wconf 89' lang='lat' dir='ltr'>sit</span> <span class='ocrx_word' id='word_1_27' title='bbox 798 718 896 802; x_wconf 87' lang='lat' dir='ltr'>digna</span> <span class='ocrx_word' id='word_1_28' title='bbox 919 738 1000 803; x_wconf 87' lang='lat' dir='ltr'>quae</span> <span class='ocrx_word' id='word_1_29' title='bbox 1017 720 1167 806; x_wconf 78' lang='lat' dir='ltr'>Episcopi</span> <span class='ocrx_word' id='word_1_30' title='bbox 1182 726 1311 788; x_wconf 90' lang='lat' dir='ltr'>nomine</span> 
     </span>
     <span class='ocr_line' id='line_1_5' title="bbox 130 840 977 929; baseline 0.005 -24"><span class='ocrx_word' id='word_1_31' title='bbox 130 843 285 926; x_wconf 82' lang='lat' dir='ltr'>loquatur</span> <span class='ocrx_word' id='word_1_32' title='bbox 309 853 341 907; x_wconf 87' lang='lat' dir='ltr'>et</span> <span class='ocrx_word' id='word_1_33' title='bbox 366 844 406 906; x_wconf 90' lang='lat' dir='ltr'>sit</span> <span class='ocrx_word' id='word_1_34' title='bbox 429 840 573 927; x_wconf 90' lang='lat' dir='ltr'>prudens</span> <span class='ocrx_word' id='word_1_35' title='bbox 594 850 628 909; x_wconf 86' lang='lat' dir='ltr'>et</span> <span class='ocrx_word' id='word_1_36' title='bbox 649 846 770 927; x_wconf 85' lang='lat' dir='ltr'>pietate</span> <span class='ocrx_word' id='word_1_37' title='bbox 793 846 977 929; x_wconf 89' lang='lat' dir='ltr'>conspicua.</span> 
     </span>
    </p>

    <p class='ocr_par' dir='ltr' id='par_1_3' title="bbox 126 967 1371 2183">
     <span class='ocr_line' id='line_1_6' title="bbox 223 967 1310 1045; baseline 0.007 -14"><span class='ocrx_word' id='word_1_38' title='bbox 223 967 331 1032; x_wconf 87' lang='lat' dir='ltr'>Huius</span> <span class='ocrx_word' id='word_1_39' title='bbox 361 968 545 1033; x_wconf 90' lang='lat' dir='ltr'>monitionis</span> <span class='ocrx_word' id='word_1_40' title='bbox 576 970 710 1033; x_wconf 87' lang='lat' dir='ltr'>intentio</span> <span class='ocrx_word' id='word_1_41' title='bbox 734 974 784 1033; x_wconf 89' lang='lat' dir='ltr'>est</span> <span class='ocrx_word' id='word_1_42' title='bbox 806 976 840 1033; x_wconf 88' lang='lat' dir='ltr'>ut</span> <span class='ocrx_word' id='word_1_43' title='bbox 864 976 993 1035; x_wconf 87' lang='lat' dir='ltr'>maneat</span> <span class='ocrx_word' id='word_1_44' title='bbox 1023 979 1169 1045; x_wconf 83' lang='lat' dir='ltr'>secreta,</span> <span class='ocrx_word' id='word_1_45' title='bbox 1186 972 1310 1041; x_wconf 81' lang='lat' dir='ltr'>‚nihilo-</span> 
     </span>
     <span class='ocr_line' id='line_1_7' title="bbox 131 1090 1316 1194; baseline 0.007 -41"><span class='ocrx_word' id='word_1_46' title='bbox 131 1093 238 1155; x_wconf 87' lang='lat' dir='ltr'>minus</span> <span class='ocrx_word' id='word_1_47' title='bbox 266 1096 363 1156; x_wconf 90' lang='lat' dir='ltr'>cavet</span> <span class='ocrx_word' id='word_1_48' title='bbox 388 1100 448 1154; x_wconf 87' lang='lat' dir='ltr'>art.</span> <span class='ocrx_word' id='word_1_49' title='bbox 466 1090 527 1171; x_wconf 86' lang='lat' dir='ltr'>Vl,</span> <span class='ocrx_word' id='word_1_50' title='bbox 554 1091 844 1165; x_wconf 80' lang='lat' dir='ltr'>indiscriminatim,</span> <span class='ocrx_word' id='word_1_51' title='bbox 862 1094 1054 1159; x_wconf 82' lang='lat' dir='ltr'>monitiones</span> <span class='ocrx_word' id='word_1_52' title='bbox 1078 1095 1122 1159; x_wconf 87' lang='lat' dir='ltr'>ita</span> <span class='ocrx_word' id='word_1_53' title='bbox 1142 1092 1212 1159; x_wconf 88' lang='lat' dir='ltr'>lieri</span> <span class='ocrx_word' id='word_1_54' title='bbox 1242 1102 1316 1194; x_wconf 71' lang='lat' dir='ltr'>«ut</span> 
     </span>
     <span class='ocr_line' id='line_1_8' title="bbox 131 1216 1312 1302; baseline 0.003 -21"><span class='ocrx_word' id='word_1_55' title='bbox 131 1217 175 1281; x_wconf 87' lang='lat' dir='ltr'>de</span> <span class='ocrx_word' id='word_1_56' title='bbox 197 1217 401 1282; x_wconf 81' lang='lat' dir='ltr'>earumdem</span> <span class='ocrx_word' id='word_1_57' title='bbox 424 1216 623 1283; x_wconf 66' lang='lat' dir='ltr'>executione</span> <span class='ocrx_word' id='word_1_58' title='bbox 649 1223 774 1283; x_wconf 77' lang='lat' dir='ltr'>constet</span> <span class='ocrx_word' id='word_1_59' title='bbox 803 1237 849 1283; x_wconf 83' lang='lat' dir='ltr'>eac</span> <span class='ocrx_word' id='word_1_60' title='bbox 872 1218 987 1302; x_wconf 81' lang='lat' dir='ltr'>atiquo</span> <span class='ocrx_word' id='word_1_61' title='bbox 1016 1224 1094 1285; x_wconf 83' lang='lat' dir='ltr'>actu</span> <span class='ocrx_word' id='word_1_62' title='bbox 1116 1240 1145 1284; x_wconf 81' lang='lat'>».</span> <span class='ocrx_word' id='word_1_63' title='bbox 1171 1220 1312 1285; x_wconf 90' lang='lat' dir='ltr'>Diversi-</span> 
     </span>
     <span class='ocr_line' id='line_1_9' title="bbox 131 1340 1310 1411; baseline 0.004 -5"><span class='ocrx_word' id='word_1_64' title='bbox 131 1340 230 1406; x_wconf 91' lang='lat' dir='ltr'>mode</span> <span class='ocrx_word' id='word_1_65' title='bbox 252 1360 333 1405; x_wconf 84' lang='lat' dir='ltr'>uero</span> <span class='ocrx_word' id='word_1_66' title='bbox 355 1340 516 1407; x_wconf 79' lang='lat' dir='ltr'>servanda</span> <span class='ocrx_word' id='word_1_67' title='bbox 539 1350 588 1407; x_wconf 89' lang='lat' dir='ltr'>est</span> <span class='ocrx_word' id='word_1_68' title='bbox 618 1344 775 1407; x_wconf 89' lang='lat' dir='ltr'>memoria</span> <span class='ocrx_word' id='word_1_69' title='bbox 797 1343 838 1408; x_wconf 92' lang='lat' dir='ltr'>de</span> <span class='ocrx_word' id='word_1_70' title='bbox 862 1363 927 1409; x_wconf 86' lang='lat' dir='ltr'>una</span> <span class='ocrx_word' id='word_1_71' title='bbox 949 1344 1096 1408; x_wconf 88' lang='lat' dir='ltr'>alterave</span> <span class='ocrx_word' id='word_1_72' title='bbox 1127 1346 1310 1411; x_wconf 89' lang='lat' dir='ltr'>monitione.</span> 
     </span>
     <span class='ocr_line' id='line_1_10' title="bbox 129 1464 1311 1552; baseline 0.004 -22"><span class='ocrx_word' id='word_1_73' title='bbox 129 1468 242 1531; x_wconf 90' lang='lat' dir='ltr'>Porro</span> <span class='ocrx_word' id='word_1_74' title='bbox 272 1466 342 1551; x_wconf 88' lang='lat' dir='ltr'>ipsa</span> <span class='ocrx_word' id='word_1_75' title='bbox 372 1464 403 1531; x_wconf 91' lang='lat' dir='ltr'>S.</span> <span class='ocrx_word' id='word_1_76' title='bbox 429 1465 529 1551; x_wconf 79' lang='lat' dir='ltr'>(long.</span> <span class='ocrx_word' id='word_1_77' title='bbox 557 1467 624 1531; x_wconf 89' lang='lat' dir='ltr'>EE.</span> <span class='ocrx_word' id='word_1_78' title='bbox 649 1474 682 1531; x_wconf 91' lang='lat' dir='ltr'>et</span> <span class='ocrx_word' id='word_1_79' title='bbox 705 1468 775 1531; x_wconf 86' lang='lat' dir='ltr'>RR.</span> <span class='ocrx_word' id='word_1_80' title='bbox 793 1466 840 1552; x_wconf 87' lang='lat' dir='ltr'>(l)</span> <span class='ocrx_word' id='word_1_81' title='bbox 864 1468 919 1533; x_wconf 85' lang='lat' dir='ltr'>die</span> <span class='ocrx_word' id='word_1_82' title='bbox 943 1468 965 1532; x_wconf 84' lang='lat'><strong>7</strong></span> <span class='ocrx_word' id='word_1_83' title='bbox 990 1468 1080 1551; x_wconf 84' lang='lat' dir='ltr'>Sept.</span> <span class='ocrx_word' id='word_1_84' title='bbox 1103 1468 1189 1535; x_wconf 88' lang='lat'><em>1801</em></span> <span class='ocrx_word' id='word_1_85' title='bbox 1211 1470 1311 1551; x_wconf 87' lang='lat' dir='ltr'>iussit,</span> 
     </span>
     <span class='ocr_line' id='line_1_11' title="bbox 128 1591 1313 1681; baseline 0.004 -26"><span class='ocrx_word' id='word_1_86' title='bbox 128 1591 504 1674; x_wconf 82' lang='lat' dir='ltr'>monitionespaternas</span> <span class='ocrx_word' id='word_1_87' title='bbox 526 1591 560 1653; x_wconf 91' lang='lat' dir='ltr'>in</span> <span class='ocrx_word' id='word_1_88' title='bbox 583 1591 782 1655; x_wconf 88' lang='lat' dir='ltr'>cancellaria</span> <span class='ocrx_word' id='word_1_89' title='bbox 804 1592 978 1677; x_wconf 87' lang='lat' dir='ltr'>episcopali</span> <span class='ocrx_word' id='word_1_90' title='bbox 997 1592 1145 1675; x_wconf 81' lang='lat' dir='ltr'>publicis</span> <span class='ocrx_word' id='word_1_91' title='bbox 1159 1594 1313 1681; x_wconf 79' lang='lat' dir='ltr'>repistria</span> 
     </span>
     <span class='ocr_line' id='line_1_12' title="bbox 127 1713 1311 1786; baseline 0.002 -7"><span class='ocrx_word' id='word_1_92' title='bbox 127 1713 324 1781; x_wconf 87' lang='lat' dir='ltr'>inserendas</span> <span class='ocrx_word' id='word_1_93' title='bbox 346 1733 411 1779; x_wconf 91' lang='lat' dir='ltr'>non</span> <span class='ocrx_word' id='word_1_94' title='bbox 435 1734 516 1786; x_wconf 89' lang='lat' dir='ltr'>esse,</span> <span class='ocrx_word' id='word_1_95' title='bbox 540 1722 575 1781; x_wconf 89' lang='lat' dir='ltr'>at</span> <span class='ocrx_word' id='word_1_96' title='bbox 597 1717 629 1778; x_wconf 91' lang='lat' dir='ltr'>in</span> <span class='ocrx_word' id='word_1_97' title='bbox 653 1715 801 1780; x_wconf 78' lang='lat' dir='ltr'>archivio</span> <span class='ocrx_word' id='word_1_98' title='bbox 822 1722 950 1784; x_wconf 68' lang='lat' dir='ltr'>secieto</span> <span class='ocrx_word' id='word_1_99' title='bbox 982 1716 1168 1782; x_wconf 90' lang='lat' dir='ltr'>earumdem</span> <span class='ocrx_word' id='word_1_100' title='bbox 1191 1738 1311 1785; x_wconf 88' lang='lat' dir='ltr'>memo-</span> 
     </span>
     <span class='ocr_line' id='line_1_13' title="bbox 129 1833 1311 1925; baseline 0.001 -21"><span class='ocrx_word' id='word_1_101' title='bbox 129 1833 215 1904; x_wconf 82' lang='lat' dir='ltr'>riani</span> <span class='ocrx_word' id='word_1_102' title='bbox 240 1839 357 1922; x_wconf 78' lang='lat' dir='ltr'>atiquo</span> <span class='ocrx_word' id='word_1_103' title='bbox 381 1844 460 1903; x_wconf 77' lang='lat' dir='ltr'>octa</span> <span class='ocrx_word' id='word_1_104' title='bbox 482 1840 607 1903; x_wconf 80' lang='lat' dir='ltr'>servari</span> <span class='ocrx_word' id='word_1_105' title='bbox 624 1857 684 1923; x_wconf 89' lang='lat' dir='ltr'>pro</span> <span class='ocrx_word' id='word_1_106' title='bbox 700 1858 776 1906; x_wconf 85' lang='lat' dir='ltr'>casu</span> <span class='ocrx_word' id='word_1_107' title='bbox 792 1858 856 1921; x_wconf 90' lang='lat' dir='ltr'>quo</span> <span class='ocrx_word' id='word_1_108' title='bbox 873 1839 923 1903; x_wconf 85' lang='lat' dir='ltr'>vel</span> <span class='ocrx_word' id='word_1_109' title='bbox 940 1838 980 1904; x_wconf 89' lang='lat' dir='ltr'>ad</span> <span class='ocrx_word' id='word_1_110' title='bbox 995 1840 1162 1907; x_wconf 73' lang='lat' dir='ltr'>ulteriora</span> <span class='ocrx_word' id='word_1_111' title='bbox 1181 1840 1311 1925; x_wconf 89' lang='lat' dir='ltr'>procedi</span> 
     </span>
     <span class='ocr_line' id='line_1_14' title="bbox 127 1963 1311 2052; baseline 0.002 -23"><span class='ocrx_word' id='word_1_112' title='bbox 127 1964 250 2029; x_wconf 89' lang='lat' dir='ltr'>debeat</span> <span class='ocrx_word' id='word_1_113' title='bbox 271 1964 325 2028; x_wconf 85' lang='lat' dir='ltr'>vel</span> <span class='ocrx_word' id='word_1_114' title='bbox 348 1965 488 2028; x_wconf 90' lang='lat' dir='ltr'>monitus</span> <span class='ocrx_word' id='word_1_115' title='bbox 512 1970 663 2028; x_wconf 88' lang='lat' dir='ltr'>recurrat</span> <span class='ocrx_word' id='word_1_116' title='bbox 684 1963 725 2027; x_wconf 89' lang='lat' dir='ltr'>ad</span> <span class='ocrx_word' id='word_1_117' title='bbox 748 1963 957 2049; x_wconf 87' lang='lat' dir='ltr'>Superiorem</span> <span class='ocrx_word' id='word_1_118' title='bbox 988 1984 1087 2048; x_wconf 90' lang='lat' dir='ltr'>penes</span> <span class='ocrx_word' id='word_1_119' title='bbox 1117 1984 1211 2049; x_wconf 88' lang='lat' dir='ltr'>quem</span> <span class='ocrx_word' id='word_1_120' title='bbox 1236 1966 1311 2052; x_wconf 90' lang='lat' dir='ltr'>Epi·</span> 
     </span>
     <span class='ocr_line' id='line_1_15' title="bbox 126 2087 1371 2183; baseline -0.001 -29"><span class='ocrx_word' id='word_1_121' title='bbox 126 2110 250 2173; x_wconf 89' lang='lat' dir='ltr'>scopus</span> <span class='ocrx_word' id='word_1_122' title='bbox 271 2108 362 2153; x_wconf 89' lang='lat' dir='ltr'>suam</span> <span class='ocrx_word' id='word_1_123' title='bbox 386 2087 503 2172; x_wconf 85' lang='lat' dir='ltr'>agendi</span> <span class='ocrx_word' id='word_1_124' title='bbox 528 2089 685 2153; x_wconf 90' lang='lat' dir='ltr'>rationem</span> <span class='ocrx_word' id='word_1_125' title='bbox 710 2088 851 2173; x_wconf 89' lang='lat' dir='ltr'>probare</span> <span class='ocrx_word' id='word_1_126' title='bbox 873 2088 1024 2174; x_wconf 83' lang='lat' dir='ltr'>adigitur.</span> <span class='ocrx_word' id='word_1_127' title='bbox 1368 2178 1371 2183; x_wconf 20' lang='grc' dir='ltr'>Ι</span> 
     </span>
    </p>

    <p class='ocr_par' dir='ltr' id='par_1_4' title="bbox 127 2212 1313 3169">
     <span class='ocr_line' id='line_1_16' title="bbox 221 2212 1310 2301; baseline 0.004 -22"><span class='ocrx_word' id='word_1_128' title='bbox 221 2214 298 2279; x_wconf 85' lang='grc'>286.</span> <span class='ocrx_word' id='word_1_129' title='bbox 325 2214 362 2279; x_wconf 85' lang='lat' dir='ltr'>Si</span> <span class='ocrx_word' id='word_1_130' title='bbox 384 2220 499 2279; x_wconf 81' lang='lat' dir='ltr'>autem</span> <span class='ocrx_word' id='word_1_131' title='bbox 523 2220 554 2278; x_wconf 87' lang='lat' dir='ltr'>te</span> <span class='ocrx_word' id='word_1_132' title='bbox 579 2232 650 2279; x_wconf 80' lang='lat' dir='ltr'>non</span> <span class='ocrx_word' id='word_1_133' title='bbox 672 2213 830 2295; x_wconf 58' lang='lat' dir='ltr'>auderit,</span> <span class='ocrx_word' id='word_1_134' title='bbox 852 2212 939 2279; x_wconf 90' lang='lat' dir='ltr'>iubet</span> <span class='ocrx_word' id='word_1_135' title='bbox 961 2220 1070 2280; x_wconf 86' lang='lat' dir='ltr'>textus</span> <span class='ocrx_word' id='word_1_136' title='bbox 1094 2215 1310 2301; x_wconf 78' lang='lat' dir='ltr'>evangelicus,</span> 
     </span>
     <span class='ocr_line' id='line_1_17' title="bbox 127 2338 1313 2423; baseline -0.001 -19"><span class='ocrx_word' id='word_1_137' title='bbox 127 2338 257 2405; x_wconf 70' lang='lat' dir='ltr'>adhibe</span> <span class='ocrx_word' id='word_1_138' title='bbox 280 2344 388 2405; x_wconf 84' lang='lat' dir='ltr'>tecum</span> <span class='ocrx_word' id='word_1_139' title='bbox 410 2358 520 2403; x_wconf 81' lang='lat' dir='ltr'>unum</span> <span class='ocrx_word' id='word_1_140' title='bbox 543 2338 595 2404; x_wconf 86' lang='lat' dir='ltr'>vel</span> <span class='ocrx_word' id='word_1_141' title='bbox 618 2339 736 2405; x_wconf 81' lang='lat' dir='ltr'>datos...</span> <span class='ocrx_word' id='word_1_142' title='bbox 761 2339 815 2421; x_wconf 87' lang='lat' dir='ltr'>qui</span> <span class='ocrx_word' id='word_1_143' title='bbox 839 2356 955 2423; x_wconf 87' lang='lat' dir='ltr'>nempe</span> <span class='ocrx_word' id='word_1_144' title='bbox 977 2357 1036 2403; x_wconf 86' lang='lat' dir='ltr'>sua</span> <span class='ocrx_word' id='word_1_145' title='bbox 1062 2341 1257 2405; x_wconf 86' lang='lat' dir='ltr'>auctoritate</span> <span class='ocrx_word' id='word_1_146' title='bbox 1280 2346 1313 2403; x_wconf 90' lang='lat' dir='ltr'>at</span> 
     </span>
     <span class='ocr_line' id='line_1_18' title="bbox 128 2462 1313 2548; baseline -0.001 -20"><span class='ocrx_word' id='word_1_147' title='bbox 128 2464 340 2528; x_wconf 86' lang='lat' dir='ltr'>attestatione</span> <span class='ocrx_word' id='word_1_148' title='bbox 364 2464 467 2548; x_wconf 84' lang='lat' dir='ltr'>magis</span> <span class='ocrx_word' id='word_1_149' title='bbox 490 2463 635 2527; x_wconf 81' lang='lat' dir='ltr'>excitent</span> <span class='ocrx_word' id='word_1_150' title='bbox 656 2472 877 2527; x_wconf 82' lang='lat' dir='ltr'>contumacem</span> <span class='ocrx_word' id='word_1_151' title='bbox 903 2464 935 2527; x_wconf 93' lang='lat' dir='ltr'>in</span> <span class='ocrx_word' id='word_1_152' title='bbox 959 2462 1232 2546; x_wconf 67' lang='lat' dir='ltr'>resipiscentiam</span> <span class='ocrx_word' id='word_1_153' title='bbox 1258 2464 1313 2547; x_wconf 91' lang='lat' dir='ltr'>qui</span> 
     </span>
     <span class='ocr_line' id='line_1_19' title="bbox 127 2587 1310 2672; baseline 0 -20"><span class='ocrx_word' id='word_1_154' title='bbox 127 2591 155 2653; x_wconf 92' lang='lat' dir='ltr'>si</span> <span class='ocrx_word' id='word_1_155' title='bbox 182 2588 393 2654; x_wconf 89' lang='lat' dir='ltr'>nihilominus</span> <span class='ocrx_word' id='word_1_156' title='bbox 417 2594 603 2653; x_wconf 87' lang='lat' dir='ltr'>contemnat</span> <span class='ocrx_word' id='word_1_157' title='bbox 626 2594 659 2653; x_wconf 88' lang='lat' dir='ltr'>et</span> <span class='ocrx_word' id='word_1_158' title='bbox 679 2589 802 2672; x_wconf 87' lang='lat' dir='ltr'>poenis,</span> <span class='ocrx_word' id='word_1_159' title='bbox 821 2587 965 2652; x_wconf 89' lang='lat' dir='ltr'>iudiciali</span> <span class='ocrx_word' id='word_1_160' title='bbox 989 2588 1159 2659; x_wconf 82' lang='lat' dir='ltr'>sententia,</span> <span class='ocrx_word' id='word_1_161' title='bbox 1184 2607 1310 2672; x_wconf 91' lang='lat' dir='ltr'>compe·</span> 
     </span>
     <span class='ocr_line' id='line_1_20' title="bbox 130 2711 1309 2797; baseline 0 -21"><span class='ocrx_word' id='word_1_162' title='bbox 130 2712 274 2778; x_wconf 87' lang='lat' dir='ltr'>scendus</span> <span class='ocrx_word' id='word_1_163' title='bbox 296 2712 410 2784; x_wconf 82' lang='lat' dir='ltr'>fuerit,</span> <span class='ocrx_word' id='word_1_164' title='bbox 437 2719 569 2797; x_wconf 87' lang='lat' dir='ltr'>praesto</span> <span class='ocrx_word' id='word_1_165' title='bbox 592 2714 656 2777; x_wconf 90' lang='lat' dir='ltr'>sint</span> <span class='ocrx_word' id='word_1_166' title='bbox 677 2720 775 2777; x_wconf 86' lang='lat' dir='ltr'>testes</span> <span class='ocrx_word' id='word_1_167' title='bbox 799 2713 852 2794; x_wconf 90' lang='lat' dir='ltr'>qui</span> <span class='ocrx_word' id='word_1_168' title='bbox 876 2711 1014 2797; x_wconf 88' lang='lat' dir='ltr'>probent</span> <span class='ocrx_word' id='word_1_169' title='bbox 1036 2711 1122 2775; x_wconf 89' lang='lat' dir='ltr'>illius</span> <span class='ocrx_word' id='word_1_170' title='bbox 1145 2717 1309 2776; x_wconf 88' lang='lat' dir='ltr'>contuma-</span> 
     </span>
     <span class='ocr_line' id='line_1_21' title="bbox 129 2835 1312 2923; baseline -0.002 -21"><span class='ocrx_word' id='word_1_171' title='bbox 129 2840 226 2903; x_wconf 89' lang='lat' dir='ltr'>ciam.</span> <span class='ocrx_word' id='word_1_172' title='bbox 252 2838 327 2903; x_wconf 89' lang='lat' dir='ltr'>Huc</span> <span class='ocrx_word' id='word_1_173' title='bbox 351 2844 476 2923; x_wconf 87' lang='lat' dir='ltr'>spectat</span> <span class='ocrx_word' id='word_1_174' title='bbox 498 2837 639 2904; x_wconf 78' lang='lat' dir='ltr'>monitio</span> <span class='ocrx_word' id='word_1_175' title='bbox 661 2837 827 2904; x_wconf 78' lang='lat' dir='ltr'>canonica</span> <span class='ocrx_word' id='word_1_176' title='bbox 851 2855 934 2921; x_wconf 89' lang='lat' dir='ltr'>quae</span> <span class='ocrx_word' id='word_1_177' title='bbox 957 2837 1010 2902; x_wconf 85' lang='lat' dir='ltr'>cit.</span> <span class='ocrx_word' id='word_1_178' title='bbox 1034 2841 1096 2900; x_wconf 90' lang='lat' dir='ltr'>art.</span> <span class='ocrx_word' id='word_1_179' title='bbox 1122 2835 1169 2900; x_wconf 89' lang='lat' dir='ltr'>Vl</span> <span class='ocrx_word' id='word_1_180' title='bbox 1195 2835 1312 2901; x_wconf 89' lang='lat' dir='ltr'>dicitur</span> 
     </span>
     <span class='ocr_line' id='line_1_22' title="bbox 129 2937 1311 3047; baseline -0.002 -21"><span class='ocrx_word' id='word_1_181' title='bbox 129 2960 204 3026; x_wconf 85' lang='lat' dir='ltr'>fieri</span> <span class='ocrx_word' id='word_1_182' title='bbox 228 2937 262 3025; x_wconf 84' lang='lat' dir='ltr'>in</span> <span class='ocrx_word' id='word_1_183' title='bbox 283 2961 401 3043; x_wconf 78' lang='lat' dir='ltr'>sorum</span> <span class='ocrx_word' id='word_1_184' title='bbox 424 2961 540 3047; x_wconf 76' lang='lat' dir='ltr'>lopati,</span> <span class='ocrx_word' id='word_1_185' title='bbox 564 2982 622 3027; x_wconf 87' lang='lat' dir='ltr'>seu</span> <span class='ocrx_word' id='word_1_186' title='bbox 652 2962 686 3025; x_wconf 92' lang='lat' dir='ltr'>in</span> <span class='ocrx_word' id='word_1_187' title='bbox 716 2960 773 3026; x_wconf 86' lang='lat' dir='ltr'>tali</span> <span class='ocrx_word' id='word_1_188' title='bbox 806 2960 912 3026; x_wconf 85' lang='lat' dir='ltr'>forma</span> <span class='ocrx_word' id='word_1_189' title='bbox 935 2966 970 3026; x_wconf 87' lang='lat' dir='ltr'>ut</span> <span class='ocrx_word' id='word_1_190' title='bbox 993 2962 1019 3026; x_wconf 90' lang='lat' dir='ltr'>si</span> <span class='ocrx_word' id='word_1_191' title='bbox 1043 2966 1206 3046; x_wconf 81' lang='lat' dir='ltr'>oporteat,</span> <span class='ocrx_word' id='word_1_192' title='bbox 1232 2961 1311 3026; x_wconf 87' lang='lat' dir='ltr'>iudi·</span> 
     </span>
     <span class='ocr_line' id='line_1_23' title="bbox 128 3081 1313 3169; baseline -0.002 -19"><span class='ocrx_word' id='word_1_193' title='bbox 128 3087 218 3150; x_wconf 92' lang='lat' dir='ltr'>cium</span> <span class='ocrx_word' id='word_1_194' title='bbox 247 3087 445 3165; x_wconf 79' lang='lat' dir='ltr'>instaurare,</span> <span class='ocrx_word' id='word_1_195' title='bbox 474 3083 558 3150; x_wconf 89' lang='lat' dir='ltr'>adsit</span> <span class='ocrx_word' id='word_1_196' title='bbox 585 3086 619 3148; x_wconf 91' lang='lat' dir='ltr'>in</span> <span class='ocrx_word' id='word_1_197' title='bbox 650 3090 800 3169; x_wconf 91' lang='lat' dir='ltr'>promptu</span> <span class='ocrx_word' id='word_1_198' title='bbox 831 3081 946 3169; x_wconf 88' lang='lat' dir='ltr'>para&#39;ta</span> <span class='ocrx_word' id='word_1_199' title='bbox 976 3085 1123 3168; x_wconf 91' lang='lat' dir='ltr'>probatio</span> <span class='ocrx_word' id='word_1_200' title='bbox 1154 3081 1194 3147; x_wconf 92' lang='lat' dir='ltr'>de</span> <span class='ocrx_word' id='word_1_201' title='bbox 1224 3083 1313 3148; x_wconf 82' lang='lat' dir='ltr'>tacta</span> 
     </span>
    </p>
   </div>
   <div class='ocr_carea' id='block_1_3' title="bbox 129 3207 1426 3296">
    <p class='ocr_par' dir='ltr' id='par_1_5' title="bbox 129 3207 1426 3296">
     <span class='ocr_line' id='line_1_24' title="bbox 129 3207 1426 3296; baseline -0.002 -22"><span class='ocrx_word' id='word_1_202' title='bbox 129 3212 320 3275; x_wconf 90' lang='lat' dir='ltr'>monitione.</span> <span class='ocrx_word' id='word_1_203' title='bbox 345 3211 463 3274; x_wconf 83' lang='lat' dir='ltr'>Forma</span> <span class='ocrx_word' id='word_1_204' title='bbox 487 3215 537 3274; x_wconf 89' lang='lat' dir='ltr'>est</span> <span class='ocrx_word' id='word_1_205' title='bbox 559 3209 678 3296; x_wconf 79' lang='lat' dir='ltr'>tepolis</span> <span class='ocrx_word' id='word_1_206' title='bbox 700 3229 757 3273; x_wconf 92' lang='lat' dir='ltr'>seu</span> <span class='ocrx_word' id='word_1_207' title='bbox 781 3216 857 3294; x_wconf 86' lang='lat' dir='ltr'>apta</span> <span class='ocrx_word' id='word_1_208' title='bbox 880 3207 1061 3294; x_wconf 90' lang='lat' dir='ltr'>probationi</span> <span class='ocrx_word' id='word_1_209' title='bbox 1090 3209 1158 3273; x_wconf 80' lang='lat' dir='ltr'>sive</span> <span class='ocrx_word' id='word_1_210' title='bbox 1186 3213 1311 3274; x_wconf 88' lang='lat' dir='ltr'>tantum</span> <span class='ocrx_word' id='word_1_211' title='bbox 1424 3251 1426 3256; x_wconf 67' lang='lat'>,</span> 
     </span>
    </p>
   </div>
   <div class='ocr_carea' id='block_1_4' title="bbox 125 3333 1313 4292">
    <p class='ocr_par' dir='ltr' id='par_1_6' title="bbox 125 3333 1313 4292">
     <span class='ocr_line' id='line_1_25' title="bbox 127 3333 1312 3400; baseline -0.001 -1"><span class='ocrx_word' id='word_1_212' title='bbox 127 3335 215 3400; x_wconf 89' lang='lat' dir='ltr'>adsit</span> <span class='ocrx_word' id='word_1_213' title='bbox 229 3335 447 3399; x_wconf 87' lang='lat' dir='ltr'>cancellarius</span> <span class='ocrx_word' id='word_1_214' title='bbox 463 3334 612 3398; x_wconf 84' lang='lat' dir='ltr'>reterens</span> <span class='ocrx_word' id='word_1_215' title='bbox 632 3334 671 3398; x_wconf 82' lang='lat' dir='ltr'>in</span> <span class='ocrx_word' id='word_1_216' title='bbox 686 3339 763 3399; x_wconf 87' lang='lat' dir='ltr'>acta</span> <span class='ocrx_word' id='word_1_217' title='bbox 782 3338 907 3398; x_wconf 86' lang='lat' dir='ltr'>textum</span> <span class='ocrx_word' id='word_1_218' title='bbox 929 3333 1112 3397; x_wconf 89' lang='lat' dir='ltr'>monitionis</span> <span class='ocrx_word' id='word_1_219' title='bbox 1128 3333 1197 3397; x_wconf 90' lang='lat' dir='ltr'>sive</span> <span class='ocrx_word' id='word_1_220' title='bbox 1212 3339 1312 3400; x_wconf 84' lang='lat' dir='ltr'>testes</span> 
     </span>
     <span class='ocr_line' id='line_1_26' title="bbox 127 3455 1313 3542; baseline -0.003 -18"><span class='ocrx_word' id='word_1_221' title='bbox 127 3459 348 3524; x_wconf 85' lang='lat' dir='ltr'>adhibeantur</span> <span class='ocrx_word' id='word_1_222' title='bbox 377 3461 410 3522; x_wconf 92' lang='lat' dir='ltr'>in</span> <span class='ocrx_word' id='word_1_223' title='bbox 440 3460 657 3524; x_wconf 90' lang='lat' dir='ltr'>testimonium</span> <span class='ocrx_word' id='word_1_224' title='bbox 681 3459 865 3523; x_wconf 88' lang='lat' dir='ltr'>monitionis</span> <span class='ocrx_word' id='word_1_225' title='bbox 889 3459 957 3522; x_wconf 89' lang='lat' dir='ltr'>sive</span> <span class='ocrx_word' id='word_1_226' title='bbox 981 3455 1161 3542; x_wconf 86' lang='lat' dir='ltr'>Episcopus</span> <span class='ocrx_word' id='word_1_227' title='bbox 1184 3459 1313 3541; x_wconf 89' lang='lat' dir='ltr'>scriptis</span> 
     </span>
     <span class='ocr_line' id='line_1_27' title="bbox 128 3581 1312 3665; baseline -0.003 -17"><span class='ocrx_word' id='word_1_228' title='bbox 128 3590 301 3648; x_wconf 80' lang='lat' dir='ltr'>exaratum</span> <span class='ocrx_word' id='word_1_229' title='bbox 319 3582 473 3646; x_wconf 82' lang='lat' dir='ltr'>exhibeat</span> <span class='ocrx_word' id='word_1_230' title='bbox 488 3590 613 3646; x_wconf 88' lang='lat' dir='ltr'>textum</span> <span class='ocrx_word' id='word_1_231' title='bbox 629 3583 812 3646; x_wconf 89' lang='lat' dir='ltr'>monitionis</span> <span class='ocrx_word' id='word_1_232' title='bbox 828 3588 861 3646; x_wconf 92' lang='lat' dir='ltr'>et</span> <span class='ocrx_word' id='word_1_233' title='bbox 877 3581 1144 3665; x_wconf 85' lang='lat' dir='ltr'>subscriptionem</span> <span class='ocrx_word' id='word_1_234' title='bbox 1162 3581 1312 3663; x_wconf 87' lang='lat' dir='ltr'>exquirat</span> 
     </span>
     <span class='ocr_line' id='line_1_28' title="bbox 127 3706 1310 3775; baseline -0.003 -1"><span class='ocrx_word' id='word_1_235' title='bbox 127 3710 217 3775; x_wconf 88' lang='lat' dir='ltr'>illius</span> <span class='ocrx_word' id='word_1_236' title='bbox 238 3711 291 3773; x_wconf 91' lang='lat' dir='ltr'>cui</span> <span class='ocrx_word' id='word_1_237' title='bbox 314 3710 448 3774; x_wconf 88' lang='lat' dir='ltr'>monitio</span> <span class='ocrx_word' id='word_1_238' title='bbox 471 3709 559 3773; x_wconf 85' lang='lat' dir='ltr'>facta</span> <span class='ocrx_word' id='word_1_239' title='bbox 581 3714 630 3774; x_wconf 89' lang='lat' dir='ltr'>est</span> <span class='ocrx_word' id='word_1_240' title='bbox 652 3706 748 3773; x_wconf 85' lang='lat' dir='ltr'>tidem</span> <span class='ocrx_word' id='word_1_241' title='bbox 772 3708 922 3772; x_wconf 81' lang='lat' dir='ltr'>facientis</span> <span class='ocrx_word' id='word_1_242' title='bbox 939 3706 979 3771; x_wconf 93' lang='lat' dir='ltr'>de</span> <span class='ocrx_word' id='word_1_243' title='bbox 995 3714 1107 3772; x_wconf 90' lang='lat' dir='ltr'>secuta</span> <span class='ocrx_word' id='word_1_244' title='bbox 1126 3708 1310 3772; x_wconf 89' lang='lat' dir='ltr'>monitione.</span> 
     </span>
     <span class='ocr_line' id='line_1_29' title="bbox 126 3832 1310 3917; baseline -0.003 -16"><span class='ocrx_word' id='word_1_245' title='bbox 126 3836 176 3901; x_wconf 80' lang='lat' dir='ltr'>Of.</span> <span class='ocrx_word' id='word_1_246' title='bbox 196 3834 373 3899; x_wconf 87' lang='lat' dir='ltr'>Monacelli</span> <span class='ocrx_word' id='word_1_247' title='bbox 396 3853 452 3917; x_wconf 84' lang='lat' dir='ltr'>op.</span> <span class='ocrx_word' id='word_1_248' title='bbox 473 3833 525 3900; x_wconf 79' lang='lat' dir='ltr'>cit.</span> <span class='ocrx_word' id='word_1_249' title='bbox 550 3833 643 3900; x_wconf 82' lang='lat' dir='ltr'>Tem.</span> <span class='ocrx_word' id='word_1_250' title='bbox 660 3833 695 3913; x_wconf 89' lang='grc'>3,</span> <span class='ocrx_word' id='word_1_251' title='bbox 720 3834 765 3898; x_wconf 83' lang='lat' dir='ltr'>tit.</span> <span class='ocrx_word' id='word_1_252' title='bbox 783 3833 818 3909; x_wconf 81' lang='lat'>2,</span> <span class='ocrx_word' id='word_1_253' title='bbox 842 3832 1033 3915; x_wconf 73' lang='lat' dir='ltr'>formaldi,</span> <span class='ocrx_word' id='word_1_254' title='bbox 1058 3853 1092 3898; x_wconf 77' lang='lat' dir='ltr'>m.</span> <span class='ocrx_word' id='word_1_255' title='bbox 1109 3833 1167 3898; x_wconf 80' lang='lat'>20.</span> <span class='ocrx_word' id='word_1_256' title='bbox 1187 3869 1205 3882; x_wconf 95' lang='lat'><em>-</em></span> <span class='ocrx_word' id='word_1_257' title='bbox 1225 3833 1310 3897; x_wconf 89' lang='lat' dir='ltr'>Nihil</span> 
     </span>
     <span class='ocr_line' id='line_1_30' title="bbox 125 3955 1312 4042; baseline -0.001 -22"><span class='ocrx_word' id='word_1_258' title='bbox 125 3955 281 4042; x_wconf 90' lang='lat' dir='ltr'>prohibet</span> <span class='ocrx_word' id='word_1_259' title='bbox 296 3959 465 4040; x_wconf 86' lang='lat' dir='ltr'>quominus</span> <span class='ocrx_word' id='word_1_260' title='bbox 481 3957 659 4041; x_wconf 84' lang='lat' dir='ltr'>Episcopus</span> <span class='ocrx_word' id='word_1_261' title='bbox 680 3977 741 4042; x_wconf 91' lang='lat' dir='ltr'>per</span> <span class='ocrx_word' id='word_1_262' title='bbox 763 3957 946 4042; x_wconf 87' lang='lat' dir='ltr'>delegatum</span> <span class='ocrx_word' id='word_1_263' title='bbox 963 3957 1068 4021; x_wconf 90' lang='lat' dir='ltr'>virum</span> <span class='ocrx_word' id='word_1_264' title='bbox 1093 3955 1191 4020; x_wconf 85' lang='lat' dir='ltr'>saciat</span> <span class='ocrx_word' id='word_1_265' title='bbox 1213 3957 1312 4020; x_wconf 91' lang='lat' dir='ltr'>moui-</span> 
     </span>
     <span class='ocr_line' id='line_1_31' title="bbox 126 4077 1312 4168; baseline -0.002 -22"><span class='ocrx_word' id='word_1_266' title='bbox 126 4084 250 4146; x_wconf 88' lang='lat' dir='ltr'>tionem</span> <span class='ocrx_word' id='word_1_267' title='bbox 268 4077 469 4162; x_wconf 67' lang='lat' dir='ltr'>inferratam</span> <span class='ocrx_word' id='word_1_268' title='bbox 492 4083 637 4166; x_wconf 79' lang='lat' dir='ltr'>tapetem</span> <span class='ocrx_word' id='word_1_269' title='bbox 656 4081 875 4168; x_wconf 81' lang='lat' dir='ltr'>redigendam.</span> <span class='ocrx_word' id='word_1_270' title='bbox 891 4116 909 4129; x_wconf 92' lang='lat'>-</span> <span class='ocrx_word' id='word_1_271' title='bbox 927 4081 1045 4145; x_wconf 89' lang='lat' dir='ltr'>Forma</span> <span class='ocrx_word' id='word_1_272' title='bbox 1061 4085 1168 4144; x_wconf 89' lang='lat' dir='ltr'>autem</span> <span class='ocrx_word' id='word_1_273' title='bbox 1192 4081 1312 4165; x_wconf 76' lang='lat' dir='ltr'>tepetis</span> 
     </span>
     <span class='ocr_line' id='line_1_32' title="bbox 126 4193 1310 4292; baseline -0.002 -21"><span class='ocrx_word' id='word_1_274' title='bbox 126 4207 318 4292; x_wconf 90' lang='lat' dir='ltr'>saepissime</span> <span class='ocrx_word' id='word_1_275' title='bbox 341 4193 563 4291; x_wconf 84' lang='lat' dir='ltr'>componenda</span> <span class='ocrx_word' id='word_1_276' title='bbox 585 4216 636 4273; x_wconf 89' lang='lat' dir='ltr'>est</span> <span class='ocrx_word' id='word_1_277' title='bbox 650 4227 727 4273; x_wconf 81' lang='lat' dir='ltr'>cum</span> <span class='ocrx_word' id='word_1_278' title='bbox 750 4216 888 4288; x_wconf 85' lang='lat' dir='ltr'>secreto,</span> <span class='ocrx_word' id='word_1_279' title='bbox 906 4208 979 4290; x_wconf 86' lang='lat' dir='ltr'>quia</span> <span class='ocrx_word' id='word_1_280' title='bbox 1002 4207 1035 4269; x_wconf 90' lang='lat' dir='ltr'>in</span> <span class='ocrx_word' id='word_1_281' title='bbox 1060 4223 1183 4290; x_wconf 85' lang='lat' dir='ltr'>genere</span> <span class='ocrx_word' id='word_1_282' title='bbox 1206 4225 1226 4268; x_wconf 89' lang='lat' dir='ltr'>a</span> <span class='ocrx_word' id='word_1_283' title='bbox 1249 4204 1310 4270; x_wconf 92' lang='lat' dir='ltr'>cle·</span> 
     </span>
    </p>
   </div>
   <div class='ocr_carea' id='block_1_5' title="bbox 215 4466 1308 4538">
    <p class='ocr_par' dir='ltr' id='par_1_7' title="bbox 215 4466 1308 4538">
     <span class='ocr_line' id='line_1_33' title="bbox 215 4466 1308 4538; baseline -0.002 -16"><span class='ocrx_word' id='word_1_284' title='bbox 215 4469 259 4538; x_wconf 86' lang='lat' dir='ltr'>(l)</span> <span class='ocrx_word' id='word_1_285' title='bbox 279 4468 417 4523; x_wconf 82' lang='lat' dir='ltr'>Analecta</span> <span class='ocrx_word' id='word_1_286' title='bbox 433 4469 597 4524; x_wconf 82' lang='lat' dir='ltr'>lurisPont.</span> <span class='ocrx_word' id='word_1_287' title='bbox 612 4467 752 4534; x_wconf 79' lang='lat' dir='ltr'>t&#39;01.xx;</span> <span class='ocrx_word' id='word_1_288' title='bbox 773 4487 796 4538; x_wconf 83' lang='grc' dir='ltr'>ρ.</span> <span class='ocrx_word' id='word_1_289' title='bbox 817 4469 867 4532; x_wconf 83' lang='grc'>82;</span> <span class='ocrx_word' id='word_1_290' title='bbox 886 4469 953 4523; x_wconf 88' lang='lat' dir='ltr'>item</span> <span class='ocrx_word' id='word_1_291' title='bbox 973 4469 1006 4522; x_wconf 83' lang='lat' dir='ltr'>cl.</span> <span class='ocrx_word' id='word_1_292' title='bbox 1024 4467 1084 4521; x_wconf 93' lang='lat' dir='ltr'>Vol.</span> <span class='ocrx_word' id='word_1_293' title='bbox 1099 4467 1176 4531; x_wconf 82' lang='lat' dir='ltr'>xlx,</span> <span class='ocrx_word' id='word_1_294' title='bbox 1191 4485 1216 4536; x_wconf 92' lang='lat' dir='ltr'>p.</span> <span class='ocrx_word' id='word_1_295' title='bbox 1232 4466 1308 4520; x_wconf 81' lang='lat'>1124.</span> 
     </span>
    </p>
   </div>
   <div class='ocr_carea' id='block_1_6' title="bbox 0 0 1680 5100">
    <p class='ocr_par' dir='ltr' id='par_1_8' title="bbox 0 0 1680 5100">
     <span class='ocr_line' id='line_1_34' title="bbox 0 0 1680 5100; baseline 0 1"><span class='ocrx_word' id='word_1_296' title='bbox 0 0 1680 5100; x_wconf 95' lang='lat' dir='ltr'> </span> 
     </span>
    </p>
   </div>
  </div>
 </body>
</html>
