3350 5100
428 350 471 397 nn
495 349 635 398 runicus
659 348 901 397 caruissemus
925 350 961 395 ru
986 349 1103 409 srncrp
1291 330 1355 393 477

178 476 217 541 in
250 472 359 541 Consi.
387 474 499 558 Apost.
533 475 594 540 Dm
629 492 859 540 mammons
889 472 1072 559 requisitis,
1095 472 1355 541 matrimonium

176 598 301 683 poterit
316 597 360 664 ab
377 597 571 664 Ordinnmia
586 597 758 663 declarari
780 600 925 673 nultum,
944 618 1020 663 mm
1034 598 1226 663 imerumtu
1242 604 1355 664 tamen

179 722 370 805 defensoris
384 723 512 790 vinculi
525 723 798 805 matrimonialis,
811 724 895 808 quin
908 742 994 806 opus
1008 724 1052 789 eit
1067 740 1218 790 securum
1230 724 1355 789 insten-

180 848 227 913 tia
242 869 274 911 a,
301 847 458 913 Nimirum
480 846 672 913 advertatur
699 849 732 911 in
755 851 875 930 prima
898 849 1052 913 instantia
1078 850 1208 913 omnino
1233 848 1355 932 requiri

180 970 361 1038 defensoris
384 980 478 1038 matr.
502 992 645 1057 operam.

270 1099 344 1165 445.
369 1096 639 1182 Quotiescumque
662 1117 752 1170 vero,
776 1098 864 1164 hunc
887 1096 1058 1164 officialem
1081 1099 1240 1163 interesse
1262 1116 1356 1182 opor·

179 1228 246 1288 teat
268 1229 302 1290 at
325 1222 378 1288 hic
401 1243 466 1290 non
489 1225 619 1290 intersit
649 1224 765 1309 quippe
788 1224 905 1289 citatus
928 1242 992 1288 non
1018 1228 1076 1297 est,
1101 1223 1299 1297 decernitun
1323 1223 1357 1286 in

180 1366 326 1433 poenam.
342 1348 482 1415 nuttios
503 1354 667 1424 actorum
692 1350 737 1414 ita
760 1367 802 1414 ax
825 1351 879 1414 cit.
898 1348 1017 1423 Consi..
1041 1350 1118 1431 §7³
1146 1349 1357 1426 ‹Quaecum-

180 1491 243 1555 qne
264 1490 353 1546 vero,
370 1491 409 1537 ao
426 1492 490 1537 non
512 1472 655 1558 legitima
677 1473 775 1540 citato
789 1479 845 1538 ant
859 1474 1016 1555 intimato,
1034 1475 1068 1538 in
1084 1473 1199 1539 iudicio
1223 1480 1358 1558 perucia

181 1595 313 1676 inerint,
337 1594 435 1668 nulla,
459 1594 563 1667 irrita,
587 1614 680 1661 cassa
709 1594 957 1661 declaramus...
990 1596 1124 1681 perinde
1146 1616 1186 1661 ac
1209 1598 1235 1663 si
1260 1598 1357 1664 citata

180 1726 214 1786 et
236 1722 383 1789 intimata
405 1741 470 1786 non
493 1726 579 1787 esset
601 1740 641 1786 ea
664 1741 749 1807 pars,
777 1718 993 1788 cuius‘eitari
1026 1724 1240 1788 intererat-et
1262 1740 1356 1805 quam

182 1848 272 1911 iuxta
294 1847 403 1933 legum
425 1851 459 1913 et
481 1866 642 1913 canonum
665 1847 867 1932 praescripta
882 1846 922 1911 ad
946 1848 1121 1933 legitimam
1145 1846 1254 1913 iudicii
1277 1847 1357 1912 vali·

181 1972 313 2037 ditatam
328 1972 422 2037 citari
434 1979 490 2037 aut
505 1973 647 2038 intimari
663 1958 793 2037 omnine
809 1974 1029 2038 necessarium
1043 1978 1156 2037 erat...
1171 1968 1200 2037 »ζ
1216 1970 1357 2036 Proinde

181 2098 279 2162 ontio
292 2102 326 2162 et
341 2114 439 2163 caasa
457 2096 668 2163 declarantur
691 2100 753 2163 ista
775 2103 849 2163 acta
864 2116 903 2162 ac
919 2100 946 2163 si
962 2116 1027 2162 non
1043 2098 1166 2162 fuerint
1180 2094 1357 2163 iudicintin

181 2228 237 2287 aut
260 2222 487 2304 contentiosas
510 2230 542 2288 et
564 2220 740 2289 iudicialiu
766 2242 830 2302 non
857 2222 1010 2287 dicuntur
1032 2228 1106 2288 acta
1128 2240 1210 2305 quae
1233 2240 1357 2305 ponun-

181 2356 237 2414 tur
258 2368 323 2413 non
346 2350 445 2413 citata
466 2354 559 2433 parte
583 2350 674 2414 cuius
705 2350 858 2438 interest:
883 2368 980 2414 causa
1012 2354 1119 2413 autem
1147 2348 1186 2413 de
1210 2348 1358 2411 nullitate

183 2473 376 2538 matrimonii
399 2471 605 2539 iudicialiter
627 2474 735 2558 agitur
757 2474 843 2538 inter
866 2492 948 2547 eum,
974 2474 1026 2559 qui
1050 2473 1113 2539 boc
1136 2471 1260 2552 nullum
1288 2491 1358 2536 esse

183 2596 347 2662 contendit
378 2602 411 2663 et
429 2595 644 2662 defensorem
674 2603 768 2662 matr.
800 2599 854 2680 qui
887 2598 956 2662 eius
987 2597 1188 2664 validitatem
1219 2594 1358 2681 probare

182 2721 305 2786 nititur.
1037 2707 1039 2712 ¹

272 2845 347 2910 446.
373 2845 526 2910 Sanctum
549 2852 582 2909 at
605 2845 790 2930 religiosum
820 2845 975 2929 quocirca
1002 2849 1051 2910 est
1074 2841 1214 2908 officium
1246 2842 1359 2907 deten-

185 2970 265 3033 soris
289 2976 381 3035 matr.
407 2975 440 3034 et
462 2968 660 3034 Benedictus
683 2970 766 3034 XlV
789 2971 822 3035 in
847 2973 900 3035 cit.
919 2970 1026 3036 Oonst.
1044 2970 1144 3042 iussit,
1168 2969 1241 3051 57:
1266 2968 1358 3032 ‹Ile-

184 3092 296 3158 fenser
317 3099 434 3167 autem,
451 3113 525 3157 eum
548 3095 578 3158 ai
601 3113 717 3158 munus
740 3092 920 3159 huiusmodi
947 3095 1175 3166 committatur,
1196 3095 1358 3157 iuramen-

183 3223 250 3281 tum
272 3215 450 3301 praestabit
478 3212 618 3281 fldeliter
644 3214 787 3282 officium
813 3237 907 3282 snum
934 3215 1072 3282 obeundi
1095 3221 1128 3282 et
1151 3216 1361 3300 quotiescum·

184 3358 246 3422 que
270 3341 442 3424 contigerit
464 3340 555 3404 utin
578 3339 696 3404 iudicio
726 3339 840 3404 adesse
870 3337 985 3404 debeat
1007 3359 1067 3423 pro
1090 3340 1225 3406 alicuius
1248 3340 1358 3404 matri-

184 3465 282 3529 monii
304 3465 469 3530 validitate
490 3465 620 3538 tueuda,
645 3485 759 3531 rursus
785 3465 868 3531 idem
900 3467 1117 3532 iuramentum
1141 3465 1359 3551 praebebit».

275 3589 348 3652 447.
375 3589 661 3656 Providentissime
685 3589 878 3655 Benedictus
904 3589 985 3655 XIV
1009 3593 1042 3655 in
1066 3590 1119 3656 cit.
1144 3590 1250 3656 Genst.
1275 3591 1295 3672 ἐ
1318 3588 1361 3653 12

186 3711 347 3777 consuluit
376 3715 472 3777 etiam
502 3713 597 3778 huius
628 3712 776 3779 officialis
805 3712 949 3778 mercedi
980 3717 1141 3778 statuens:
1168 3711 1361 3776 ‹Deienser

186 3843 279 3902 matr.
305 3859 399 3922 quem
422 3839 462 3904 ad
485 3859 601 3905 munus
625 3861 715 3905 sunm
747 3841 850 3925 gratis
880 3837 1061 3904 obeundum
1085 3859 1144 3925 pro
1168 3855 1279 3902 amore
1302 3837 1360 3902 Dei

186 3966 219 4028 et
241 3964 380 4046 proximi
404 3964 542 4030 utilitate
564 3969 596 4029 et
620 3965 787 4030 Ecclesiae
814 3965 1003 4030 reverentia
1025 3965 1058 4028 in
1082 3963 1216 4028 Domino
1245 3960 1361 4026 exhor·

180 4093 302 4159 tamur,
326 4087 353 4152 si
376 4106 510 4172 operam
540 4107 630 4153 suam
661 4090 731 4154 sine
761 4087 914 4153 mercede
940 4092 995 4153 aut
1024 4088 1153 4167 salario,
1181 4086 1293 4169 aliqua
1319 4105 1361 4151 ex

185 4210 475 4292 causa,‘exhibere
499 4213 710 4285 recusaverit,
734 4211 774 4277 ab
798 4213 898 4296 ipsius
921 4230 1038 4276 censae
1063 4211 1168 4277 iudice
1190 4213 1220 4278 ei
1241 4214 1360 4278 consti-

186 4340 296 4401 tuatur
319 4342 352 4401 et
373 4334 414 4400 ab
438 4355 476 4400 ea
500 4341 592 4420 parte
620 4355 702 4420 quae
730 4355 789 4421 pro
817 4337 1012 4402 matrimonii
1040 4337 1204 4405 validitate
1232 4338 1307 4424 agit,
1332 4339 1359 4403 si

184 4458 246 4542 ipsi
270 4458 407 4523 facultas
422 4459 472 4531 sit,
492 4457 651 4535 salvatum
676 4459 724 4523 sin
749 4460 852 4524 minus
869 4477 889 4524 a
905 4459 1009 4525 iudice
1026 4460 1150 4544 primae
1172 4459 1226 4524 vel
1249 4479 1361 4526 secun-
