3350 5100
427 322 471 368 DE
495 321 633 370 lUDICIIS
657 322 901 372 calumniatis
926 319 961 365 lN
986 319 1102 368 sanem
1287 307 1351 374 481

177 451 293 508 contra
306 445 443 522 alicuius
454 447 649 512 matrimonii
665 448 863 515 validitatem
875 447 1024 530 simmaco
1036 447 1253 514 denunciatio
1267 449 1355 518 facta

177 565 285 638 tuerit,
302 572 359 631 aut
371 566 471 649 soma
485 568 730 636 fundamentum
745 571 893 637 veritatis
909 567 1147 654 praeseferens,
1163 570 1203 635 de
1218 571 1355 640 alicuius

177 689 394 774 impedimenti
409 695 584 758 existentia
598 691 765 780 divulgata
779 700 830 760 est
845 715 875 760 a.
893 693 976 760 Heio
992 695 1260 761 matrimonialem
1276 715 1353 764 cau·

175 831 243 877 sam
265 813 331 878 late
353 815 516 887 sumimus,
540 816 853 900 comprehendentes
883 835 995 882 omnes
1021 819 1260 884 controversias
1284 821 1354 884 sive

176 938 455 1020 desponsalibus
484 941 567 1013 sive,
592 941 633 1006 de
654 942 874 1009 matrimonio
905 943 1052 1027 agitatas.
1085 939 1148 1008 Sed
1180 943 1213 1006 in
1240 944 1352 1028 primis

175 1061 300 1145 agimus
314 1060 354 1126 de
369 1063 575 1150 accusatione
597 1065 793 1129 matrimonii
816 1066 880 1130 iam
904 1065 1077 1140 contracti,
1094 1072 1206 1149 postea
1222 1063 1262 1130 de
1282 1066 1354 1134 inre

175 1186 358 1252 accusandi·
377 1189 614 1254 matrimonium
646 1190 935 1270 contrabendum,
960 1189 1158 1276 potissimum
1190 1210 1233 1256 ex
1258 1191 1352 1256 titulo

173 1311 397 1393 sponsalium.

263 1434 339 1500 451.
363 1435 489 1521 Regula
518 1437 681 1522 generalis
704 1443 762 1510 est,
787 1436 962 1521 quemlibet
984 1436 1024 1502 de
1047 1437 1164 1522 populo
1187 1435 1351 1503 matrimo-

174 1561 260 1624 nium
284 1579 440 1626 accusare
462 1580 564 1645 posse,
588 1561 644 1626 sed
668 1562 745 1627 huic
767 1562 902 1647 regulae
925 1561 1012 1626 facta
1029 1566 1078 1626 est
1101 1563 1250 1648 exceptio
1274 1581 1353 1627 non·

173 1683 270 1749 nullis
285 1686 318 1748 in
334 1684 470 1757 casibus,
488 1686 602 1769 quibus
621 1687 673 1752 vel
694 1693 786 1786 certa
800 1687 914 1753 nolitia
929 1686 1147 1772 impedimenti
1165 1707 1229 1752 non
1246 1691 1352 1773 potest

173 1808 285 1873 haberi
309 1810 370 1874 nisi
393 1830 414 1874 a
435 1810 634 1896 coniugibus,
659 1812 711 1876 vel
734 1830 755 1874 a
777 1810 967 1896 coniugibus
994 1813 1069 1896 ipsis
1093 1811 1144 1878 vel
1168 1811 1209 1876 ab
1231 1812 1348 1877 horum

171 1930 276 1997 altero
307 1934 509 1998 renunciatio
531 1929 602 1998 deri
632 1938 739 2019 potest
760 1934 823 1998 iuri
848 1933 1034 2000 accurandi
1058 1935 1159 2018 ipsum
1184 1935 1348 2000 matrimo-

173 2056 271 2117 nium.

261 2179 335 2244 452.
360 2181 398 2246 ln
422 2182 534 2266 primis
557 2185 681 2246 tantum
698 2181 851 2267 coniuges
866 2200 1022 2246 accusare
1039 2186 1172 2266 possunt
1191 2184 1351 2249 matrimo-

172 2305 259 2368 nium
274 2303 305 2389 l)
317 2325 360 2370 ex
376 2307 481 2389 capite
493 2305 731 2389 impotentioe;
746 2307 821 2389 quia
835 2306 882 2370 ait
897 2305 948 2372 cit.
963 2305 1062 2372 Instr.
1080 2305 1112 2371 S.
1126 2303 1233 2372 Officii
1249 2306 1350 2389 §452

173 2448 249 2494 (....
274 2430 351 2515 ipsis
374 2429 576 2496 solummodo·
593 2430 657 2496 hoc
680 2430 802 2496 factum
825 2431 988 2517 cognitum
1014 2450 1086 2497 esse
1109 2437 1213 2516 potest
1236 2437 1268 2498 et
1290 2433 1351 2517 ipsi

170 2554 389 2621 tantummodo
411 2556 475 2622 hac
498 2555 539 2622 de
562 2576 600 2621 rs
629 2557 758 2621 solliciti
788 2576 861 2622 esse
884 2556 999 2623 debent
1024 2577 1062 2623 a:
1095 2555 1251 2641 Equidem
1278 2576 1348 2643 arg.

170 2702 197 2747 c.
214 2701 242 2747 c.
262 2680 285 2744 4
308 2686 338 2745 et
360 2680 395 2756 5,
420 2680 470 2746 Dc
491 2679 610 2767 fripid
627 2687 659 2748 et
680 2681 796 2764 moles.
814 2682 849 2746 X
869 2681 941 2766 (IV,
961 2680 1014 2765 15)
1038 2682 1193 2768 coniuges
1216 2688 1351 2768 possunt

170 2804 296 2868 insimul
320 2802 509 2870 cohabitare
531 2806 578 2869 uti
601 2805 707 2869 frater
731 2812 763 2869 et
786 2824 888 2869 soror.
910 2804 972 2871 Sed
990 2806 1092 2871 lustr.
1109 2806 1235 2879 Austr„
1252 2807 1273 2889 S
1290 2806 1350 2871 118

169 2926 326 2993 advertit:
359 2928 544 3013 «Propter
573 2930 793 3014 impotentiam
824 2930 1063 2995 matrimonium
1094 2931 1347 3003 consummandi,

169 3051 236 3116 uisi
249 3052 387 3118 notorio
402 3053 445 3118 rit
459 3055 614 3140 coniuges
629 3059 753 3120 tantum
769 3056 1007 3121 matrimonium
1024 3074 1181 3121 accusare
1193 3056 1303 3121 valent
1315 3075 1345 3120 a.

171 3178 251 3243 Nam
270 3176 449 3245 cinctoria
473 3184 521 3244 eat
537 3186 569 3243 et
583 3178 771 3244 scandalum
786 3182 829 3245 sit
845 3182 877 3243 in
893 3178 987 3264 plebe
1004 3180 1191 3251 christiana,
1208 3186 1243 3247 ut
1258 3198 1347 3262 ecce,

169 3305 244 3387 quia
266 3305 420 3389 coniuges
443 3306 488 3370 ita
502 3303 625 3371 libidini
648 3305 783 3371 liberius
804 3304 975 3391 indulgere
998 3324 1033 3371 se
1049 3306 1172 3371 iactant
1187 3312 1218 3371 et
1234 3324 1346 3381 omnes

168 3433 297 3503 norunt,
320 3434 399 3495 tunc
422 3430 515 3495 curia
541 3431 609 3495 sive
632 3448 678 3496 eu
699 3430 819 3514 officio,
843 3431 912 3495 sive
940 3428 982 3495 ad
1003 3430 1266 3511 commotionem,
1288 3435 1346 3495 aut

168 3553 463 3620 donandutmuem
475 3552 516 3618 de
528 3573 639 3619 rerum
655 3554 794 3619 veritate
806 3554 1043 3638 inquisitionem
1056 3554 1227 3619 instituere
1239 3558 1343 3637 potest

169 3678 264 3741 etiam
287 3676 496 3745 iudicialem.
518 3676 616 3743 Instr.
641 3677 768 3751 Aucta„
792 3677 814 3759 5
837 3676 918 3742 122.

256 3798 290 3885 2)
315 3796 440 3867 Instare
463 3800 504 3867 ad
527 3799 732 3867 obtinendam
759 3800 1029 3885 dispensationem
1053 3803 1289 3865 ematurata
1314 3803 1345 3863 et

167 3940 237 3989 uon
259 3931 503 3999 consummato,
524 3929 561 3991 ut
583 3931 659 4010 puta
682 3945 779 4009 quum
802 3924 989 4010 impotentia
1005 3928 1055 3989 est
1078 3922 1184 4005 dubia,
1199 3927 1257 3989 aut
1278 3941 1342 3987 non

167 4053 217 4111 est
231 4046 342 4112 forsan
354 4053 534 4133 perpetua,
550 4056 606 4116 aut
620 4070 685 4115 non
702 4050 913 4130 antecedens,
926 4050 1079 4135 competit
1093 4054 1217 4113 tantum
1233 4048 1344 4113 coniu-

166 4171 259 4256 gibus
282 4177 316 4237 et
337 4173 468 4257 planum
494 4180 553 4241 est.

255 4295 332 4363 453.
356 4299 530 4364 Accusatio
559 4300 712 4384 competit
741 4304 867 4365 tantum
894 4300 957 4366 uni
980 4318 1023 4364 ex
1046 4300 1235 4386 coniugibus
1261 4300 1293 4386 l)
1318 4302 1344 4365 si

165 4425 283 4506 agatur
304 4420 345 4487 de
368 4422 549 4489 accusando
578 4423 739 4491 adulterio
761 4422 803 4489 ad
826 4422 1030 4490 obtinendam
1062 4426 1300 4511 separationem
1323 4446 1343 4491 a

239 4545 298 4598 Soc.
324 4544 399 4615 Lepci
418 4544 478 4599 Lib.
499 4545 531 4611 ll,
550 4546 604 4601 vol.
623 4546 669 4599 lV.
1239 4548 1269 4603 31
