3350 5100
412 314 455 359 nn
479 312 619 360 runrcns
642 310 885 360 cmumnnreus
910 312 945 358 m
968 310 1085 358 senem
1269 294 1331 361 401

159 446 216 514 eal,
240 438 358 506 iubeas
381 446 416 503 ut
439 440 482 504 de
505 439 567 505 boc
585 439 718 504 decreto
741 438 900 504 muntium
924 437 1024 502 detur
1047 443 1203 504 accusato
1219 461 1251 501 ».
1273 442 1333 503 Ar-

158 566 275 631 ticulus
309 566 437 629 ordinat
471 570 577 632 actum
613 563 694 629 orati
725 562 947 648 disceptationi
983 565 1269 649 praemittendum,
1300 573 1336 632 ut

158 691 345 776 disceptatio
379 692 486 756 locum
517 690 651 762 habeat,
675 710 772 774 quum
805 691 954 774 expletus
983 694 1032 755 esl
1061 709 1232 775 processus
1267 693 1336 755 sive
1419 721 1425 733 ·

158 817 347 900 offensibus.
362 818 430 882 sive
445 816 647 899 defemciaus.
662 815 867 901 Quapropter
883 836 945 881 non
959 817 1138 881 destinatur
1153 816 1221 881 dies
1236 816 1336 882 disce-

159 944 319 1029 ptationis,
343 949 514 1027 antequam
538 948 706 1029 promotor
729 941 847 1009 fiscalis
875 944 1111 1007 examinaverit
1137 943 1335 1009 uuiversum

156 1086 354 1149 processum
370 1073 402 1130 et
424 1068 628 1147 restrictum,
645 1067 799 1150 quianon
823 1066 859 1130 fit
875 1066 1063 1151 disceptatio
1080 1068 1140 1133 nisi
1165 1088 1334 1153 processus

158 1192 200 1256 sit
222 1189 397 1256 ‹lefinitioni
422 1196 575 1255 maturus.
599 1226 617 1239 -
636 1193 721 1255 Ante
739 1191 1005 1273 publicationem
1029 1196 1195 1276 promotor
1218 1190 1336 1257 liscali's

159 1317 323 1381 examinat
337 1336 521 1402 processum
534 1316 777 1401 iaquisitioum,
794 1323 872 1382 anle
884 1317 1160 1399 disceptationem
1173 1322 1205 1382 et
1220 1336 1335 1382 causae

159 1438 386 1522 definitionem,
411 1460 596 1527 processum
624 1442 838 1525 defectivum,
860 1432 1024 1507 examinat
1052 1448 1086 1507 ut
1112 1442 1268 1507 decernat
1293 1462 1334 1505 an

159 1568 218 1633 iste
242 1562 396 1631 dicendus
410 1568 452 1631 sit
474 1567 552 1631 satis
574 1567 722 1632 evolutus
746 1568 778 1630 in
801 1582 933 1651 scopum
954 1569 1100 1633 veritatis
1124 1567 1333 1652 detegendae.

159 1693 254 1759 Suam
281 1695 474 1758 sententiam
497 1683 656 1779 significat
680 1699 844 1777 promotor
867 1691 985 1759 fiscalis
1009 1695 1041 1757 in
1066 1693 1334 1761 animadversio-

158 1819 267 1889 nibus.
292 1838 385 1903 quae,
401 1819 427 1883 si
452 1838 623 1902 processus
645 1818 795 1883 videatur
818 1822 895 1883 satis
919 1819 1127 1884 manifestare
1150 1824 1334 1884 accusatum

159 1946 292 2016 crimen.
311 1944 399 2008 nulla
422 1944 486 2008 alia
509 1944 698 2029 probatione
722 1946 882 2028 exquisita
905 1946 1000 2009 eliam
1025 1964 1067 2009 ex
1091 1951 1183 2031 parte
1199 1962 1334 2009 accusa-

158 2070 247 2141 toris,
271 2069 317 2133 ita
332 2073 511 2133 exarantur
535 2073 569 2132 ut
592 2072 779 2134 contineant
800 2068 874 2154 fisci
896 2069 1160 2153 requisitoriam,
1185 2071 1228 2133 uli
1253 2069 1337 2134 solet

159 2193 231 2266 dici,
244 2215 302 2259 seu
313 2163 509 2277 poenarum
521 2196 784 2277 postulationem
799 2195 837 2260 ia
852 2200 1058 2261 accusatum.
1076 2195 1127 2260 Nil
1143 2194 1228 2259 aliud
1240 2196 1336 2280 signi·

158 2317 257 2385 licant
268 2320 324 2385 illa
335 2320 437 2385 verba
451 2321 590 2400 articuli,
604 2338 718 2405 nempe
731 2320 815 2385 tradi
834 2340 1019 2405 processum
1034 2340 1134 2405 prom.
1149 2317 1250 2385 fiscali
1265 2340 1282 2381 ‹
1299 2326 1336 2385 al

159 2464 302 2511 munere
320 2465 382 2511 suo
406 2464 451 2510 em
470 2446 578 2529 officio
593 2445 763 2531 fuapalur
780 2468 807 2508 a.
827 2444 899 2525 Qui,
916 2446 941 2509 si
959 2448 1049 2531 putet
1065 2462 1250 2530 processum
1271 2465 1335 2510 non

160 2592 230 2636 esse
253 2573 330 2637 satis
357 2574 557 2643 instructum,
575 2573 759 2657 expostulat
781 2592 842 2656 per
864 2571 1160 2636 animadversiones
1183 2577 1215 2638 et
1238 2592 1335 2657 appo-

159 2697 252 2761 sitam
276 2698 520 2763 instructionem
546 2697 750 2782 probationes
774 2697 969 2762 coadiuvari.
997 2732 1013 2746 -
1040 2696 1151 2778 Iudex,
1173 2699 1225 2781 qui
1251 2698 1336 2764 feret

159 2825 350 2888 sententiam
368 2824 436 2888 sive
452 2823 644 2889 Ordinarins
668 2825 736 2888 sive
757 2823 933 2908 delegatus,
949 2823 1060 2888 sedulo
1076 2822 1247 2908 perpendit
1261 2843 1334 2909 pro·

160 2967 285 3013 cessum
304 2953 337 3045 et
353 2949 539 3013 restrictum
559 2955 600 3017 et,
618 2949 645 3012 si
661 2949 768 3012 ornnia
791 2949 821 3012 ei
845 2947 1016 3016 videantur
1032 2947 1174 3015 adhibita
1193 2947 1337 3031 legitima

160 3072 356 3158 probationis
378 3074 492 3156 media,
516 3073 631 3138 idonea
654 3073 694 3138 ad
720 3076 889 3140 veritatem
913 3073 1136 3158 detegendam,
1153 3076 1222 3140 sive
1245 3093 1335 3159 prae·

159 3197 267 3264 videat
289 3201 481 3264 sententiam
496 3199 568 3264 fore
584 3199 837 3280 absolutorium,
854 3201 923 3264 sive
948 3202 995 3263 rei
1020 3199 1335 3265 condemnatoriam

160 3324 242 3388 diem
267 3325 414 3405 destinat,
430 3345 494 3409 qua
516 3325 688 3390 habebitur
712 3326 811 3390 oralia
833 3345 952 3390 causae
976 3323 1172 3410 disceptatio,
1190 3325 1241 3389 cui
1261 3323 1335 3389 sub·

159 3454 313 3530 sequetur
339 3447 504 3514 definitiva
534 3451 702 3514 sententia.
728 3449 813 3513 Fisci
836 3449 1133 3514 animadversiones
1159 3455 1236 3514 tunc
1259 3468 1334 3533 per-

160 3575 271 3657 pendit
300 3574 397 3639 iudex
428 3594 578 3641 necnon
609 3575 789 3642 defensoris
815 3577 956 3640 accusati
981 3576 1032 3640 vel
1064 3575 1163 3660 ipsius
1194 3574 1335 3640 accusati

158 3699 370 3785 allegationes
393 3703 427 3764 in
449 3683 581 3767 iure'et
603 3703 635 3765 in
658 3701 759 3783 sacto,
785 3707 817 3766 et
840 3701 946 3766 omnia
970 3699 1080 3765 sedulo
1102 3701 1239 3763 rimatur
1261 3703 1335 3763 ante

159 3845 277 3891 causae
300 3825 574 3912 disceptationem.

248 3953 325 4018 334.
350 3954 518 4018 Postremo
543 3954 614 4018 laco
639 3954 796 4019 articulus
819 3953 923 4024 iubet,
955 3973 1046 4017 reum
1078 3951 1240 4017 citandum
1265 3971 1336 4016 esse

160 4086 194 4146 ut
209 4082 338 4148 intersit
359 4079 584 4164 disceptationi
607 4099 724 4144 causae
740 4084 773 4144 et
786 4081 978 4145 sententiam
1002 4077 1111 4144 audiat
1126 4075 1333 4143 definitivam.

105 4251 110 4256 ·
159 4207 274 4273 Gitatio
297 4211 404 4271 autem
436 4211 484 4270 est
513 4206 702 4270 necessaria
730 4224 835 4287 neque
859 4204 946 4268 valet
968 4205 1129 4268 sententia
1155 4201 1331 4274 definitiva,

159 4351 241 4416 quae
271 4331 407 4403 feratur,
433 4351 489 4396 reo
520 4352 584 4395 non
617 4333 726 4413 citata,
753 4332 798 4396 ita
824 4331 1039 4396 communiter
1071 4330 1133 4394 DD.
1163 4331 1206 4397 uli
1235 4329 1336 4394 tradit

159 4457 336 4542 Pellegrini
364 4477 417 4540 op.
442 4459 494 4524 cil.
514 4475 551 4540 p.
578 4457 639 4539 IV,
663 4463 738 4523 secl.
763 4456 815 4532 15,
840 4477 872 4522 a.
898 4456 1010 4542 Esca
1034 4457 1139 4522 Bouix
1163 4459 1183 4521 l.
1208 4455 1260 4522 cil.
1286 4454 1331 4524 H.

232 4581 673 4653 mmmmnmm
1230 4581 1265 4634 m
