3350 5100
387 326 475 381 QUAE
500 328 534 375 ΙΝ
562 326 685 375 TERTIO
711 328 889 377 VOLUMINB
913 326 1152 374 CONTINENTUR

176 454 291 504 excusat
309 466 326 503 a
345 450 470 517 crimine,
482 468 544 521 pag.
565 451 613 516 40;
625 480 638 494 -
650 468 667 505 a
679 468 744 507 cen·

178 539 250 585 sura,
271 537 334 591 pag.
358 521 414 577 150.

230 664 326 718 Misso.
346 691 380 705 -
399 664 514 725 Quando
533 664 634 720 offerre
658 662 742 720 liceat

178 750 227 802 pro
242 736 499 799 excommunicatis,
513 752 574 805 pag.
588 736 656 801 2063
668 766 681 779 ·
694 752 743 805 pro

178 804 307 869 tolerato,
318 822 380 875 pag.
394 805 664 877 loz-Praeceptum
675 808 744 861 Mis·

176 894 234 931 sam
254 876 382 932 audiendi
396 894 451 933 non
463 878 573 949 obligat
584 895 742 935 excommn-

178 950 309 1013 nicatum‚
329 964 392 1019 pag.
412 948 472 1013 208,
494 960 566 1005 nota.

229 1092 414 1146 Moderomcrs
446 1092 605 1163 inculpatae
639 1092 741 1149 tutelae

178 1190 211 1203 ·-
230 1167 381 1217 excusata
399 1162 525 1227 crimine,
544 1179 607 1233 pag.
626 1164 669 1217 48.

229 1305 345 1359 Manilio
365 1306 498 1361 cmsoaica
517 1334 549 1349 -
563 1310 629 1360 ante
645 1322 742 1361 censu·

177 1392 224 1429 raa
238 1376 434 1445 irrogationem
454 1377 666 1447 praemittenda,
679 1393 741 1447 pag.

177 1445 243 1571 ll?
263 1446 402 1503 -decreto
420 1448 664 1515 insordescentiae‚
678 1464 740 1518 pag.

229 1660 339 1715 Malata
357 1666 453 1717 -est
476 1678 576 1729 poena,
596 1677 659 1731 pag.
679 1661 740 1715 266.

176 1760 189 1772 ·
204 1732 374 1787 Mulctarum
390 1730 584 1801 depositarius,
604 1749 665 1802 pag.
680 1733 739 1787 268.

229 1875 372 1929 Matilario
393 1903 425 1917 -
446 1891 509 1945 pag.
531 1874 591 1929 394.

444 2056 477 2122 Ν

178 2280 196 2334 s
229 2208 384 2347 ἴαται-αἰῶ
405 2200 460 2281 filii
484 2240 519 2253 -
539 2214 625 2281 (Vide
650 2212 740 2285 illegi-

191 2297 237 2334 rmr
253 2321 258 2333 .

439 2428 471 2497 0

231 2585 741 2655 Obligati-adratiociniareddenda

176 2671 231 2712 non
248 2663 314 2710 sunt
331 2658 486 2732 ordinandi,
506 2677 566 2728 pag.
587 2661 647 2714 360.

231 2798 347 2853 Obsceni
358 2827 394 2839 —
407 2799 495 2868 (iibri)
508 2801 554 2870 qni
569 2818 603 2856 ex
617 2803 740 2870 professo

175 2885 220 2923 res
232 2868 352 2922 lascivas
361 2885 409 2922 scu
419 2871 554 2924 obscenas
567 2877 741 2941 pertractant

174 2941 287 2993 omnino
314 2939 510 3008 prohibentur,
530 2959 591 3012 pag.
612 2943 738 2997 430440.

131 3049 133 3056 .
176 3040 187 3052 -
208 3011 259 3071 Qui
279 3027 345 3064 vero
360 3026 416 3066 nou
430 3029 464 3066 ex
481 3015 610 3080 proless0,
625 3019 740 3084 possunt

176 3081 315 3150 prohiberi
337 3083 397 3136 iure
416 3083 547 3150 naturali,
561 3086 624 3140 ibid.
637 3114 649 3126 ·
663 3085 739 3140 Libri

175 3152 282 3206 classici
297 3153 409 3207 obsceni
424 3158 515 3208 utrum
531 3155 740 3224 prohibeantur,

176 3241 237 3293 pag.
257 3225 384 3278 440-441.

231 3366 357 3436 Officiuns
376 3395 410 3407 -
428 3369 578 3436 opponitur
591 3371 737 3424 beneficio.

175 3437 244 3499 Quid
264 3437 489 3506 comprehendat,
510 3457 573 3510 pag.
592 3440 652 3494 233.
669 3471 679 3482 -
696 3443 739 3496 Ab

174 3509 264 3564 officio
283 3511 428 3578 suspensio
444 3539 457 3552 ·
470 3511 556 3581 (Vide
575 3513 738 3582 suspensio).

148 3709 152 3715 ,
226 3651 426 3708 «dilatorum
448 3667 482 3710 ao
502 3667 643 3712 munerun
663 3671 681 3712 e
705 3685 738 3699 -

174 3723 344 3778 constitutio
364 3723 464 3778 Leonis
483 3725 546 3780 Xlll
566 3725 599 3780 de
618 3726 739 3796 prohibi·

177 3796 250 3850 tione
270 3800 299 3847 at
317 3811 435 3850 censura
454 3796 587 3852 librorum
610 3799 739 3865 refertur,

175 3883 235 3935 pag.
255 3865 383 3920 552-563.
405 3895 417 3908 ·
442 3867 508 3922 Eius
531 3873 738 3935 commentatio,

174 3953 236 4006 pag.
255 3935 382 3990 433-488.

230 4077 379 4134 Ordinatur
398 4107 433 4122 -·
452 4097 469 4134 a
486 4079 672 4136 schismaticis
693 4083 738 4138 vel

173 4147 338 4214 haereticis,
357 4151 456 4220 quibus
476 4154 570 4221 poenis
590 4153 739 4222 plectatur,

174 4237 235 4290 pag.
255 4221 316 4274 500.

230 4363 304 4418 Ordo
320 4381 479 4433 poenarum
497 4394 533 4407 -
551 4367 738 4432 ferendarum,

173 4435 260 4506 (Vide
279 4439 388 4504 poena).
660 4445 663 4452 ’

1299 308 1366 375 653

855 450 930 505 Ordo
948 467 1037 506 socer.
1051 480 1086 491 -·-
1100 449 1141 503 Ex
1154 449 1241 504 vetito
1259 449 1365 503 ordinis

797 522 932 577 exercitio
942 521 1137 590 irregularitas
1144 521 1294 587 inducitur,
1301 537 1363 591 pag.

798 593 864 647 317:
882 622 895 635 ·
915 592 944 646 1ο
957 594 992 647 ab
1005 593 1140 647 exercitio
1152 592 1182 646 in
1195 592 1291 649 ordine
1309 609 1364 647 non

797 669 936 734 suscepto,
948 666 1047 731 idida·
1064 681 1145 718 casira
1163 663 1286 731 potiores
1301 678 1364 733 pag.

797 734 867 801 3193
884 766 895 778 ·
914 752 950 789 an
969 754 1004 791 ex
1023 738 1098 801 ioco,
1117 752 1151 789 ex
1174 735 1363 800 simulatione,

797 824 860 876 pag.
880 804 946 872 3183
964 837 975 848 ·
994 810 1024 861 2⁰
1042 808 1077 861 ab
1101 806 1236 861 exarcitio
1259 806 1364 860 ordinis

797 878 825 931 ia
845 896 970 944 censura,
986 895 1049 948 pag.
1070 878 1138 943 3213
1152 879 1225 931 -snb
1243 877 1364 946 simplici

797 950 985 1020 prohibitione
994 950 1113 1015 poenali,
1121 964 1183 1019 pag.
1190 949 1252 1002 324.
1262 977 1271 989 -
1280 948 1364 1003 Exer-

797 1021 895 1075 citinm
904 1023 1010 1077 ordinis
1023 1037 1077 1075 non
1089 1026 1133 1076 est
1145 1022 1300 1088 snscepti03
1313 1036 1364 1075 nec
1414 1021 1417 1027 ‘

796 1092 902 1147 ordinis
920 1095 1033 1149 nomine
1052 1094 1129 1147 veuit
1148 1096 1277 1153 tonsura,
1296 1108 1377 1163 pag„

796 1163 865 1219 325:
878 1194 889 1207 ·
902 1164 932 1219 3⁰
950 1183 969 1219 a
980 1165 1170 1221 celebratione
1188 1162 1218 1217 iu
1237 1162 1299 1217 loco
1316 1177 1364 1216 no·

797 1236 925 1289 minatim
949 1236 1113 1299 interdicto,
1138 1233 1181 1289 vol
1207 1253 1221 1289 a
1246 1249 1364 1303 persona

797 1308 956 1375 interdicta,
975 1324 1037 1377 pag.
1057 1308 1111 1361 225
1129 1312 1158 1361 et
1176 1305 1238 1359 326.

854 1449 929 1504 Ordo
948 1453 1135 1505 tractactionis
1149 1476 1181 1489 -
1197 1447 1283 1501 totius
1297 1460 1360 1514 ope-

797 1520 844 1587 ris,
864 1537 925 1590 pag.
944 1520 970 1575 3.

1063 1701 1092 1767 P

850 1874 999 1947 Peregrini
1008 1903 1042 1917 —
1054 1891 1156 1945 poenas
1167 1874 1276 1929 alienae
1287 1872 1361 1927 dioe-

796 1948 868 2001 cesis
887 1964 941 2001 nou
961 1948 1116 2011 incurrunt,
1135 1963 1198 2015 pag.
1220 1946 1270 1999 148
1288 1955 1361 1998 nota.

850 2090 991 2143 Perioctici
1011 2118 1048 2131 —
1066 2088 1181 2158 (libelli)
1199 2088 1280 2159 qnid,
1299 2102 1361 2155 pag.

795 2159 857 2213 432,
874 2190 888 2201 -
907 2160 1008 2215 Liballi
1029 2160 1160 2230 periodici
1180 2161 1226 2229 qni
1250 2157 1361 2226 reiigio-

795 2249 859 2285 nern
872 2238 922 2285 aut
935 2233 1022 2287 bonos
1035 2248 1126 2286 mores
1137 2232 1203 2285 data
1215 2246 1299 2299 opera
1311 2232 1361 2281 im·

796 2308 903 2373 petunt
916 2302 1049 2372 prohibiti
1068 2308 1143 2369 sunt,
1156 2319 1219 2371 pag.
1234 2299 1360 2354 las-459.

850 2446 944 2500 Poena
962 2467 998 2487 -ι
1022 2444 1051 2497 in
1075 2445 1210 2499 socictate
1235 2441 1330 2503 cirili3
1349 2470 1362 2481 -

794 2518 856 2572 eius
865 2517 1076 2573 tundamentum
1086 2514 1159 2586 apud
1169 2523 1287 2579 veteres,
1297 2528 1360 2583 pag.

800 2589 846 2650 1ος
865 2619 875 2628 -
895 2597 990 2643 nostra
1008 2593 1111 2656 aetate,
1124 2603 1187 2656 pag.
1212 2589 1272 2640 12.·
1289 2585 1360 2637 Fun-

794 2660 954 2714 damentum
976 2666 1121 2721 remotum,
1141 2675 1203 2728 pag.
1226 2659 1267 2724 16,
1287 2665 1360 2710 riola.

794 2732 876 2854 'iliis‘
893 2748 1002 2800 semper
1020 2752 1038 2786 a
1052 2733 1123 2797 iore,
1137 2734 1191 2800 ser.
1204 2740 1284 2794 sent,
1296 2742 1358 2796 pag·

885 2873 915 2926 lu
928 2872 1065 2928 Ecclesia:
1077 2874 1288 2928 fundamentum
1302 2885 1362 2939 pro-

794 2945 913 3009 ximum,
934 2960 995 3012 pag.
1013 2944 1135 2998 etr-80.
1153 2972 1164 2984 ·
1184 2944 1255 2998 Lato
1277 2960 1360 3000 sensa

794 3016 936 3084 significat
960 3016 1177 3084 poeaitentiam,
1202 3031 1360 3082 consuram,

795 3103 912 3156 poenam
944 3087 1161 3150 vindicativsm,
1188 3101 1251 3156 pag.
1278 3089 1321 3140 87.
1347 3117 1360 3129 -

796 3159 889 3213 Poena
907 3174 968 3213 csse
986 3158 1069 3212 debet
1091 3158 1180 3222 iusta,
1199 3174 1263 3226 pag.
1281 3159 1331 3224 923
1348 3188 1361 3199 -

795 3228 966 3298 personalis,
995 3230 1205 3298 proportionata
1233 3229 1360 3294 crimini,

794 3317 857 3369 pag.
877 3299 920 3352 93.
940 3325 949 3339 ·
968 3302 1013 3354 An
1032 3302 1209 3371 geometrica,
1227 3300 1360 3356 arithme-

796 3372 860 3435 tico,
878 3371 923 3425 vel
942 3373 1092 3437 armonica,
1106 3389 1168 3440 pag.
1187 3373 1230 3425 88.
1250 3401 1259 3414 -
1279 3373 1360 3427 iuxta

794 3459 885 3498 moras
904 3443 998 3512 populi
1011 3451 1041 3497 et
1053 3443 1226 3512 reparabilis,
1240 3459 1301 3513 pag.
1314 3444 1359 3498 94.
1372 3493 1376 3498 ,

884 3513 1072 3584 Distinguitnr
1089 3534 1106 3568 a
1124 3519 1188 3569 iura
1205 3515 1251 3570 vel
1264 3519 1299 3570 ab
1311 3517 1360 3570 lio·

792 3587 878 3650 miae,
891 3602 953 3656 pag.
968 3587 1016 3653 963
1029 3615 1039 3627 ·
1054 3588 1127 3640 latae
1140 3596 1218 3650 cent,
1230 3587 1286 3640 vel.
1300 3589 1357 3655 ser.

794 3668 873 3720 sent..
893 3673 955 3726 pag.
973 3657 1009 3711 30
1027 3665 1056 3712 et
1078 3657 1136 3711 106.
1156 3686 1166 3696 -
1184 3657 1305 3712 Criteria
1319 3658 1360 3710 di·

793 3729 953 3782 stinctionis
966 3729 994 3782 in
1007 3729 1279 3792 casibusconcretis;
1294 3745 1357 3798 pag.

796 3799 855 3854 107.
865 3800 978 3854 -Poena
988 3799 1218 3864 conventionalia,
1227 3817 1288 3869 pag.
1300 3800 1359 3856 105.

885 3869 924 3924 lix
932 3877 1012 3939 parte
1019 3870 1261 3926 ellectnehabotur
1271 3887 1360 3940 poena

794 3942 922 4010 positiva,
935 3959 997 4011 pag.
1014 3943 1079 4006 1093
1092 3971 1101 3982 ·
1115 3959 1187 4012 quae
1205 3959 1260 3996 nou
1283 3948 1360 3997 tenet

793 4017 860 4066 ante
878 4014 1045 4068 sententiam
1058 4012 1281 4076 declinatorium,
1297 4029 1359 4083 pag.

796 4083 861 4138 11οε
883 4113 894 4125 ·
918 4084 996 4140 velet
1018 4102 1036 4138 a
1059 4092 1201 4140 momento
1224 4086 1358 4152 criminis,

793 4172 857 4223 pag.
886 4157 943 4208 111.
964 4184 978 4198 -
1002 4156 1156 4224 Negativa,
1181 4173 1242 4227 pag.
1267 4157 1330 4221 1093
1345 4185 1360 4200 ·

792 4241 865 4294 quae
877 4230 955 4282 tenet
965 4234 1031 4282 ante
1044 4229 1221 4295 seutentiam,
1232 4244 1294 4296 pag.
1309 4230 1354 4281 111

792 4303 822 4350 at
843 4296 902 4351 115.
920 4327 933 4338 -
951 4298 1049 4364 liliata,
1068 4315 1130 4368 pag.
1148 4299 1207 4365 100,
1220 4316 1291 4370 quae
1304 4316 1358 4353 non

793 4373 872 4422 tenet
885 4375 951 4424 aute
964 4371 1130 4425 sententiam
1151 4371 1250 4424 indicis
1263 4371 1316 4425 nisi
1330 4372 1359 4424 in

793 4441 927 4505 censuris,
947 4457 1008 4510 pag.
1031 4442 1089 4496 114.
