3350 5100
308 299 354 364 68
831 313 916 362 raas
939 313 962 359 1.

312 443 341 506 si
364 441 398 504 in
420 439 608 505 societatem
631 437 801 512 coiverint,
823 435 904 502 adeo
927 441 971 508 ut,
996 435 1122 501 collatis
1144 431 1276 506 viribus,
1302 431 1494 497 adnitantur

306 565 430 632 zizania
459 563 722 649 superseminare
744 563 778 626 iu
801 580 883 647 agro
907 561 1016 626 Patris
1041 560 1206 626 Caelestis.
1232 559 1303 623 Hac
1327 557 1367 623 de
1391 575 1491 622 causa

307 689 417 757 Consi.
441 690 507 771 Ap.
535 685 633 754 Sedis
656 686 988 752 excommunicatione
1016 684 1143 770 plectit,
1168 684 1357 768 simpliciter
1382 682 1495 766 Papae

309 817 492 887 reservata,
516 811 576 878 sub
599 831 630 876 n.
655 814 694 877 4:
721 809 889 876 «Nomen
913 809 1034 876 dantes
1055 807 1172 876 Seciae
1194 805 1410 874 Massonicae
1431 811 1496 872 aut·

312 936 564 1018 carbonariae,
592 941 653 1001 aul
682 936 761 1002 aliis
789 935 941 1002 eimdem
963 935 1098 1023 penoris
1124 934 1221 1002 seclis
1252 951 1341 1018 quae
1370 937 1492 998 contra

309 1061 497 1128 Ecclesiam
523 1061 576 1126 cel
600 1059 786 1146 lepilimum
808 1063 1009 1142 potestatem
1031 1078 1091 1125 seu
1113 1041 1243 1142 palam
1263 1076 1323 1123 sen
1354 1055 1495 1122 claude*

308 1187 394 1252 stine
424 1185 689 1266 neachinantur;
711 1203 775 1250 nec
796 1203 868 1272 non
890 1183 1011 1249 iisdem
1034 1183 1131 1250 seclis
1156 1182 1314 1266 favorem
1336 1183 1493 1265 qualem-

310 1331 455 1397 cumque
477 1315 703 1396 praestantes,
727 1328 888 1377 emumae
914 1311 1059 1378 occultos
1085 1309 1294 1396 coryphaeos
1321 1328 1363 1374 ac
1388 1307 1495 1376 duces

310 1452 380 1516 non
403 1431 652 1506 denuntiantes,
677 1431 785 1498 donec
805 1451 877 1499 nen
900 1431 1222 1498 denuntiaverint».
1487 1519 1493 1528 1

402 1556 569 1631 Quaenam
597 1557 662 1620 sint
691 1555 873 1620 huiusmodi
898 1557 1075 1623 societates
1106 1577 1163 1622 seu
1195 1561 1303 1621 sectae
1326 1555 1401 1620 heic
1430 1554 1497 1622 sub

311 1702 457 1750 censura
479 1681 691 1766 proscriptae,
708 1679 956 1746 discernendum
979 1686 1029 1747 est
1051 1699 1096 1746 esc
1118 1681 1195 1766 fine,
1220 1700 1278 1745 seu
1302 1701 1344 1745 ex
1362 1698 1494 1763 propo-

310 1806 374 1872 sito
397 1804 622 1871 machinandi
644 1808 762 1868 contra
784 1805 971 1870 Ecclesiam
995 1809 1051 1868 aut
1081 1803 1266 1890 lepitimcm
1293 1807 1495 1892 potestatem

314 1947 431 2014 nempe
454 1927 583 1994 civilem
606 1927 779 2012 politicam.
805 1925 966 2010 Siquidem
990 1906 1098 1993 sectae
1122 1946 1205 2011 quae
1235 1928 1298 1992 alio
1322 1945 1365 1992 ex
1389 1929 1498 2012 capite

312 2056 483 2121 damnatae
505 2054 647 2127 fuerunt,
673 2072 737 2118 non
760 2058 836 2118 sunt
866 2052 1025 2119 obnoxiae
1057 2054 1236 2118 sententiae
1268 2071 1425 2118 censurae
1449 2052 1493 2117 ibi

313 2182 409 2246 latae.
427 2179 519 2245 Haec
535 2178 695 2264 principia
711 2178 888 2262 explicavit
903 2177 934 2242 S.
952 2174 1102 2244 Officium
1119 2179 1152 2241 in
1168 2179 1246 2242 Inst.
1265 2177 1333 2244 diei
1348 2177 1391 2241 10
1405 2176 1496 2241 Maii

277 2391 281 2403 Ι
313 2303 412 2371 1881.
438 2302 501 2389 (cf.
525 2303 656 2370 Collect.
673 2301 778 2384 Prop.
798 2301 876 2367 Fid.
899 2321 934 2366 n.
951 2300 1064 2388 1865).
1089 2301 1207 2376 Quare,
1232 2303 1278 2367 uti
1301 2305 1436 2367 cavetur
1459 2303 1493 2364 in

313 2433 406 2498 textu
429 2429 548 2502 Gonst„
572 2447 745 2494 censuram
769 2427 853 2510 quod
876 2427 1002 2508 attinet,
1022 2446 1137 2511 parum
1161 2429 1297 2493 interest
1319 2447 1360 2492 en
1384 2431 1499 2493 sectae

313 2557 404 2623 clam
426 2554 479 2620 vei
499 2555 622 2638 palam
653 2553 890 2625 machinentur,
918 2572 968 2617 an·
984 2554 1157 2637 exegerint
1178 2552 1232 2645 uel
1258 2553 1364 2617 minus
1386 2572 1406 2615 a
1428 2553 1497 2617 suis

314 2680 446 2745 asseclis
469 2680 588 2744 secreti
611 2677 763 2743 servandi
781 2680 1007 2757 iuramentum,
1023 2676 1079 2743 sed
1098 2677 1268 2760 propositi
1284 2675 1495 2763 perpenditur

237 2797 241 2805 ’
315 2804 458 2869 intentio.
483 2840 504 2849 -
530 2803 612 2877 Quia
638 2821 718 2867 vero
742 2821 900 2866 censurae
916 2800 1050 2867 subsunt
1073 2820 1137 2865 non
1161 2821 1321 2885 personae
1344 2801 1498 2879 morales,

315 2926 502 3011 sedsinguli
518 2927 673 2998 asseclae,
690 2926 735 2989 uti
752 2924 917 2990 docuimus
933 2926 1008 2991 Vol.
1026 2925 1086 2997 111,
1099 2945 1132 2989 n.
1146 2925 1200 3001 98,
1216 2924 1353 3010 proinde
1373 2926 1408 2990 hi
1419 2945 1496 2989 cen-

314 3071 423 3115 suram
447 3051 619 3115 incurrunt
642 3051 695 3133 qui
722 3049 809 3115 hanc
831 3025 1153 3135 cognoscentesque
1176 3050 1295 3115 malum
1320 3048 1426 3123 finem,
1444 3052 1498 3115 cui

314 3180 424 3240 sectae
446 3172 626 3253 intendunt,
652 3179 856 3259 perspectum
880 3173 1011 3240 habent.

406 3299 457 3364 Ex
488 3298 619 3377 decreto
644 3297 675 3364 S.
701 3296 808 3365 Officii
831 3297 894 3363 diei
918 3300 962 3363 12
986 3298 1060 3365 Ian.
1086 3300 1187 3381 1870,
1212 3306 1301 3365 secta
1331 3320 1348 3361 <‹
1373 3299 1496 3365 Fenia-
1569 3292 1575 3301 ’

314 3445 477 3491 norum»
502 3424 535 3488 in
558 3424 712 3489 America
732 3443 788 3488 seu
804 3425 837 3489 in
856 3423 1014 3489 Hibernia
1030 3426 1202 3491 constituta
1218 3424 1279 3489 hoc
1304 3426 1336 3487 in
1361 3444 1501 3489 numero

316 3548 621 3635 comprehenditur3
639 3554 681 3619 et.
696 3550 727 3612 in
744 3568 867 3634 genere
882 3549 947 3614 huc
960 3556 1107 3633 spectant
1117 3570 1199 3634 quae
1213 3560 1321 3615 monet
1334 3550 1399 3614 Leo
1411 3550 1497 3617 Xlli

316 3674 350 3735 in
375 3672 510 3756 Encpcl.
528 3670 587 3737 litt.
612 3670 663 3736 28
685 3670 839 3738 Decemb.
856 3672 947 3737 1878
964 3671 1099 3738 docens:
1120 3691 1137 3735 a
1155 3673 1348 3757 Intellipllis
1369 3692 1432 3740 nos
1455 3673 1501 3737 cle

315 3796 376 3861 illa
400 3795 576 3862 hominum
598 3800 689 3860 secta
713 3795 815 3879 loqui,
836 3795 896 3879 qui
919 3795 1063 3861 diensis
1086 3815 1127 3861 ac
1145 3814 1235 3878 pene
1259 3795 1417 3861 barbaris
1440 3816 1500 3861 no·

286 3987 290 3993 ,
317 3918 476 3992 minibus,
494 3918 692 3992 socialistae‚
714 3920 958 3985 communistae
981 3925 1012 3985 el
1035 3918 1205 3985 nihilislae
1229 3920 1451 4001 appellantur
1465 3942 1498 3982 ».

318 4042 444 4109 Verum
461 4044 638 4109 socialistas
662 4044 808 4108 nonnulli
826 4044 889 4108 DD.
911 4044 1033 4109 vellent
1053 4042 1229 4110 excludere
1246 4045 1286 4109 ab
1303 4048 1363 4109 isto
1387 4064 1496 4115 censu.

316 4168 389 4232 illos
413 4188 529 4254 nempe
546 4168 600 4251 qui
615 4166 810 4253 profitentur
826 4188 861 4233 se
877 4167 1007 4233 studere
1024 4168 1120 4234 rebus
1137 4168 1279 4235 funditus
1303 4170 1396 4234 novis
1415 4190 1499 4235 asse·

317 4291 524 4375 quendisnon
537 4294 578 4366 vi,
588 4292 645 4358 sed
656 4293 772 4358 morali
785 4294 948 4358 hominum
961 4295 1190 4359 consensione:
1205 4296 1249 4359 ita
1258 4294 1500 4361 Vermeerschs

316 4416 368 4489 De
385 4415 521 4500 proltib.
538 4423 570 4483 el
584 4437 672 4483 cens.
690 4418 744 4483 lib.
761 4439 794 4483 n.
813 4416 865 4483 13.
885 4454 902 4466 ·
921 4416 1078 4501 Equidem
1101 4436 1167 4483 non
1183 4418 1298 4484 desunt
1319 4419 1502 4485 socialistae
