3350 5100
531 345 577 392 aa
599 345 753 394 osarcms
777 347 820 394 ar
844 345 964 394 rossus
1293 326 1339 392 69

152 467 210 550 qui
235 468 350 532 remoti
365 486 385 531 a
400 468 537 554 strepitu
551 487 661 534 rerum
677 467 889 554 publicarum,
906 467 1110 534 delectantur
1125 467 1192 533 suis
1209 467 1339 554 placitis

156 590 399 678 philosophicis,
416 597 449 658 et
471 591 555 658 haec
568 593 602 657 in
617 592 709 658 libris
723 593 886 680 evulgari,
903 591 957 658 vel
977 611 1021 658 ex
1036 589 1194 658 cathedra
1211 589 1338 666 docent.

151 717 234 799 quin
248 717 347 782 sectis
362 737 398 782 se
413 715 614 783 immisceant
624 737 737 783 eorum
749 719 803 802 qui
814 717 1006 784 adlaborant
1017 715 1058 784 ad
1074 717 1157 784 haec
1173 717 1341 802 proposita

152 860 222 925 quo
245 842 340 906 citius
363 847 397 908 et
418 842 541 928 largius
571 862 672 928 opere
701 840 917 928 perficienda;
941 845 1095 928 quocirca
1118 843 1169 908 isti
1199 839 1340 908 habendi

154 971 236 1030 strat
249 969 339 1051 quasi
355 967 489 1053 solivagi
502 968 731 1054 speculatores,
744 973 777 1034 et
792 968 833 1033 ab
849 967 912 1034 hac
924 986 1066 1033 censura
1081 969 1236 1034 immunes
1248 967 1341 1034 aesti-

156 1092 244 1155 mari
266 1098 407 1175 possunt.
426 1093 486 1158 Ast
507 1097 597 1158 secta
619 1093 855 1158 socialistarum
879 1091 966 1158 haud
989 1093 1114 1177 concipi
1136 1093 1233 1166 valet,
1257 1109 1340 1176 quae

159 1215 289 1280 reiiciat
309 1214 486 1280 violentiae
507 1215 622 1298 media,
638 1215 766 1301 quando
784 1216 868 1282 haec
883 1217 948 1282 sint
962 1219 1036 1302 apte
1053 1213 1260 1281 accommoda
1282 1211 1339 1280 fini

154 1339 397 1435 consequendo.
423 1377 442 1388 -
466 1342 505 1406 ln
527 1361 662 1424 summa,
684 1347 816 1408 tenetur
843 1341 905 1408 hac
927 1341 1089 1407 sententia
1121 1339 1340 1406 excommuni-

156 1463 296 1528 cationis
311 1482 458 1548 quaeque
480 1465 618 1529 societas
641 1465 674 1529 in
698 1463 729 1530 id
753 1463 912 1537 ordinata,
929 1464 982 1529 vel
1006 1469 1042 1529 ut
1065 1463 1203 1528 turmam
1219 1462 1340 1548 politici

159 1589 329 1674 regimims
347 1589 490 1676 legitime
505 1591 709 1657 constitutam
733 1592 888 1664 immutet,
913 1589 966 1655 vel
991 1595 1025 1655 ut
1048 1587 1168 1674 aliquid
1183 1590 1217 1652 in
1233 1587 1341 1674 populi

156 1729 270 1778 mores
286 1711 425 1787 inducat,
442 1718 499 1778 aut
519 1713 646 1800 legibus
661 1713 805 1780 obtineat
820 1715 961 1780 alienum
984 1733 1004 1778 a
1027 1712 1205 1799 disciplina.
1225 1729 1246 1776 a
1268 1710 1343 1776 iuri·

159 1833 230 1908 bus,
253 1855 275 1901 a
297 1837 446 1903 doctrina
468 1838 637 1904 Ecclesiae
660 1839 850 1906 catholicae.
868 1839 922 1905 Ex
943 1839 1006 1904 hoc
1030 1840 1135 1926 capite
1157 1837 1344 1924 plectuntur

160 1961 335 2028 societates
357 1962 517 2039 Biblicae;
546 1964 610 2049 (Pii
635 1964 685 2030 IX
709 1964 817 2031 const.
844 1963 908 2036 Qui
929 1963 1089 2048 pluribus
1110 1963 1212 2050 1846)
1237 1961 1342 2028 socie·
1402 1973 1404 1978 '

157 2093 246 2154 tates
268 2087 593 2172 clerico-lateralem
614 2088 751 2170 (Sillabo
774 2089 909 2176 5178),
934 2095 967 2154 et
989 2090 1072 2154 aliae
1095 2088 1125 2153 id
1149 2108 1262 2175 genus.

161 2241 165 2246 ·
252 2209 396 2278 Praeter
423 2232 551 2280 mmm
580 2213 712 2296 dantes,
739 2219 893 2280 tenentur
922 2213 986 2280 hac
1016 2233 1155 2280 censura
1184 2212 1341 2295 savorem

158 2338 447 2422 qacuiemcumqae
464 2343 689 2422 praestantes.
714 2339 830 2406 Faoor
852 2339 907 2404 hic
930 2338 1066 2424 intelligi
1090 2337 1186 2406 debet
1206 2335 1248 2403 ad
1271 2355 1344 2402 nor·

162 2482 248 2528 mam
267 2462 375 2530 Gonst.
394 2463 568 2529 Clementis
583 2464 664 2529 XII.
682 2465 724 2530 ln
746 2460 1343 2548 maineati‚29Apr.1738‚scilicet

162 2586 228 2651 late
250 2592 405 2671 sumptus,
422 2584 607 2673 significans
630 2588 789 2675 praebere
813 2588 1001 2660 consilium,
1019 2586 1201 2667 aemilium,
1221 2585 1345 2670 palam

160 2716 223 2779 eat
244 2712 285 2777 in
307 2714 445 2787 occulto,
462 2712 588 2780 directe
611 2718 667 2779 aut
687 2714 852 2780 indirecte
871 2732 938 2797 per
960 2732 995 2779 se
1019 2714 1071 2779 vet
1090 2731 1157 2796 per
1179 2711 1275 2785 aiios,
1291 2710 1344 2776 vel

162 2837 437 2905 comneoditatem
460 2843 698 2914 concentuum,
714 2845 770 2903 aut
792 2840 879 2903 viam
901 2836 1016 2920 facilis
1035 2836 1308 2923 propaqationis.
1326 2870 1344 2883 ·

162 2960 286 3036 Quaeri
312 2966 430 3047 potest,
460 2982 502 3027 an
523 2963 641 3029 domos
662 2963 773 3029 locare
795 2968 852 3028 aut
874 2961 1020 3029 vendere
1043 2960 1224 3027 huiusmodi
1248 2962 1345 3027 sectis

162 3090 207 3154 sit
228 3086 403 3154 obnoxium
427 3105 594 3155 censurae.
612 3090 655 3154 Et
676 3088 739 3153 hoc
757 3087 924 3156 videretur
939 3088 1036 3152 eximi
1060 3106 1080 3153 a
1103 3106 1251 3161 censura,
1269 3085 1345 3171 quia

161 3212 197 3277 in
216 3216 387 3278 contractu
411 3212 550 3279 ineundo
565 3233 630 3279 non
646 3212 856 3287 ardeatinam,
873 3232 970 3297 quum
987 3218 1142 3279 servatur
1164 3210 1343 3296 aequalitas

162 3338 253 3402 inter
275 3356 418 3402 mercem
441 3342 474 3402 et
495 3337 644 3424 pretium.
669 3338 799 3403 Revera
821 3338 932 3422 incipit
946 3335 1057 3419 fauor,
1081 3336 1134 3401 vel
1158 3337 1241 3401 siin
1265 3354 1341 3401 con-

162 3464 275 3527 tractu
290 3466 523 3527 conservatur
545 3462 607 3527 ista
629 3461 806 3545 aequalitas
828 3462 862 3525 in
878 3458 1079 3526 commodum
1101 3465 1274 3533 sectarum,
1290 3460 1343 3524 vel

164 3584 192 3647 si
216 3582 281 3648 hac
303 3581 464 3649 locatione
486 3588 543 3649 aut
565 3582 750 3651 venditione
772 3603 837 3648 non
853 3584 943 3665 inita,
959 3583 1039 3647 allas
1053 3582 1193 3667 aliquem
1216 3580 1343 3666 asylum

164 3726 232 3772 aon
259 3709 461 3793 reperissent
486 3709 634 3774 sectarii:
665 3714 744 3773 tuuc
773 3708 858 3773 enim
883 3706 994 3773 domus
1022 3712 1129 3792 empta
1156 3709 1212 3771 aut
1241 3703 1348 3770 locata

166 3837 340 3915 prosecta
363 3831 462 3898 habet
483 3834 637 3898 maiorem
660 3832 806 3897 valorem
828 3851 908 3917 prae
930 3832 1037 3897 venali
1061 3831 1174 3916 pretio.
1199 3828 1344 3901 (leniaci,

164 3974 222 4041 op.
247 3958 300 4023 cit.
325 3956 401 4022 Vol.
427 3958 473 4040 ll,
497 3956 572 4024 596.

165 4067 169 4073 ’
217 4060 222 4069 ’
258 4082 403 4167 Denique
422 4083 529 4148 fertur
547 4080 630 4147 haec
651 4099 791 4147 censura
814 4080 849 4144 in
876 4098 1069 4155 «coramve
1092 4078 1239 4145 occultos
1254 4096 1349 4161 cory-

167 4204 297 4287 phaeos
319 4210 380 4270 eat
402 4206 505 4272 duces
526 4224 598 4272 noa
620 4202 875 4282 emundantes,
900 4202 1007 4268 donec
1028 4220 1099 4268 aon
1121 4200 1348 4269 denunciare·

169 4324 240 4391 rint
255 4346 287 4392 a.
312 4326 414 4392 Recte
436 4329 547 4394 monet
568 4328 650 4393 Inst.
670 4324 702 4390 S.
720 4320 783 4391 off.
800 4324 843 4389 16
866 4321 942 4388 lun.
958 4322 1052 4390 1870
1076 4319 1174 4408 (Acta
1189 4321 1225 4389 S.
1241 4320 1348 4397 Sedis,

172 4443 246 4514 Vol
258 4450 320 4533 VI,
336 4472 366 4537 p.
381 4450 469 4536 433),
486 4469 552 4516 non
567 4469 624 4515 eos
639 4448 789 4514 desinere
804 4468 875 4516 esse
887 4448 1033 4516 occultos
1048 4446 1261 4533 coryphaeos,
1275 4464 1351 4530 quo·
