3350 5100
517 327 562 374 un
585 327 739 375 onereris
764 328 806 374 nr
830 327 952 374 nonnis
1280 309 1327 372 45

152 449 241 512 bonis
256 448 394 514 clericus
425 448 665 515 inscribebatur
695 448 822 515 cuidam
856 449 1023 514 Ecclesiae
1046 469 1104 514 seu
1127 448 1323 514 sortiebatur

151 572 266 638 reditus
297 572 549 658 praebendales;
572 579 607 638 at
629 574 816 660 iampridem
849 574 1010 639 disiuncta
1041 587 1137 638 ests.
1164 573 1322 640 ordinatio

149 698 357 764 acollatione
384 697 615 765 beneficiorum
643 705 675 764 et
698 699 772 764 inde
797 700 943 766 exulavit
964 699 1144 786 periculum
1168 702 1323 765 simoniae

147 821 184 886 ab
214 822 361 888 ordinum
392 825 565 890 collatione
596 829 628 890 et
657 828 824 910 appositae
859 843 983 909 poenae
1016 827 1049 889 in
1081 824 1322 890 desuetudinem

148 946 305 1012 abierunt.
330 949 535 1034 Quapropter

280 1073 310 1156 1)
334 1093 421 1139 nunc
447 1079 537 1162 viget
558 1075 664 1141 adhuc
692 1076 983 1140 excommunicatio
1005 1075 1206 1157 cimptica'ter
1231 1078 1321 1141 ltom.

148 1197 238 1261 Pont.
264 1205 448 1268 reservata.
473 1201 540 1266 lata
563 1203 594 1266 in
621 1221 693 1266 reos
717 1201 873 1266 simoniae
892 1200 998 1266 rectis
1019 1200 1052 1263 in
1072 1197 1236 1264 beneflciis
1252 1203 1322 1285 qui=

146 1321 340 1410 buscumque
357 1345 543 1411 eorumque
561 1328 749 1410 complices,
768 1332 865 1410 atque
888 1327 919 1389 in
943 1345 1018 1390 ceos
1041 1326 1197 1390 simoniae
1218 1327 1323 1392 realis

146 1446 184 1512 ob
201 1449 402 1534 inpressum
424 1451 462 1515 in
484 1453 703 1538 relictorum,
728 1452 855 1516 demum
880 1451 914 1514 in
938 1471 1013 1515 reos
1042 1451 1198 1516 simoniae
1221 1452 1321 1536 confi-

146 1573 301 1640 dentialis
324 1578 358 1640 in
382 1576 549 1662 beneficiis
572 1577 780 1661 quibuslibet,
806 1577 1035 1661 cuiuscumque
1063 1578 1127 1641 sint
1148 1575 1321 1660 dignitatis,

144 1697 302 1764 admissae
333 1723 393 1786 per
422 1709 518 1788 pacta
548 1723 646 1788 supra
677 1705 856 1788 explicata,
884 1725 904 1767 a
934 1704 964 1769 S.
991 1703 1050 1767 Pio
1074 1702 1105 1766 V
1138 1701 1324 1788 specialiter

144 1829 336 1912 proscripta.

278 1952 312 2036 2)
338 1955 416 2018 Item
442 1955 525 2019 aliae
541 1975 664 2040 poenae
684 1955 768 2019 latae
792 1955 922 2020 suntin
947 1954 1146 2024 simoniacos,
1164 1951 1219 2017 sed
1243 1953 1324 2017 istae

144 2078 308 2162 attingunt
346 2077 513 2144 dumtaxat
550 2101 626 2144 reos
665 2063 824 2144 simoniae
859 2078 962 2144 rectio
994 2083 1033 2142 -et
1066 2077 1326 2162 confidenticlc's.

145 2199 307 2285 Siquidem
331 2205 487 2268 mentulis
511 2209 543 2267 et
566 2203 830 2270 conventiunculis
857 2204 1002 2269 simonia,
1030 2202 1104 2284 quia
1131 2221 1232 2286 opere
1259 2221 1324 2265 non

144 2331 191 2389 est
223 2335 443 2392 consummata
473 2302 612 2394 habetur
643 2330 687 2393 uti
718 2335 863 2400 conatus,
891 2333 924 2392 et
946 2328 1023 2391 binc
1050 2328 1141 2390 iuxta
1167 2327 1322 2411 generale

144 2450 338 2534 principium
371 2453 483 2537 vigens
513 2455 545 2515 in
574 2473 611 2517 re
644 2452 813 2523 criminali,
847 2452 958 2536 poenis
985 2469 1049 2513 non
1080 2448 1278 2533 percellitur.
1304 2485 1322 2496 -

145 2575 297 2641 Getarum
321 2576 438 2642 sufficit
460 2579 553 2662 pretii
578 2583 702 2663 partem
727 2578 826 2642 tuisse
849 2576 955 2640 datam
975 2575 1028 2638 rel
1053 2575 1148 2639 etiam
1172 2575 1324 2656 utrinque

144 2701 263 2782 partim
284 2704 529 2767 conventionem
554 2702 653 2767 fuisse
677 2702 858 2767 executioni
876 2697 1108 2763 demandatam.
1128 2733 1145 2746 ·
1164 2696 1324 2771 Quocirca

144 2843 204 2907 per
237 2808 462 2909 exceptionem
493 2828 626 2911 punitur
656 2825 918 2911 confidentiant,
944 2824 1088 2906 quamvis
1115 2828 1209 2907 pacta
1234 2823 1325 2907 fictu·

144 2950 256 3015 nacta
280 2953 312 3014 in
336 2952 524 3025 collatione,
554 2953 831 3038 praesentatione,
857 2950 1073 3029 institutione,
1105 2950 1323 3033 resignatione

144 3072 374 3140 beneficiorum
407 3077 503 3144 inita.
529 3096 627 3161 opere
660 3096 722 3139 non
758 3075 881 3140 tuerint
912 3074 1067 3159 perlecta.
1094 3108 1111 3121 ·
1145 3073 1324 3138 Praeterea

145 3200 347 3283 exceptionis
370 3198 410 3263 ad
433 3200 536 3265 instar
560 3200 697 3284 simplex
713 3218 839 3283 quoque
860 3197 1040 3268 conventio,
1057 3196 1148 3260 nulla
1171 3203 1322 3280 exparte

146 3324 330 3387 executioni
350 3322 541 3389 demandata
565 3325 597 3387 in
623 3324 749 3407 negotio
774 3322 941 3385 electionis
965 3320 996 3385 S.
1023 3318 1188 3384 Pontificis
1212 3320 1323 3405 poenis

145 3445 322 3511 mulctatur
347 3449 380 3511 in
405 3448 536 3513 Constit.
565 3448 633 3512 lulii
662 3449 711 3527 ll,
740 3446 824 3513 Onon
851 3451 919 3510 tarn
944 3444 1069 3510 diuino.

282 3571 315 3654 3)
339 3572 429 3645 Quae
448 3573 622 3637 simoniace
639 3576 730 3657 gesta
747 3576 821 3636 sunt
837 3570 948 3635 valent
963 3570 1023 3633 nisi
1040 3566 1194 3653 expresse
1217 3567 1323 3631 edicta

147 3695 212 3758 sint
243 3696 389 3761 nullitate
423 3696 584 3778 laborare,
609 3699 715 3781 prouti
738 3697 859 3761 factum
887 3702 937 3759 est
964 3694 1004 3759 de
1027 3693 1211 3757 venditione
1244 3693 1324 3756 iuris

148 3823 345 3901 patronatus,
375 3826 408 3884 et
430 3821 601 3885 collatione
625 3818 854 3885 beneficiorum
879 3825 911 3882 et
926 3816 1104 3883 officiorum
1128 3816 1325 3879 ecclesiasti-

150 3965 270 4009 corum.
284 3945 336 4010 Cf.
356 3944 519 4011 Reiffenst.
533 3947 576 4019 V,
594 3946 625 4009 b.
640 3951 659 4009 t.
675 3946 733 4019 28,
746 3946 796 4010 29
811 3950 844 4008 et
859 3943 1016 4009 Schmalz.
1030 3943 1073 4015 V,
1088 3941 1119 4005 b.
1138 3946 1159 4004 t.
1174 3940 1328 4021 28,157.

283 4070 315 4155 4)
339 4070 441 4136 Docet
464 4070 500 4135 ll’
514 4070 673 4137 Annibale
701 4076 815 4135 contra
847 4070 1100 4135 communiorem
1132 4068 1323 4133 sententiam

151 4190 292 4273 (Comm.
309 4192 386 4267 130,
407 4201 475 4262 not.
500 4194 537 4282 8)
560 4197 883 4262 excommunicationi
909 4194 1080 4258 obnoxiam
1105 4214 1175 4258 esse
1198 4198 1322 4258 tantum

152 4319 314 4382 simoniam
338 4319 422 4383 iuria
447 4319 512 4385 div.
538 4320 606 4385 sive
630 4320 767 4391 realem,
793 4320 862 4383 sive
886 4314 1143 4383 confidentialem
1168 4289 1200 4381 in
1223 4315 1324 4381 bene-

152 4440 232 4507 ficiis
248 4447 280 4507 et
296 4444 415 4508 realem
432 4443 471 4509 ob
488 4446 669 4529 ingressum
693 4445 724 4508 in
741 4444 954 4530 Religionem.
973 4442 1059 4508 Sane
1081 4460 1222 4506 canones
1245 4441 1324 4505 mul·
1349 4507 1354 4517 ,
