3350 5100
426 315 469 359 DE
493 314 632 360 lonicus
656 314 899 363 (lRlMlNALlBUS
924 316 957 359 ΙΝ
983 314 1099 361 sraela·
1286 296 1350 361 367

630 574 809 641 rrrunus
838 575 898 639 111.
936 536 945 549 ’

207 806 250 852 DE
276 806 508 861 lNQUlSlTIONE
532 808 696 856 tumerent
721 808 757 853 IN
783 808 948 854 PROGESSU
974 807 1080 854 Mlx'ro
1103 808 1323 855 oeconomico.

101 990 106 1000 ’
177 996 394 1054 summarium.
412 1028 448 1041 -
460 1000 520 1053 297.
535 1001 677 1061 Quomodo
690 1002 879 1069 distinguatur
899 1000 1044 1070 inquisitio
1057 1003 1199 1054 iudicialis
1211 1003 1246 1055 ab
1261 1012 1353 1055 entra·

264 1110 394 1163 iudicioli
406 1108 612 1178 praemittenda
623 1110 753 1164 remediis
766 1110 1027 1164 extroiodiciolibus
1041 1127 1089 1164 seu
1103 1110 1184 1164 modo
1197 1110 1352 1178 explicatis.

267 1216 327 1269 298.
348 1216 464 1277 Quando
488 1216 699 1270 instaurandum
727 1222 769 1269 eat
793 1216 934 1269 iudicium.
953 1244 990 1257 -
1007 1216 1069 1269 299.
1090 1215 1249 1285 Qnotuplici
1274 1216 1355 1269 modo

267 1319 403 1373 introduci
423 1320 569 1388 contingat
587 1319 731 1389 inquisitio
743 1320 895 1373 iudicialis.
909 1348 942 1362 -
956 1319 1016 1373 300.
1032 1319 1071 1375 De
1083 1320 1174 1374 iudice
1186 1322 1354 1375 instructore
1411 1332 1420 1351 ·

266 1442 314 1479 seu
334 1428 533 1481 commissario.
552 1453 587 1466 -
606 1424 667 1479 301.
688 1424 727 1479 00
749 1435 908 1495 promotore
927 1424 1024 1479 fiscali.
1044 1453 1077 1467 -
1097 1424 1157 1479 302.
1181 1426 1219 1480 00
1244 1426 1355 1496 appari-

268 1540 336 1587 tore.
346 1562 382 1573 -
392 1532 455 1586 303.
471 1531 509 1586 De
523 1534 581 1585 basi
592 1534 662 1604 facti
674 1534 818 1586 crinrinosi
830 1550 879 1588 seu
893 1533 927 1587 de
940 1550 1058 1603 corpore
1074 1534 1179 1587 delicti.
1191 1562 1228 1575 —
1240 1534 1300 1587 304.
1316 1534 1354 1589 De

267 1640 395 1697 examine
414 1641 539 1694 testium.
558 1667 593 1680 -
611 1638 672 1693 305.
693 1639 732 1695 De
750 1640 880 1693 examine
898 1656 946 1694 seu
965 1640 999 1694 de
1018 1640 1171 1695 constituto
1191 1641 1238 1695 rei.

169 1814 175 1825 '
267 1820 343 1884 297.
369 1820 407 1883 In
431 1824 634 1904 praesentem
656 1821 884 1884 tractationem
909 1822 1014 1904 prima
1036 1822 1180 1904 quaestio
1204 1826 1262 1890 est.
1279 1821 1355 1904 quid
1437 1836 1443 1846 ·

179 1944 308 2008 intersit
323 1944 409 2008 inter
423 1944 659 2025 inquisitionem
677 1944 842 2027 praeviam
868 1943 1018 2009 remediis
1037 1944 1355 2011 concionatoribus

179 2075 213 2133 et
242 2066 481 2151 inquisitionem
512 2067 753 2133 instaurandam
785 2066 887 2131 veluti
917 2071 1053 2151 primam
1083 2068 1249 2153 periodum
1281 2088 1355 2153 pro·

179 2216 290 2261 cessus
311 2192 421 2259 mirati.
447 2194 597 2258 Iamvero
619 2194 734 2259 solutio
757 2196 954 2278 quaestionis
987 2197 1144 2279 repetitur
1167 2195 1208 2259 ab
1231 2194 1356 2259 obiecto

179 2320 232 2386 cui
248 2338 313 2384 una
328 2319 480 2385 etaltera
495 2318 672 2383 ordinatur.
688 2320 855 2403 inquisitio
871 2319 1070 2405 praecedens
1086 2320 1229 2385 remedia
1244 2327 1356 2385 cantro·

179 2446 356 2510 iudicialia
379 2450 527 2509 remanet
549 2444 823 2540 eatraiadimaln
853 2465 909 2509 sen
941 2444 1100 2511 destinata
1126 2444 1294 2510 dumtaxat
1316 2444 1356 2510 ad

180 2568 429 2656 comparandam
460 2567 555 2634 iudici
588 2569 754 2634 ordinario
785 2571 950 2635 cuiusdam
975 2570 1051 2635 facti
1077 2572 1291 2656 cognitionem
1324 2577 1359 2635 et

180 2696 341 2769 notitiam;
365 2715 383 2759 e
406 2700 522 2760 contra
544 2694 705 2777 inquisitio
725 2696 758 2758 in
781 2714 936 2780 processu
960 2695 1029 2758 sive
1048 2713 1138 2788 pure
1160 2695 1356 2778 inquisitiva

180 2821 249 2885 sire
269 2819 380 2886 minio
396 2825 447 2885 est
459 2819 631 2885 iudicialis
654 2821 772 2904 quippe
790 2818 953 2885 obtinetur
970 2839 1027 2904 per
1044 2820 1175 2905 regulas
1191 2819 1356 2884 iudiciales

180 2950 214 3009 et
239 2944 408 3010 ordinatur
430 2944 471 3009 ad
502 2945 801 3028 pronunciationem
833 2920 1014 3010 sententiae
1044 2944 1202 3010 iudicialis
1229 2943 1356 3009 absolu·

180 3073 286 3136 toriae
307 3071 364 3136 aut
386 3071 677 3137 condemnatoriae.

271 3195 417 3280 Regulae
446 3201 556 3259 autem
587 3192 752 3260 iudiciales
775 3213 904 3278 semper
927 3193 1145 3257 informantur
1167 3193 1243 3257 hnic
1266 3195 1356 3278 prin·

181 3323 274 3407 cipio,
291 3319 523 3386 fundamentali
546 3321 579 3384 in
604 3338 641 3383 re
663 3318 815 3391 iudiciali,
831 3337 947 3403 nempe
963 3319 1071 3383 omnia
1086 3324 1160 3384 acta
1175 3323 1208 3382 et
1223 3318 1358 3403 probata

182 3445 296 3511 confici
312 3466 372 3531 per
387 3465 573 3530 processum
588 3445 841 3517 contentiosum,
859 3445 951 3508 cuius
970 3442 1114 3507 valorem
1139 3439 1276 3507 inficiari
1292 3461 1357 3506 non

182 3574 282 3656 possit
296 3571 365 3656 ipse
381 3590 467 3635 reus.
484 3545 638 3635 Severior
652 3573 702 3633 est
718 3569 750 3632 in
765 3586 920 3653 processu
942 3567 1051 3632 mictu
1074 3565 1248 3652 applicatio
1264 3565 1358 3631 huius

180 3698 340 3782 principii,
357 3698 433 3780 qnia
454 3697 624 3779 inquisitus
639 3693 849 3779 expostulare
869 3697 973 3778 potest
996 3699 1030 3758 ut
1053 3691 1161 3780 omnia
1182 3697 1255 3756 acta
1276 3689 1357 3756 iudi-

180 3818 293 3900 cialia,
317 3838 356 3883 eo
385 3816 545 3888 inaudito,
574 3815 723 3881 confecta
755 3815 985 3901 opinarentur
1014 3835 1071 3879 seu
1102 3814 1293 3900 redigantur
1326 3815 1358 3876 in

179 3942 317 4008 formam
342 3944 586 4016 contentiosam,
610 3943 653 4005 uti
678 3959 778 4025 supra
800 3940 972 4004 innuimus.

267 4068 483 4144 Quamobrem
507 4069 534 4132 si
556 4073 674 4152 agatur
692 4065 732 4130 de
756 4065 962 4148 inquisitione
982 4064 1247 4144 eceratodiciatn
1265 4063 1359 4130 Ordi-

180 4195 294 4259 narius
323 4197 400 4259 satis
431 4193 578 4258 consulet
605 4191 731 4256 formae
763 4198 796 4256 et
824 4191 1010 4255 auctrrritati
1035 4189 1258 4274 probationum
1284 4188 1358 4253 inde

182 4319 400 4392 collectarum,
417 4321 444 4384 si
467 4318 507 4384 de
530 4317 643 4385 iisdem
660 4321 786 4383 constet
807 4335 851 4380 ex
874 4315 981 4400 aliquo
1001 4321 1081 4381 actu
1106 4320 1138 4379 et
1161 4315 1357 4400 potissimum

183 4446 363 4510 inserviant
385 4444 479 4511 iudici
505 4464 564 4529 pro
588 4463 646 4508 sna
664 4442 853 4508 defensione
869 4440 952 4525 apud
968 4441 1186 4525 Superiorem.
1203 4438 1242 4504 ad
1262 4459 1356 4523 quem
