3350 5100
314 280 380 343 314
828 301 912 347 rsus
943 300 970 345 ιι

312 427 465 485 accusem
497 428 654 505 expetere
684 420 831 485 aiudice
863 428 898 485 ut
920 422 1012 490 testis
1042 423 1263 505 interrogetur
1285 440 1383 503 super
1413 419 1488 485 facti

312 510 472 609 adsumtis
493 547 527 608 in
550 549 755 612 attestatione
780 547 902 619 relatis,
926 552 982 611 aut
1005 566 1105 631 super
1130 547 1200 630 ipso
1223 550 1338 609 tenore
1364 548 1491 609 attesta-

313 673 417 737 tionis.
442 674 548 756 prouti
580 671 675 737 hodie
706 670 742 736 fit
768 673 852 757 apud
884 674 992 737 curias
1020 672 1132 737 civiles
1160 674 1192 737 ln
1216 670 1376 756 agitandis
1398 673 1489 735 crim.

313 797 427 859 causis.
446 831 463 842 -
483 796 629 859 Examen
653 816 733 859 vero
757 798 960 880 repetitionis
984 796 1046 861 hoc
1070 796 1129 859 sibi
1154 795 1251 860 habet
1274 796 1438 879 proprium
1456 799 1491 858 ut

288 940 291 946 ’
313 922 402 985 testis
419 922 568 985 revocari
586 919 701 986 debeat
716 920 755 984 ad
773 922 1011 985 attestationem
1036 923 1098 985 iam
1114 921 1252 995 tactam3
1278 926 1310 986 et
1327 920 1410 985 haec
1424 940 1489 984 non

314 1045 504 1129 intelligitur
527 1046 605 1110 sctis
629 1046 775 1129 repetita,
792 1064 852 1129 per
871 1046 1059 1130 genericam
1083 1042 1371 1123 confirmationem,
1395 1062 1488 1127 quam
1557 1102 1562 1107 .

312 1171 411 1235 faciat
432 1171 524 1235 testis
548 1168 659 1234 dicens
675 1204 693 1217 -
711 1171 875 1253 confirmo
898 1168 1028 1251 factam
1052 1168 1319 1249 attestationem
1342 1166 1398 1232 sed
1426 1168 1489 1232 sin-

312 1293 448 1379 gillatim
480 1291 622 1357 redditas
654 1294 880 1377 responsiones
910 1290 1104 1356 confirmare
1132 1290 1235 1361 debet,
1264 1292 1353 1375 quasi
1385 1290 1489 1355 denuo

312 1418 424 1491 editas.
446 1417 504 1483 sub
528 1418 686 1503 religione
710 1419 893 1482 iuramenti.
908 1414 1026 1481 -Solet
1048 1418 1113 1501 legi
1135 1420 1243 1481 textus
1266 1416 1490 1487 attestationis,

247 1553 249 1556 ’
311 1565 374 1629 quo
401 1545 516 1608 melius
547 1544 638 1609 testis
670 1542 864 1609 recordetur
897 1542 1056 1609 sactorum
1088 1547 1285 1607 assertorum
1316 1540 1491 1623 eademque

286 1660 438 1753 'singula
460 1673 516 1732 aut
538 1665 709 1733 confirmet
731 1672 788 1731 aut
811 1668 928 1752 partim
945 1674 1001 1731 aut
1016 1668 1049 1731 in
1064 1672 1130 1731 toto
1146 1672 1287 1733 revocet.
1309 1666 1489 1751 Pellegriui

311 1796 332 1858 l.
350 1794 402 1858 cit.
427 1813 461 1858 rr.
479 1793 513 1857 5.
538 1828 554 1837 -
580 1793 657 1856 Pius
680 1792 747 1856 VII
772 1794 804 1855 in
829 1792 936 1857 Oonst.
961 1828 976 1839 -
1000 1790 1081 1858 Post
1104 1792 1287 1858 dicamas
1310 1827 1324 1838 -
1348 1790 1400 1866 30,
1416 1790 1489 1857 Oct.

313 1916 399 1982 1800
422 1918 454 1980 in
471 1917 520 1979 tit.
538 1915 588 1980 De
610 1913 730 1979 iurisd.
748 1914 824 1980 trib.
850 1921 880 1980 el
903 1915 973 1979 iud.
999 1916 1111 1981 statuit
1127 1915 1403 2001 lepitimotionem
1418 1934 1489 1999 pro·

311 2060 420 2104 cessus
442 2037 523 2111 lieri.
549 2039 752 2124 expeditiore
776 2042 912 2113 ratione,
938 2040 1111 2125 dupliciter
1137 2040 1171 2124 l)
1194 2046 1249 2104 aut
1276 2060 1335 2124 per
1358 2038 1489 2122 simpli-

310 2185 382 2230 cem
413 2164 590 2231 lectionem
619 2165 858 2229 attestationum
890 2164 1008 2230 iactam
1038 2186 1095 2229 reo
1126 2170 1296 2240 convento,
1321 2171 1355 2230 ut
1378 2164 1433 2229 hic
1455 2164 1488 2228 in

310 2296 425 2355 testem
448 2295 481 2355 et
503 2292 743 2355 attestationem
772 2292 927 2374 excipere
957 2291 1082 2365 valeat;
1107 2292 1141 2375 2)
1165 2297 1222 2356 aut
1244 2311 1304 2376 per
1326 2291 1488 2372 confron-

311 2416 482 2494 totioam
499 2415 690 2499 praehabita
708 2416 848 2479 lectione
872 2418 1093 2481 attestationis.
1112 2416 1214 2487 Infra,
1236 2418 1269 2480 in
1289 2422 1390 2499 parte
1412 2434 1487 2498 spe·

309 2540 398 2622 cicli,
423 2522 589 2606 trademus
612 2542 833 2625 praescriptas
855 2540 1035 2624 somnulcs.

401 2666 500 2731 Facta
530 2684 610 2730 vero
640 2665 839 2747 repetitione
869 2665 1004 2730 testium
1033 2670 1090 2730 aut
1120 2665 1392 2748 eonfroutatiorre
1422 2675 1486 2737 aut.

309 2793 373 2856 alio
396 2790 500 2861 modo,
526 2791 768 2876 lepitimatione
797 2809 976 2873 processus,
1002 2810 1067 2855 nou
1091 2791 1307 2876 impediuntur
1331 2791 1487 2856 ulteriora

182 2911 187 2921 '
310 2919 461 2980 examina
490 2917 751 2999 quotiescumque
782 2923 953 2981 accusatus
983 2915 1112 3000 probet,
1144 2917 1297 2982 conferre
1329 2915 1369 2980 ad
1399 2916 1485 2983 dete-

310 3041 449 3124 gendam
478 3041 659 3120 veritatem,
683 3045 784 3104 testes
814 3041 1021 3124 interrogare
1051 3060 1148 3124 super
1172 3043 1262 3106 uovis
1285 3041 1442 3107 articulis.
1470 3118 1475 3124 ι

399 3165 474 3228 243.
501 3167 681 3229 Accusatus
704 3167 755 3229 cui
779 3164 966 3249 panduntur
989 3171 1021 3228 et
1044 3167 1175 3230 nomina
1202 3167 1330 3230 testium
1356 3153 1388 3230 et
1410 3171 1486 3230 atte-

311 3291 473 3358 stationes,
491 3288 544 3352 vel
559 3291 611 3371 qui
629 3291 738 3352 iurare
754 3287 842 3364 videt
861 3294 960 3352 testes
976 3289 1023 3353 ad
1037 3289 1260 3372 repetendum
1276 3295 1415 3360 vocatos,
1433 3289 1485 3352 vel

310 3414 364 3497 qui
389 3415 473 3497 ipsos
495 3418 594 3478 testes
617 3411 706 3476 audit
729 3432 838 3477 coram
863 3432 898 3476 se
921 3414 1142 3478 attestationes
1165 3412 1308 3484 edentes.
1333 3415 1487 3498 excipere
1507 3393 1511 3401 ³

310 3539 396 3603 valet
419 3543 535 3603 contra
558 3539 643 3621 ipsas
659 3557 813 3621 personas
837 3539 966 3603 testium
983 3558 1027 3601 ex
1042 3539 1161 3622 triplici
1179 3540 1298 3622 capite:
1317 3540 1348 3619 l)
1370 3558 1487 3623 nempe

310 3683 352 3727 ex
376 3681 516 3747 persona
538 3663 679 3746 ipsorum
694 3663 839 3736 testium;
856 3662 890 3745 2)
906 3681 948 3726 ex
972 3665 1113 3747 ipsorum
1137 3665 1319 3728 testimonio
1343 3683 1407 3727 non
1424 3665 1486 3728 rite

313 3797 459 3874 recepto;
484 3788 518 3875 3)
543 3789 668 3852 ratione
692 3789 792 3872 ipsius
815 3789 1039 3853 attestationis.
1065 3788 1113 3854 of.
1130 3789 1204 3853 Vol,
1231 3789 1260 3859 Ι,
1288 3808 1319 3852 n.
1345 3789 1410 3852 487
1433 3787 1487 3853 ubi

311 3913 493 3998 explicatur
515 3911 642 3996 quando
666 3910 789 3976 utiliter
812 3912 892 3974 istae
915 3912 1123 3996 exceptiones
1146 3917 1359 3996 opponantur.

398 4036 561 4102 Eiusmodi
592 4036 752 4120 exceptio,
776 4036 809 4098 in
840 4053 971 4120 genere.
997 4034 1082 4101 dicte
1110 4041 1159 4099 est
1189 4037 1330 4117 repulsa
1356 4036 1485 4102 testium

311 4166 343 4225 et
365 4161 456 4226 adest
477 4163 617 4244 repulsa
639 4162 806 4243 repulsae,
834 4179 892 4224 seu
919 4162 1067 4242 exceptio
1096 4161 1128 4223 in
1151 4165 1250 4225 testes
1276 4159 1422 4226 inductos
1445 4161 1485 4226 ad

310 4288 513 4371 repellendos
524 4294 622 4354 testes
638 4295 735 4351 antea
750 4287 932 4370 productos.
948 4289 1126 4351 Accusatus
1139 4287 1220 4352 solet
1236 4285 1295 4351 sibi
1314 4305 1486 4352 reservare

309 4413 472 4497 expressis
492 4411 601 4476 verbis
623 4415 673 4476 ius
695 4414 865 4494 repulsae,
890 4414 948 4477 etsi
973 4410 1012 4475 ab
1036 4413 1126 4476 initio
1146 4417 1245 4478 testes
1264 4431 1329 4476 non
1350 4411 1487 4497 repellat
