3350 5100
319 236 387 305 664
785 256 891 305 mnax
914 257 1035 307 pennu

316 408 331 423 ·
347 381 374 435 S.
400 380 430 437 G.
455 380 483 434 S.
513 380 603 433 Officii
629 380 659 435 in
686 379 881 435 executionem
935 380 1056 441 Quinem
1079 381 1109 435 iu
1133 382 1226 435 esusis
1246 380 1502 435 matrimonialibus

316 451 646 507 ConsuSecrameutum
653 450 882 516 Poeniteutises‚
934 452 974 505 eit
991 468 1073 507 cesus
1090 451 1283 523 aequipollens
1300 451 1501 506 molestetioni

317 522 413 605 plures
437 522 524 577 edidit
545 523 741 587 lntructiones,
763 538 882 591 quarum
936 522 1009 589 litis,
1026 525 1165 593 peg.5ll2
1183 550 1199 567 ·
1217 522 1501 592 Siberipotesttum

317 594 439 649 intentio
458 609 512 647 nou
531 594 600 647 sinit
618 594 769 663 Episcopo·
787 608 884 662 proce·
936 600 1003 650 ente
1021 600 1082 649 tum
1100 600 1163 665 poet
1179 596 1415 649 eontestntiouem
1440 593 1502 647 litis

316 665 384 720 dere
403 665 655 721 extreindicieliter
673 664 719 719 vel
738 680 773 717 ex
797 664 884 719 infor-
935 666 1104 723 ooucilinndi
1122 670 1189 719 sunt
1206 666 1348 735 coniuges,
1361 664 1501 736 pepbtl‘d

317 743 395 793 meta
412 736 584 791 conscientie
607 740 705 791 contre
728 734 884 791 sollicitau-

317 815 370 875 tes,
390 824 451 879 μς.
471 808 525 863 549
543 825 583 879 sq.
604 808 644 861 of.
664 808 842 862 Sollicitotin.
992 808 1166 863 &nucem
1182 824 1342 863 mecm
1359 836 1397 850 -
1414 807 1503 863 vetet

935 894 1024 949 neque
1033 881 1062 935 in
1072 880 1267 935 crimiuelibue
1275 878 1375 949 regula
1386 909 1401 921 ·
1410 878 1504 934 eonti-

374 950 490 1005 Conium
504 979 538 991 -
554 950 600 1003 lus
617 950 766 1003 eccuesndi
786 950 884 1004 matri·
936 952 1062 1007 nentium
1087 968 1236 1005 mum
1263 968 1319 1007 nou
1340 968 1402 1005 esse
1425 951 1501 1005 scin·

316 1024 441 1077 monium
462 1021 612 1093 eliquendo
635 1026 744 1075 nutum
770 1022 825 1075 utri
847 1037 882 1075 ue
933 1021 1062 1089 deudsm,
1080 1040 1144 1093 με.
1161 1022 1223 1077 238.

316 1038 883 1233 nni*
990 1164 1155 1220 4....
1178 1168 1270 1219 -..
1288 1165 1318 1219 .
1335 1164 1500 1219 ......

316 1236 353 1291 tit
373 1204 481 1291 tantum
500 1236 680 1307 coniugibus:
702 1234 727 1305 l)
740 1252 775 1291 ex
788 1235 882 1305 cupite
934 1235 1501 1306 trimonislibusprodsteminsntsson·

316 1308 510 1377 impotentiae,
535 1309 563 1377 2)
583 1322 633 1376 pro
659 1307 811 1362 obtinenda
837 1306 882 1361 di·
934 1308 1060 1375 peteutin
1087 1307 1203 1369 iudicis,
1230 1307 1393 1362 attendatur
1419 1307 1501 1362 locus

315 1382 495 1449 sponsatione
520 1397 537 1433 a
554 1379 749 1465 matrimonio,
767 1384 830 1433 reto
852 1382 882 1459 et
934 1384 1104 1443 conuectos,
1123 1394 1189 1449 pag.
1208 1379 1268 1433 471.

316 1466 372 1577 ddd
390 1452 641 1590 314844ωέἑᾶῑίιῖ
643 1453 882 1575 tantunacqqqetqq
990 1520 1177 1601 Contionum
1147 1523 1152 1532 '
1185 1520 1388 1589 -Quotuplax
1406 1520 1502 1602 exnin-

315 1595 490 1664 coniugibus,
517 1595 585 1647 ibid
612 1609 653 1665 eq.
671 1622 686 1636 -
707 1594 746 1647 De
774 1592 882 1673 consee-
933 1597 1090 1673 structione
1102 1592 1132 1646 S.
1145 1591 1175 1647 C.
1188 1592 1244 1647 EE.
1256 1598 1287 1647 et
1299 1592 1359 1645 RR.
1372 1608 1502 1661 requirn-

315 1664 395 1719 sione
425 1666 518 1720 iurste
548 1665 697 1733 coniugum
728 1665 758 1719 iu
789 1680 882 1717 causis
935 1662 1498 1732 turcinuoseeontumscism,psg.38‘et

315 1735 581 1800 metrimonielibus,
600 1752 663 1806 pug.
683 1736 744 1789 492
758 1762 768 1775 ·
783 1734 821 1789 De
834 1749 881 1787 co-
934 1762 949 1777 ·
961 1732 1146 1789 Contumecia
1162 1742 1207 1790 est
1223 1736 1339 1800 crimen,
1357 1734 1498 1805 pepla&

315 1808 433 1877 ningum
452 1808 619 1873 iuramento,
633 1824 695 1876 pag.
708 1805 770 1861 493.
780 1834 794 1847 -
806 1808 881 1860 Anto
934 1832 949 1847 ·
968 1804 1010 1859 Ex
1022 1812 1102 1874 perte
1113 1806 1284 1861 masuris
1295 1806 1341 1861 vel
1352 1806 1499 1875 querelem

315 1878 361 1933 rel
380 1885 444 1949 post
459 1880 694 1933 contestetionem
710 1877 803 1932 litissi
818 1877 879 1930 fieri
934 1879 1073 1931 moventis
1098 1878 1261 1947 aequivalet
1289 1878 1498 1931 renunciationi

315 1954 408 2019 potest
437 1949 605 2005 conciliandi
636 1955 703 2003 sunt
729 1948 880 2017 coniuges,
934 1949 1122 2003 sccumtionis
1139 1965 1189 2004 seu
1206 1948 1347 2019 querelas,
1368 1950 1434 2003 ibid
1457 1964 1497 2018 eq.

315 2037 379 2091 μιᾳ.
407 2020 471 2075 503.
495 2050 506 2061 -
530 2020 674 2082 Quomodo
701 2018 880 2075 exsmiuandi
934 2018 1100 2081 -Quomodo
1110 2020 1298 2090 probandasit
1308 2020 1498 2084 contumecis,

314 2108 364 2147 seu
375 2092 567 2161 interrogandi
576 2093 634 2147 sint
643 2092 827 2160 coniugesib.
838 2107 880 2161 sq.
934 2107 998 2172 με.
1015 2092 1077 2216 4ῗ6.
1098 2120 1110 2131 ·
1131 2090 1334 2216 monimum
1351 2098 1499 2215 contituimu-

371 2234 586 2289 Consusnmntiu.
610 2262 647 2275 -
673 2232 711 2287 De
737 2231 880 2301 probando
933 2178 1418 2300 4144ιῖ44ιί411ιί48ριὲοῗιοιιιιιῗιὲιξτθῖἰιῐῐξι.ρ
1441 2177 1497 2285 ‘dm

313 2306 390 2375 lacto
413 2320 468 2359 uon
493 2312 607 2361 secutee
631 2304 880 2359 consummationis
933 2306 959 2357 Α
977 2310 1143 2360 contumace
1166 2306 1264 2388 nequit
1289 2305 1412 2359 inrocsri
1423 2250 1499 2357 ¹ditis

313 2377 486 2431 matrimonii
505 2378 540 2431 sd
561 2376 741 2431 obtinendam
765 2375 879 2445 dispen-
933 2376 1100 2445 pendentis,
1126 2392 1275 2446 praecipue
1288 2375 1337 2429 ‘ed
1363 2375 1497 2430 determi-

313 2450 451 2503 sotionem
469 2466 487 2501 s
505 2448 685 2503 matrimonio
703 2452 765 2501 reto
781 2452 810 2501 et
823 2462 878 2500 non
933 2446 1053 2501 neodem
1070 2464 1172 2501 musae
1184 2448 1422 2518 praeventionem,
1430 2462 1496 2516 ρας.

535 2536 598 2590 u·
688 2536 728 2592 .,
933 2518 995 2644 4-
1016 2518 1497 2646 ..4444444

370 2663 560 2718 Comum
578 2691 615 2705 —
633 2661 760 2716 lunuitur
779 2665 809 2714 et
830 2677 878 2716 ex·
932 2661 1009 2716 tione
1027 2663 1162 2728 criminis,
1173 2662 1246 2717 unde
1263 2631 1413 2716 sccus’atur
1430 2677 1501 2715 con··

313 2732 436 2802 plicatur
454 2739 556 2789 notura
575 2733 802 2797 constitutorum,
814 2747 877 2800 pag.
932 2737 1041 2798 tumax,
1051 2735 1117 2788 ibid.
1128 2762 1142 2776 ·
1155 2733 1195 2789 De
1208 2734 1318 2788 rstione
1329 2731 1498 2804 procedendi

313 2805 369 2861 272
420 2833 457 2856 .·
475 2803 589 2868 Quando
608 2805 687 2860 iuxta
712 2803 878 2858 instructio·
932 2804 1146 2859 sossnnntism
1159 2805 1359 2860 absolutorium
1367 2820 1498 2860 saucon-

312 2892 376 2930 nem
416 2875 472 2930 .G.
493 2877 546 2932 EE.
560 2881 590 2930 et
604 2875 662 2930 RR.
675 2874 877 2930 deveniendum
931 2874 1132 2930 demontorium
1151 2877 1283 2931 mnemon
1300 2881 1496 2931 contumecem

313 2947 351 3001 eit
368 2947 403 3000 ud
421 2948 548 3018 inquisiti
567 2962 686 3002 examen
704 2964 753 3000 eeu
772 2947 878 3000 coneu-
931 2962 1025 3015 mum,
1050 2964 1112 3017 pug¹
1132 2949 1194 3002 428.
1212 2976 1226 2989 -
1242 2947 1406 3002 contumaci
1430 2962 1499 3001 oon·

312 3028 411 3084 mtrem,
430 3034 492 3088 pag.
512 3019 598 3074 381.-
612 3017 737 3088 Regulus
756 3034 879 3072 commu-
931 3016 1063 3072 demneto
1087 3024 1143 3074 nori
1169 3019 1305 3088 competit
1328 3019 1373 3072 ius
1397 3017 1496 3092 appel·

312 3106 363 3146 nee
379 3090 532 3146 servendae
551 3089 579 3142 in
599 3091 728 3172 examine
741 3089 877 3172 inquisiti,
932 3086 1017 3157 leudi,
1036 3107 1099 3160 png.
1118 3091 1182 3145 429.

311 3159 878 3297 43443394490494431ὲῖῗὲἷεῖῗῖξέ
987 3232 1214 3288 monemus
1231 3230 1497 3301 samonungun

986 3373 1094 3444 Corpus
1107 3375 1212 3430 delicti.
1222 3401 1257 3416 ⁴-
1270 3374 1320 3428 Est
1333 3373 1498 3441 complexus

369 3445 535 3500 Conteetotio
564 3445 622 3498 litis
648 3461 699 3500 scu
723 3446 876 3498 accusatio·
931 3446 1126 3514 probationum
1146 3461 1218 3516 quae
1236 3445 1370 3501 evincunt
1386 3449 1498 3516 factm

311 3517 364 3570 nie.
383 3543 418 3558 ··
438 3517 542 3588 inquo
561 3517 697 3570 consistet
712 3521 771 3570 tum
791 3515 819 3570 in
838 3516 876 3569 ci·
931 3519 1122 3582 crimbioeum,
1135 3516 1375 3586 pactio-Quod
1388 3517 1496 3570 factum

311 3586 424 3654 vilibus,
449 3594 509 3642 tum
535 3589 564 3640 in
592 3586 794 3650 criminalibus,
814 3603 875 3656 pag.
930 3587 1080 3658 aliqnando
1093 3595 1324 3657 estpermauens,
1344 3587 1498 3657 eliqunndo

311 3659 373 3713 267.
391 3663 483 3721 -Quo
501 3665 642 3714 momento
661 3659 753 3714 locum
773 3659 877 3714 hebent
931 3660 1083 3722 mensione,
1111 3676 1176 3730 με.
1194 3660 1256 3714 271.
1273 3688 1288 3701 ·
1313 3659 1351 3714 De
1378 3675 1498 3728 corpore

311 3730 341 3784 in
360 3747 491 3800 processu
509 3730 695 3796 succentoria,
707 3731 874 3800 inquisition,
929 3729 1035 3796 delicti,
1047 3748 1096 3785 seu
1114 3731 1207 3802 potius
1225 3731 1259 3786 de
1277 3731 1336 3784 basi
1354 3731 1422 3784 facti
1442 3730 1485 3784 cri

311 3803 409 3868 mictu,
429 3819 491 3871 peg.
510 3803 598 3856 2682
611 3801 700 3857 Debet
717 3819 778 3857 esee
787 3801 878 3872 ptem
930 3801 1031 3856 minoei
1055 3803 1082 3856 in
1102 3817 1232 3872 processu
1266 3803 1355 3856 mixto
1376 3817 1499 3856 oecono-

314 3877 343 3926 et
360 3876 535 3944 tempestiva,
554 3889 616 3943 ρας.
636 3874 698 3928 269.
711 3902 721 3914 -
734 3872 877 3934 Quomodo
931 3873 1013 3938 mico,
1032 3890 1096 3943 peg.
1116 3873 1177 3928 371.
1497 3887 1501 3892 ’

312 3960 343 3998 ee
356 3943 460 3999 hebent
469 3946 503 3998 ed
513 3962 613 4014 corpus
625 3945 731 4012 delicti,
742 3961 802 4014 pag.
814 3945 876 3998 270,

311 4043 327 4056 -
340 4015 504 4086 Explorstio
516 4017 641 4085 corporis
656 4016 750 4072 delicti
766 4031 878 4084 prunoe-
987 4016 1142 4085 Gorypltoei
1158 4043 1192 4056 -
1211 4020 1351 4070 nocturum
1370 4013 1499 4085 prohibi-

311 4086 378 4142 dere
398 4088 482 4143 debet
506 4089 725 4156 interrogatoris
742 4088 794 4152 rei,
813 4103 877 4156 ρας.
931 4089 1024 4140 hrum
1042 4087 1228 4142 denunciendi
1251 4093 1319 4142 eunt
1335 4092 1365 4142 et
1382 4101 1499 4141 exeom-

311 4157 372 4212 289.
384 4187 399 4201 ·
412 4158 450 4214 De
469 4161 673 4214 contestatione
693 4157 787 4213 delicti
801 4159 877 4212 fecta
930 4159 1110 4214 municentur
1121 4173 1178 4212 non
1188 4158 1398 4222 denunciantes
1410 4174 1437 4226 p.
1449 4157 1495 4210 70.

311 4245 360 4283 reo
387 4229 520 4285 delictum
547 4232 677 4299 nogenti,
697 4247 760 4300 peg.
779 4229 840 4284 385.
860 4259 876 4269 -

313 4301 356 4354 An
375 4305 545 4358 contestatio
563 4303 689 4356 leniendo
701 4303 738 4355 eit
748 4301 834 4358 etiem
848 4301 877 4354 in
988 4300 1349 4355 σήπῃ-41444444
1360 4298 1497 4354 directius

313 4386 443 4438 processu
472 4373 679 4443 appellationis,
704 4389 767 4442 pag.
786 4372 848 4427 419.
865 4401 880 4413 -
933 4369 1078 4426 offendunt
1104 4371 1148 4424 ius
1177 4371 1319 4430 Ecclesiae
1343 4370 1496 4441 privatum,
