3350 5100
339 271 406 336 238
727 251 735 270 ’
855 289 939 339 runs
971 291 1006 337 11.

338 411 467 496 quaudo
490 413 557 496 ipse
581 432 670 476 suam
695 412 748 477 vel
771 433 903 477 suorum
933 417 1149 498 persequatur
1176 413 1340 492 iniuriam,
1364 431 1409 476 eac
1433 413 1454 476 t.
1479 411 1523 476 19
1637 441 1638 504 3

285 580 287 583 ψ
342 537 424 603 Cod.
449 537 498 602 De
526 536 578 602 lais
604 537 664 620 qui
692 557 804 602 aecae.
829 543 886 602 aut
912 537 1041 610 exinde,
1066 536 1141 601 dum
1169 537 1314 602 criminis
1344 540 1522 604 auctorem,

339 662 474 733 revelat,
492 682 527 726 se
542 681 562 724 a
578 662 724 725 criminis
741 662 952 746 imputatione
968 667 1122 736 excusat;
1139 680 1210 746 arg.
1230 662 1251 726 l.
1269 660 1321 733 14,
1337 661 1359 742 ἓ
1376 660 1407 732 6,
1424 659 1524 743 ffiDe

340 787 435 854 bonis
456 786 563 854 libert.
579 823 601 838 -·
627 789 664 850 lu
688 787 779 852 hisce
803 789 890 852 enim
915 787 1042 853 casibus
1064 791 1098 852 et
1120 787 1192 852 aliis
1215 786 1384 862 similibus,
1410 805 1522 852 recou-
1637 799 1638 804 ’

338 913 447 978 ventio
470 916 621 976 naturam
645 919 757 977 servat
775 911 940 996 legitimae
957 911 1173 986 defensionis3
1191 913 1243 976 cui
1260 931 1357 996 scopo
1375 917 1424 976 est
1439 931 1524 976 com·

339 1041 454 1122 parata
468 1034 543 1102 Vol.
558 1037 583 1108 l,
601 1036 623 1098 l.
639 1035 692 1098 cit.
707 1070 722 1082 -
737 1035 852 1108 Hodie,
870 1038 945 1120 quia
960 1037 1126 1101 accusatio
1141 1037 1343 1100 instauratur
1358 1055 1380 1099 a
1394 1034 1523 1120 publico

276 1155 279 1160 ’
338 1167 539 1242 accusatore,
563 1162 854 1227 reconventionum
875 1182 951 1226 usus
974 1161 1105 1227 videtur
1129 1159 1202 1227 fleri
1225 1181 1290 1226 non
1313 1181 1426 1246 posse;
1443 1166 1524 1225 atta·

342 1306 415 1352 men
438 1285 692 1352 accusatorium
714 1286 871 1371 populare
898 1287 1067 1371 systhema
1089 1305 1154 1350 non
1179 1292 1228 1352 est
1253 1288 1284 1350 in
1308 1286 1381 1350 toro
1405 1285 1522 1350 eccles.
1637 1311 1638 1314 ¹

219 1393 224 1404 ⁸
339 1411 504 1484 abolitum,
522 1431 561 1477 eo
585 1411 689 1495 magis
712 1431 809 1494 quum
825 1410 1037 1477 admittantur
1060 1414 1140 1497 fisco
1164 1412 1397 1480 adhaerentes,
1415 1429 1525 1494 quam-

338 1538 451 1604 obrem
475 1539 557 1604 istae
579 1538 725 1601 notiones
747 1537 961 1621 explicandae
984 1545 1088 1603 erant.
1114 1536 1162 1603 of.
1188 1533 1370 1622 Schmalzg.
1397 1537 1418 1602 l.
1444 1558 1474 1604 c.

431 1661 504 1726 171.
531 1660 673 1743 Denique
696 1661 918 1745 prorogationi
943 1665 993 1726 est
1015 1661 1106 1726 locus
1130 1660 1170 1726 ob
1194 1661 1432 1727 connexionem
1465 1679 1524 1726 seu

338 1786 569 1850 continentiam
585 1804 771 1860 causarum;
787 1785 877 1850 valet
893 1786 977 1850 enim
995 1805 1096 1870 aeque
1110 1787 1142 1850 in
1155 1785 1378 1852 criminalibus
1393 1785 1524 1870 regula,
1637 1863 1638 1874 ἵ

337 1910 570 1986 continentiam
584 1929 756 1981 causarum
768 1928 833 1973 nou
846 1929 917 1974 esse
929 1909 1149 1976 scindendam.
1166 1910 1213 1976 Gt.
1229 1909 1259 1974 V
1262 1911 1303 1976 ol.
1320 1910 1347 1985 I,
1361 1931 1394 1974 u.
1407 1911 1475 1974 344
1493 1916 1526 1973 et

339 2034 519 2119 Schmalzg.
543 2036 592 2099 tit.
617 2033 667 2098 De
689 2033 760 2098 iud.
785 2053 816 2097 n.
841 2034 894 2114 72,
920 2041 951 2099 et
975 2035 1032 2101 De.
1046 2035 1116 2116 for.
1140 2055 1249 2117 comp.
1274 1999 1306 2098 n.
1335 2033 1396 2098 139
1421 2053 1469 2116 sq.

434 2157 506 2230 112.
530 2158 563 2223 Si
587 2177 667 2221 vero
690 2156 795 2223 dubio
817 2160 860 2222 sit
882 2162 1097 2244 competentia
1112 2165 1191 2224 tunc
1210 2158 1309 2223 iudex
1324 2158 1416 2222 diluit
1436 2156 1526 2222 hauc

340 2283 570 2366 quaestionem.
595 2282 759 2366 Siquidem
782 2284 945 2368 cultasque
968 2285 1091 2350 iudicis
1114 2289 1164 2350 est
1186 2283 1299 2350 videre
1326 2304 1370 2349 au
1397 2303 1456 2350 sua
1483 2284 1528 2350 sit
1637 2295 1638 2374 ζ

257 2408 260 2412 ’
339 2408 571 2490 competentia;
595 2425 665 2490 arg.
691 2407 712 2471 t.
736 2407 771 2471 5.
794 2409 829 2491 ff.
855 2408 904 2474 De
935 2409 1005 2473 iud.
1035 2409 1068 2474 Si
1096 2409 1183 2473 fucta
1213 2407 1361 2494 diligenti
1392 2408 1526 2490 inquisi-
1637 2447 1638 2486 3

338 2533 427 2598 tione
450 2512 591 2599 ductum
614 2538 815 2617 perseverat,
831 2538 910 2599 tunc
934 2554 952 2598 e
971 2535 1216 2617 praecentione
1235 2532 1415 2599 desumitur
1438 2552 1524 2598 com·

339 2658 491 2742 petentia
516 2656 696 2741 Schmalzg.
721 2657 897 2723 deuterio.
923 2658 1055 2745 coniup.
1082 2659 1115 2723 X
1139 2656 1212 2741 (ΙΙΙ.
1238 2658 1270 2744 2)
1297 2678 1327 2722 u.
1355 2658 1429 2723 136.

429 2780 491 2846 Sed
514 2783 660 2866 apprime
683 2788 733 2845 est
755 2780 981 2867 distinguenda
1008 2785 1158 2868 exceptio
1186 2784 1229 2849 de
1258 2783 1525 2866 mcompetentia
1637 2872 1638 2883 ἵ

262 2972 266 2978 ,
338 2904 379 2968 ab
404 2906 595 2988 exceptione
618 2906 661 2971 de
682 2906 884 2987 suspicione.
900 2908 979 2970 Narn
1003 2907 1096 2979 haec,
1113 2909 1139 2972 si
1160 2914 1278 2992 agatur
1300 2908 1340 2973 de
1364 2908 1524 2973 tribunali

340 3028 511 3113 collegiali,
529 3028 636 3094 dirimi
652 3034 791 3115 potesta
806 3030 940 3113 reliquis
955 3031 1086 3117 collegii
1102 3031 1257 3098 iudicibus
1274 3052 1338 3096 non
1359 3034 1524 3117 suspectis
1637 3044 1638 3051 ’

341 3175 401 3239 peu
431 3159 506 3219 vota
537 3156 670 3225 maiora,
695 3157 785 3237 quasi
816 3154 956 3223 arbitria
988 3156 1021 3220 in
1052 3176 1090 3221 re
1114 3158 1306 3222 constitutis.
1333 3157 1413 3223 Nam
1438 3156 1525 3222 haec
1637 3162 1638 3242 i

340 3280 499 3364 exceptio,
523 3300 566 3344 ex
590 3281 663 3343 iure
686 3282 859 3359 communi,
884 3300 942 3365 per
965 3279 1106 3345 arbitros
1130 3286 1181 3345 est
1203 3280 1421 3365 expedienda;
1448 3300 1523 3368 arg.
1637 3260 1638 3315 Ῑ

341 3424 369 3468 c.
386 3422 414 3468 c.
434 3404 475 3467 10
498 3404 544 3469 De
566 3403 644 3485 foro
661 3410 802 3485 compet.
821 3403 854 3467 X
871 3402 927 3485 (ΙΙ.
945 3404 978 3485 2)
995 3410 1025 3470 et
1047 3405 1088 3469 61
1105 3406 1153 3471 De
1169 3406 1295 3487 appell.
1317 3406 1351 3469 X
1374 3402 1437 3491 (ll,
1455 3404 1522 3491 28)
1637 3476 1638 3505 i

341 3528 383 3594 ct.
408 3529 483 3593 Vol.
508 3531 533 3596 1.
557 3548 589 3593 n.
614 3528 681 3593 350
707 3546 754 3611 sq.
782 3563 798 3576 -
829 3528 934 3593 Hodie
957 3550 1047 3610 vero,
1072 3530 1100 3595 si
1132 3531 1276 3615 practice
1307 3528 1447 3595 difficilis
1481 3532 1524 3596 sit
1637 3518 1638 3591 ³

339 3654 538 3718 arbitrorum
555 3656 749 3726 constitutio,
766 3653 870 3718 facilis
886 3659 973 3737 patet
990 3674 1143 3721 recursus
1159 3655 1199 3720 ad
1216 3655 1367 3721 Sanctam
1391 3655 1520 3721 Sedem.
1637 3658 1638 3740 (

430 3778 523 3853 Quod
549 3778 576 3843 si
600 3777 768 3844 conflictus
800 3781 1035 3863 competentiae
1059 3786 1233 3845 enascatur
1260 3783 1346 3847 iuter
1372 3781 1523 3847 diversos

341 3900 472 3973 iudices,
491 3905 569 3965 tuuc
591 3897 628 3965 fit
642 3900 732 3964 locus
756 3902 923 3985 processui
941 3903 1005 3965 iam
1022 3901 1184 3986 explicatu
1201 3903 1275 3967 Vol.
1295 3904 1308 3967 Ι
1334 3904 1354 3967 Ι.
1373 3904 1438 3975 cit,
1457 3922 1524 3968 non
1637 3902 1638 3982 ᾖ

341 4044 435 4089 secus
458 4044 497 4089 ac
521 4026 553 4089 in
578 4026 684 4089 causis
707 4022 864 4088 civilibus.
