3350 5100
322 278 391 347 594
772 298 980 348 nnnnoarou
1005 299 1053 345 1v.

318 419 371 473 dos
388 420 442 475 erit
460 418 495 473 ad
512 420 657 491 quaelibet
675 426 749 487 acta,
768 437 803 475 ne
822 421 893 474 vitio
912 420 1052 475 nullitatia
1069 420 1233 487 concidant;
1245 398 1337 475 eidem
1348 436 1458 489 semper
1469 424 1499 473 et

317 528 550 599 quandocumque
578 534 644 581 acta
669 545 822 599 processus,
841 530 896 584 atsi
921 528 1042 582 noudum
1070 528 1223 598 publicati,
1242 532 1324 582 amnt
1348 526 1501 581 communi·

318 635 415 700 canda,
434 652 544 705 semper
562 639 591 692 et
609 636 841 709 quandocumque
859 636 921 691 eiua
937 636 1043 705 scripta
1062 635 1231 705 recipienda,
1250 640 1334 706 atque
1346 650 1427 688 -novo
1449 637 1506 707 tes

319 745 404 809 mino,
423 758 458 798 eo
476 744 635 813 flagitante,
655 744 833 813 prorogandi,
852 748 884 797 ut
902 760 936 799 ea
953 745 1058 813 scripta
1078 744 1207 813 perficiat
1224 747 1309 813 atque
1328 741 1468 796 exhibeat

390 850 405 915 ξ
427 849 466 904 ll.
486 849 606 910 Quodsi
625 850 661 904 ob
680 850 835 919 peculiares
853 850 1080 905 circumstantias
1098 850 1271 905 matrimonii
1289 849 1419 904 defensor
1439 848 1498 903 ain·

318 955 393 1025 gulis
412 958 484 1011 actis
502 958 638 1013 interesse
665 958 833 1029 nequiverit,
851 957 982 1013 absoluto
999 974 1130 1027 processu
1151 956 1251 1013 eadem
1268 958 1322 1027 ipsi
1340 957 1497 1023 tradantur,

319 1066 351 1115 ut
367 1078 417 1117 aas
436 1080 554 1118 exarare
572 1068 659 1134 queat
676 1064 942 1129 animadversiones,
955 1080 1026 1135 quas
1042 1063 1162 1119 tuendae
1174 1062 1346 1118 matrimonii
1360 1062 1501 1117 validiori

319 1170 491 1225 necessarias
510 1170 693 1237 iudicaverit3
711 1172 735 1225 ai
755 1171 812 1225 alia
829 1176 894 1225 acta
910 1172 1094 1242 suggesserit,
1111 1171 1181 1226 haec
1199 1170 1373 1227 conficienda
1385 1173 1502 1227 omnino

320 1282 417 1340 erunt;
437 1278 460 1331 si
479 1293 515 1333 ex
534 1278 590 1333 iam
609 1280 745 1335 confectis
763 1278 978 1349 deprehenderit
993 1280 1064 1333 alias
1082 1279 1178 1336 adesse
1192 1296 1324 1349 personas
1336 1279 1500 1334 testimonio

316 1384 431 1439 ferendo
449 1384 563 1439 idoneas
581 1389 612 1439 et
636 1390 809 1455 opportunas
835 1384 955 1439 nondum
982 1386 1173 1451 examinatas,
1193 1383 1244 1439 lias
1267 1384 1390 1439 examini
1414 1384 1504 1439 subii·

320 1488 433 1543 ciendae
452 1496 596 1559 proponet.

389 1600 403 1663 d
419 1598 458 1651 12.
479 1598 639 1653 Constituto
658 1599 792 1654 tribunali
812 1598 883 1654 haee
901 1604 1027 1653 actorum
1045 1598 1280 1653 conficiendorum
1293 1598 1367 1652 ratio
1381 1597 1501 1653 tenenda

318 1704 382 1758 erit.
400 1706 444 1759 Ab
463 1706 593 1759 omnibus
611 1710 640 1759 et
658 1704 778 1773 singulis
791 1705 982 1759 testimonium
994 1704 1112 1759 dicturis
1124 1702 1284 1758 moderator
1295 1708 1422 1757 actorum
1434 1708 1505 1759 ante

318 1812 412 1865 omnia
430 1813 618 1867 iuramentum
637 1812 733 1881 exiget
744 1812 779 1866 de
792 1812 913 1868 veritate
925 1812 1050 1878 dicenda,
1063 1818 1093 1867 et
1105 1812 1129 1866 ai
1149 1814 1189 1867 ita
1201 1830 1247 1868 rea
1266 1811 1398 1882 postulet,
1405 1812 1498 1873 ‚etiam

317 1916 351 1972 de
368 1923 478 1973 secreto
497 1919 642 1985 servando,
656 1920 809 1987 praemissa
820 1935 947 1989 congrua
958 1919 1112 1974 monitione
1124 1919 1159 1974 de
1171 1919 1321 1973 iuramenti
1334 1918 1497 1982 sanctitate,

318 2027 481 2095 praesertim
494 2028 517 2081 si
531 2026 708 2082 examinandi
719 2026 801 2083 rodes
810 2028 868 2081 sint
879 2032 909 2081 et
920 2027 1022 2095 ignari.
1032 2026 1222 2081 loramentum
1233 2024 1430 2096 praestandum
1443 2025 1500 2079 erit

317 2133 402 2192 tactis
414 2132 525 2185 Sanctis
536 2131 706 2200 Evangeliis,
716 2136 746 2187 et
755 2133 783 2185 in
793 2131 914 2201 singulis
921 2131 1202 2187 examinibuseodem
1213 2132 1293 2185 modo
1304 2130 1496 2201 repetendum.

386 2241 399 2305 d
420 2238 461 2293 13.
480 2238 533 2300 Qui
546 2240 670 2293 examini
681 2238 848 2294 subiiciendi
866 2244 941 2305 sunt,
959 2255 1084 2294 seorsum
1102 2255 1213 2308 semper
1231 2238 1389 2293 audiantur.
1410 2239 1499 2292 Porro

315 2343 502 2398 cancellarius
520 2344 667 2399 adnotabit
684 2345 767 2411 diem,
786 2362 919 2411 mensem,
937 2350 967 2399 et
984 2361 1087 2399 annum
1105 2346 1257 2401 cuiuslibet
1279 2344 1426 2411 examinis,
1445 2360 1499 2398 nac

316 2464 371 2503 non
382 2450 556 2520 singulorum
566 2468 677 2519 nomen,
686 2468 850 2522 cognomen,
857 2458 988 2519 aetatem,
998 2454 1193 2521 conditionem,
1203 2458 1318 2520 statum,
1327 2457 1356 2507 et
1367 2452 1501 2523 patriam,

317 2562 345 2612 st
363 2559 450 2612 etiam
470 2559 543 2630 qood
562 2561 750 2615 iuramentum
770 2575 869 2615 revera
887 2561 1089 2630 praestiterint.

305 2663 309 2679 ³
387 2668 400 2732 d
422 2667 462 2720 ll.
482 2665 550 2720 Post
567 2666 713 2737 quodlibet
732 2683 859 2734 examen,
868 2669 979 2723 etiamsi
996 2667 1094 2723 eadem
1107 2683 1226 2737 persona
1238 2666 1343 2737 pluries
1355 2666 1399 2720 illi
1412 2666 1503 2720 subii·

314 2771 414 2826 cienda
432 2773 477 2837 ait,
498 2774 686 2829 cancellarius
698 2774 775 2829 clara
788 2778 817 2829 et
828 2775 1006 2845 intelligibili
1018 2791 1086 2830 voce
1097 2791 1191 2830 coram
1203 2775 1302 2830 eadem
1314 2775 1392 2844 legat
1404 2775 1495 2828 iuter-

315 2879 476 2948 rogationes
494 2885 524 2936 et
543 2881 746 2950 responsiones,
765 2881 948 2936 faroaldum
967 2881 1103 2936 facultate
1122 2881 1247 2936 variandi
1265 2879 1316 2935 aut
1334 2879 1494 2935 declarandi

314 2986 448 3058 quidquid
468 2988 493 3041 ei
512 2989 602 3042 visum
621 2987 721 3043 fuerit:
741 2987 840 3043 deiude
858 2989 918 3057 ipae
935 2990 1111 3043 examinatus
1128 2989 1296 3055 subscribat,
1315 2993 1344 3042 et
1362 2988 1385 3041 si
1404 2988 1492 3042 fuerit

314 3092 476 3159 illiteratus,
495 3095 581 3150 faciet
600 3093 653 3150 hoe
672 3095 785 3164 signum
798 3093 948 3165 (irufficim
964 3111 998 3149 ac
1010 3095 1130 3166 deniqne
1147 3095 1306 3151 moderator
1318 3101 1445 3150 actorum
1465 3101 1497 3151 et

314 3199 442 3253 defensor
463 3199 616 3254 validitatis
634 3203 805 3256 matrimonii
819 3206 961 3272 apponent
978 3218 1058 3255 suam
1075 3202 1317 3272 subscriptionem,
1336 3207 1367 3257 ot
1385 3201 1496 3256 caucel-

316 3306 404 3361 lariua
422 3307 456 3361 da
474 3311 539 3362 actu
558 3309 679 3378 rogabit.

385 3412 399 3477 ξ
422 3411 459 3464 l5.
480 3411 508 3466 Si
528 3412 677 3484 aliquando
696 3415 824 3484 contigat
841 3415 1040 3469 examinandos
1059 3415 1132 3484 apud
1151 3418 1261 3470 exteras
1280 3419 1309 3470 et
1327 3415 1420 3469 lorsan
1434 3414 1497 3470 lon-

313 3517 432 3587 ginquas
451 3517 580 3587 regiones
598 3521 713 3586 versari,
724 3536 774 3575 nec
787 3521 923 3575 tribunali
941 3539 971 3578 se
983 3524 1083 3578 aiatare
1096 3539 1184 3591 posse,
1198 3539 1215 3575 a
1228 3522 1402 3579 moderatore
1415 3527 1495 3576 acto-

314 3639 374 3677 rum
393 3629 525 3679 accurata
542 3626 681 3680 factorum
700 3633 730 3682 et
748 3628 1032 3697 circumstantiarum,
1051 3644 1169 3700 quarum
1187 3630 1313 3699 cognitio
1337 3633 1367 3684 et
1391 3630 1496 3684 conflr-

313 3731 401 3784 matio
420 3731 580 3802 requiritur,
592 3735 730 3804 expositio
742 3736 797 3791 erit
808 3734 944 3802 facienda,
956 3753 1028 3807 qnae
1042 3736 1216 3791 concinnatis
1227 3739 1392 3806 opportunis
1405 3736 1495 3791 inter·

311 3837 514 3906 rogationibus,
524 3839 557 3893 de
576 3839 717 3894 sententia
726 3855 837 3912 quoque
847 3840 1000 3896 defensoris
1010 3841 1190 3899 matrimonii,
1201 3845 1230 3896 et
1243 3840 1374 3897 indicatis
1386 3842 1494 3895 exami-

314 3945 468 3998 nandorum
478 3945 645 4011 nominibus,
658 3946 692 4000 ad
705 3947 884 4004 ordinarium
896 3948 960 4014 loci,
973 3949 1003 4003 in
1014 3965 1070 4020 quo
1082 3955 1299 4015 commorantur,
1309 3949 1450 4015 mittatur,
1460 3955 1493 4003 ut

313 4049 363 4106 ille
381 4052 440 4106 sive
460 4067 508 4122 per
525 4069 564 4118 aa,
576 4054 636 4108 sive
654 4069 704 4122 per
721 4071 802 4110 sunm
816 4056 951 4110 vicarium
964 4057 1134 4126 generalem,
1146 4058 1206 4113 aive
1223 4074 1272 4128 per
1290 4057 1378 4112 alium
1397 4057 1490 4111 virum
1528 4069 1533 4079 ·

314 4157 431 4224 probum
448 4160 478 4211 et
496 4163 642 4227 expertum
661 4175 677 4214 e
696 4159 772 4214 clero
784 4159 955 4230 eligendum,
966 4177 1015 4216 eos
1032 4161 1155 4216 examini
1167 4162 1300 4216 subiiciat
1318 4165 1399 4217 iuxta
1410 4161 1495 4216 datas

312 4262 556 4333 interrogationes,
576 4266 710 4339 requisito
729 4267 806 4339 prius
823 4268 983 4324 iuramento
994 4269 1029 4324 de
1046 4268 1167 4325 veritate
1185 4269 1351 4336 dicendast
1364 4269 1485 4325 caeteris

316 4367 446 4434 servatis,
463 4385 536 4442 quae
554 4387 638 4441 supra
657 4371 830 4443 praescripta
849 4377 925 4428 aunt.
