3350 5100
538 329 583 376 us
606 327 761 411 nnmcrrs
784 329 827 376 nr
851 327 970 376 ronuta
1297 307 1339 376 87

163 471 233 537 arg.
256 470 334 534 cap.
357 451 411 527 19,
435 451 485 517 De
511 453 728 542 cpnvastone
747 451 881 538 coniup.
909 451 944 516 X
964 451 1038 535 (ΙΙΙ,
1062 451 1139 531 32);
1163 449 1219 515 sed
1244 449 1341 514 hodie

162 573 243 637 istae
264 571 511 649 obsoleverunt3
534 579 568 640 at
586 573 692 638 adhuc
706 576 821 660 vigent
842 572 1016 639 nonnullae
1039 573 1120 639 iuris
1142 573 1342 658 privationes

163 715 246 780 quae
260 696 335 763 loco
349 717 527 782 poenarum
550 700 695 772 veniunt,
718 717 870 764 necnon
893 699 991 764 instat
1014 699 1082 784 ipso
1105 695 1246 764 naturali
1270 697 1342 760 iure

161 821 383 888 indemnitatis
404 823 619 909 praestandae
642 823 804 910 obligatio.
830 823 907 889 ldeo

295 945 331 1030 a)
343 947 468 1012 (tonina
479 945 608 1012 adulter
617 949 767 1033 privatur
778 949 850 1012 iure
862 945 991 1034 petendi
1001 945 1341 1020 debitum‚dummodo

160 1070 247 1134 alter
269 1071 390 1136 coniux
412 1070 563 1136 adulterii
586 1091 664 1137 rens
691 1090 755 1137 non
786 1071 904 1148 fuerit3
927 1069 1082 1156 siquidem
1113 1090 1182 1157 arg.
1207 1089 1281 1154 cap.
1307 1069 1339 1144 7,

160 1195 211 1260 De
234 1195 342 1262 odat.
360 1215 379 1258 a
392 1197 501 1280 parta
524 1197 671 1263 crimina
687 1198 962 1282 compensatione
977 1202 1097 1264 mutua
1113 1197 1292 1262 deteantur
1307 1217 1337 1258 s.

294 1319 326 1404 b)
350 1318 501 1385 Adulteri
515 1321 544 1387 si
559 1321 765 1407 paciscantur
779 1320 820 1386 de
835 1321 1039 1386 matrimonio
1055 1317 1195 1385 ineundo
1212 1321 1245 1384 in
1262 1337 1340 1385 casu

159 1443 267 1509 obitus
284 1446 440 1530 coniugis,
456 1446 509 1512 vel
525 1445 752 1512 machinentur
767 1451 905 1511 mortem
921 1445 1076 1532 coniugis,
1096 1449 1200 1509 morte
1212 1442 1339 1528 *exinde

159 1574 305 1652 sequuta,
321 1567 584 1654 impedimentum
608 1571 805 1636 contrahunt
819 1569 974 1636 dirimens
996 1570 1062 1636 tale
1084 1569 1338 1642 matrimonium;

159 1695 260 1761 multo
282 1698 386 1782 magis
399 1696 485 1762 istud
499 1697 673 1762 incurrunt
688 1698 716 1762 si
735 1697 778 1762 cte
790 1695 883 1780 facto
906 1693 1146 1762 matrimonium
1169 1699 1336 1759 attentent.

294 1819 324 1904 c)
347 1818 552 1885 Adulterium
575 1824 625 1885 est
647 1839 745 1886 causa
767 1818 931 1886 sufficiens
953 1819 1084 1885 divortii
1105 1837 1221 1903 nempe
1243 1817 1338 1884 semi·

155 1943 263 2024 pleni,
284 1943 401 2009 lavore
424 1944 560 2011 alterius
582 1946 728 2031 coniugis
752 1946 804 2029 qui
828 1943 957 2010 adulter
979 1964 1045 2009 non
1068 1944 1223 2011 extiterit.

293 2069 330 2152 d)
353 2068 445 2134 Uxor
476 2073 610 2156 propter
639 2068 833 2135 adulterium
856 2068 962 2136 dotem
990 2075 1023 2136 et
1053 2067 1241 2134 donationes
1264 2086 1336 2152 pro-

160 2200 235 2274 pter
250 2195 379 2278 nuptias
393 2193 522 2268 amittit,
537 2195 590 2258 vir
604 2193 792 2260 donationes
815 2199 950 2280 propter
965 2195 1109 2278 nuptias;
1125 2211 1200 2279 acy.
1217 2212 1243 2257 c.
1261 2211 1287 2258 c.
1300 2190 1335 2272 2,

160 2317 193 2388 4,
216 2317 252 2382 5.
276 2317 328 2383 De
350 2318 466 2384 donat.
490 2317 580 2384 inter
602 2319 656 2384 cir
679 2324 711 2384 et
731 2336 832 2384 acor.
857 2319 892 2383 X
911 2317 986 2397 (tv,
1011 2315 1078 2402 20).
1102 2318 1265 2388 Attamen,
1291 2316 1335 2380 uti

160 2437 254 2502 docet
276 2439 323 2503 De
346 2440 483 2525 Angelis
505 2439 536 2503 h.
561 2445 593 2513 t,
618 2439 714 2504 hodie
737 2439 889 2505 Ecclesia
904 2458 968 2504 non
991 2439 1073 2504 solet
1095 2439 1261 2523 applicare
1277 2437 1336 2501 has

160 2563 250 2647 leges
271 2569 305 2628 et
332 2564 409 2628 sinit
431 2563 600 2630 observari
623 2565 713 2651 leges
737 2566 850 2630 civiles
866 2566 1020 2649 cuiusque
1036 2564 1184 2629 civitatis.
1202 2564 1333 2629 Revera

160 2686 267 2771 agitur
289 2684 332 2751 de
356 2686 470 2753 ccusr's
491 2687 619 2753 mictu.
644 2690 706 2754 Ast
733 2687 832 2753 iudex
863 2687 980 2753 eccles.
1005 2686 1091 2751 scire
1117 2684 1221 2761 debet,
1245 2685 1336 2770 leges

159 2812 233 2877 iure
255 2831 333 2877 can.
356 2812 439 2876 latas
466 2812 520 2879 cit.
545 2813 592 2879 tit.
617 2833 678 2898 per
700 2832 734 2879 se
749 2813 857 2879 adhuc
873 2816 986 2899 vigere
1001 2816 1035 2878 et
1050 2812 1118 2877 istis
1141 2810 1248 2877 locum
1264 2810 1335 2876 fleri

159 2937 182 3000 si
205 2941 317 3021 partes
340 2941 496 3021 expetant
518 2936 654 3003 iudicari
677 2940 768 3004 iuxta
783 2940 874 3024 leges
890 2937 1063 3004 canonicas
1083 2941 1117 3003 et
1138 2936 1236 3002 iudex
1252 2935 1335 3001 arbi-

158 3066 263 3124 tretur
284 3059 403 3123 bonum
426 3066 460 3125 et
481 3059 625 3146 prudens
649 3080 720 3127 esse
743 3062 806 3127 hoo
833 3060 1026 3127 concedere.

290 3182 321 3268 e)
344 3182 462 3247 Marito
486 3201 565 3248 vero
589 3189 622 3248 et
636 3180 711 3249 filiis
733 3183 887 3270 legitimis
910 3184 959 3249 ius
975 3177 1030 3249 est'
1040 3182 1170 3269 petendi
1194 3188 1336 3249 amatre

159 3313 189 3371 et
211 3306 252 3372 ab
274 3305 422 3373 adultero
444 3306 498 3373 vel
521 3306 562 3373 ab
584 3307 750 3383 adulteris,
775 3328 836 3394 pro
858 3314 937 3375 rata
959 3304 1057 3383 dubii,
1074 3307 1202 3392 quando
1217 3329 1337 3395 nempe

158 3431 273 3497 mulier
303 3434 394 3497 circa
423 3432 508 3498 idem
537 3436 665 3519 tempus
696 3434 900 3518 generationi
931 3438 1039 3519 aptum
1071 3434 1182 3519 plures
1206 3432 1337 3499 admisit

159 3558 243 3622 viros
258 3561 292 3620 et
306 3556 473 3622 cuiusnam
488 3557 530 3621 sit
544 3557 654 3643 proles
669 3557 865 3623 adulterina
884 3558 1001 3623 coniici
1017 3564 1108 3623 certe
1123 3576 1188 3621 non
1211 3562 1334 3642 potest;

159 3680 205 3745 ius
225 3682 381 3746 nimirum
404 3686 454 3747 est
482 3681 612 3767 petendi
635 3682 789 3747 alimenta
817 3701 877 3766 pro
904 3681 996 3767 prole
1026 3682 1137 3767 spuria
1168 3685 1200 3745 et
1223 3680 1333 3745 huius-

160 3807 238 3871 modi
260 3806 387 3891 prolem
411 3806 604 3873 excludendi
619 3828 639 3871 a
656 3802 862 3873 successione
885 3806 1093 3873 hereditaria.
1112 3806 1230 3873 Iudicis
1254 3824 1335 3871 vero

160 3935 206 3993 est
229 3930 450 3995 determinare
474 3931 507 3995 in
530 3932 657 4016 singulo
681 3951 757 3996 casu
784 3932 818 3995 in
841 3950 980 4014 quanam
1004 3950 1156 3996 mensura
1178 3929 1219 3994 ab
1242 3930 1333 3995 adul-

161 4057 226 4117 tero
249 4059 281 4118 et
303 4052 344 4118 ab
367 4052 514 4119 adultera
530 4053 723 4119 indemnitas
746 4052 940 4139 praestanda
962 4054 1013 4118 sit.
1039 4052 1212 4118 Griterium
1236 4072 1332 4139 gene-

162 4175 226 4240 rale
248 4182 305 4249 est,
330 4182 376 4249 ut,
401 4178 428 4241 si
451 4176 568 4241 mulier
589 4176 694 4242 libere
724 4178 757 4240 in
781 4174 975 4241 adulterium
999 4176 1172 4251 consensit,
1196 4180 1334 4260 uterque

161 4296 281 4364 adulter
302 4299 341 4364 in
362 4299 510 4367 solidum
533 4300 734 4365 indemnitati
757 4298 972 4385 praestandae
995 4297 1154 4365 obnoxius
1177 4300 1235 4375 sit;
1260 4318 1333 4382 quo-

163 4422 260 4505 circa,
284 4440 419 4509 perse,
444 4424 595 4508 quisque,
618 4443 678 4509 pro
710 4424 841 4491 dimidia
873 4430 982 4511 parte,
1011 4423 1051 4490 ad
1082 4424 1200 4491 damna
1226 4442 1333 4489 resar-
