3350 5100
415 337 459 383 oe
483 335 622 383 1oo1c11s
646 334 887 384 commetiens
912 334 948 382 m
971 333 1087 381 soccis
1275 313 1336 379 421

162 463 217 527 vel
232 463 305 527 eius
320 461 494 544 defensori
511 480 578 544 pcr
600 480 776 529 cursorem
796 458 1003 527 denunciata
1024 458 1101 541 fuit.
1119 457 1180 524 III.
1197 458 1247 525 Ito
1262 467 1340 524 tem-

160 603 247 668 pore
270 585 396 668 elapso,
420 585 505 670 quin
526 604 606 651 reus
628 586 680 651 ael
703 586 777 651 eius
798 583 962 666 defensor
983 584 1217 668 appellaverit,
1234 583 1338 647 latam

161 726 184 773 a
206 728 243 774 se
264 710 468 776 sententiam
490 710 681 793 Episcopus
706 714 904 795 eaequelur.
935 708 994 775 IV.
1020 706 1225 791 Interposita
1247 707 1340 772 iutra

161 834 278 899 decem
298 833 371 901 dies
393 835 631 918 appellatione,
655 834 754 901 curia
784 833 986 917 episcopalis
1016 838 1093 900 acta
1123 830 1340 918 autopraplta
1458 866 1463 877 ·

162 958 262 1025 totius
284 977 408 1025 causae
431 959 479 1025 ad
502 958 537 1025 S.
564 960 600 1025 C·
623 960 783 1026 continuo
811 957 1021 1029 transmittet.
1054 974 1176 1040 nempe
1207 956 1238 1035 I)
1263 974 1340 1022 euo-

162 1102 289 1151 csssou
312 1084 427 1166 ipsum
449 1085 487 1149 in
509 1085 607 1151 curia
634 1083 843 1166 confectum,
874 1082 908 1168 2)
932 1083 1004 1149 eius
1027 1099 1251 1153 sasimorum,
1279 1098 1339 1147 seu

162 1208 457 1289 cmnpendiariam
472 1208 718 1291 expositionem
734 1225 864 1287 eorum,
881 1225 969 1291 quae
985 1225 1030 1272 ecc
1046 1206 1163 1272 codem
1177 1222 1340 1288 praecem

161 1339 349 1419 emerpunt,
379 1332 413 1418 3)
437 1331 650 1414 defensiones
668 1352 737 1417 pro
758 1352 818 1399 reo
842 1330 1019 1405 cohibitas,
1045 1331 1078 1414 4)
1099 1330 1246 1415 denique
1267 1346 1339 1395 sen-

163 1456 300 1523 tentiam
325 1458 442 1522 latam.
474 1458 514 1521 V.
540 1458 623 1541 Ipsa
650 1458 750 1523 curia
771 1477 831 1524 reo
853 1446 994 1541 ¹eiusque
1016 1455 1189 1538 defensori
1211 1454 1338 1521 denun-

162 1580 272 1655 ciabit,
292 1582 558 1664 appellationem
581 1600 700 1647 caram
722 1582 842 1648 eadem
863 1578 896 1645 S.
918 1578 951 1646 O.
964 1579 1242 1664 prosequendam
1257 1588 1358 1645 esse.¹

161 1704 220 1770 VI.
246 1704 283 1771 Si
305 1724 404 1772 neam
424 1712 631 1789 compareat,
647 1712 707 1771 aut
722 1706 752 1771 si
766 1703 1006 1788 appellationis
1029 1707 1106 1769 acta
1128 1702 1339 1788 neplipenler

160 1834 219 1893 aul
249 1829 417 1894 malitiose
439 1828 702 1911 protrahantur,
726 1846 918 1915 coupruum
947 1832 1123 1910 tempusa
1151 1825 1186 1892 S.
1213 1825 1336 1912 Conpr.

156 1952 393 2037 praefinietur,
410 1970 476 2037 qua
499 1952 666 2018 inutiliter
689 1952 816 2035 elapsa,
832 1952 1092 2019 causadescrta
1108 1954 1285 2017 censeatur
1306 1954 1337 2015 et

159 2076 324 2142 sententia
346 2077 464 2143 curiae
487 2077 690 2161 episcopalis
719 2076 911 2144 eaecutioni
940 2076 1133 2141 mandetur.
1165 2072 1243 2141 VII.
1266 2072 1337 2140 Rea

160 2200 295 2281 catilli,
315 2201 375 2284 qui
398 2201 471 2267 eius
494 2200 727 2284 defensionem
749 2200 905 2284 suscepit,
931 2200 1118 2266 tradendus
1141 2204 1189 2265 est
1204 2216 1337 2265 aesmu-

161 2342 245 2391 csos
265 2344 456 2407 processus,
472 2326 533 2410 qui
548 2345 570 2390 a
589 2325 702 2393 iudice
715 2327 865 2393 relatore
887 2325 1074 2411 conficitur.
1091 2324 1188 2389 VIII.
1204 2324 1338 2409 Allepa-

161 2449 266 2515 tiones
286 2468 348 2515 seu
371 2449 585 2532 defensiones
606 2448 676 2515 ΕΕ.
694 2450 765 2516 ΡΡ.
783 2450 1040 2517 distribuendae
1055 2449 1143 2533 typis
1164 2466 1235 2514 non
1251 2466 1336 2514 com·

159 2576 350 2652 mittantur,
366 2576 434 2641 uisi
455 2576 565 2642 iudea
585 2578 715 2644 relator
729 2576 866 2642 veniam
885 2577 1027 2642 dederit.
1047 2574 1105 2640 IX.
1127 2575 1239 2641 Causa
1254 2573 1336 2658 deti-

157 2700 273 2765 nietur
294 2705 382 2765 stata
405 2700 461 2766 die
483 2699 526 2766 ab
549 2701 618 2766 ΕΕ.
644 2699 715 2767 ΡΡ.
732 2701 770 2766 in
790 2703 892 2784 pleno
916 2675 1087 2766 auditorio
1111 2698 1335 2784 conprepalis.

158 2825 201 2890 X.
233 2824 355 2891 Eidem
392 2826 655 2912 Ccuprepationi
685 2831 896 2908 procurator
929 2825 1100 2912 peueralis
1133 2823 1206 2908 fisci
1235 2821 1281 2910 (I)
1305 2827 1336 2888 ct

158 2950 266 3016 iudea
286 2952 416 3017 relator·
441 2951 641 3016 intererunt.
667 2952 727 3016 XI.
756 2950 870 3016 iudea
884 2952 1014 3016 relator
1036 2950 1078 3014 de
1099 2954 1190 3014 statu
1212 2967 1335 3014 causae

158 3072 205 3138 ad
218 3073 289 3138 Ita.
303 3070 373 3138 ΡΡ.
385 3072 493 3155 refert
509 3081 538 3137 ct
552 3078 763 3154 procurator
776 3073 948 3158 peneralis
959 3071 1032 3156 fisci
1043 3069 1142 3137 stabit
1153 3089 1222 3152 pro
1237 3069 1335 3136 curia

158 3196 344 3278 episcopali
372 3215 520 3281 suasque
551 3195 785 3277 conclusiones
809 3195 1018 3279 caplauabit.
1044 3195 1120 3260 IIII.
1148 3193 1230 3261 Post
1253 3193 1336 3260 hoec

157 3320 227 3385 ΕΕ.
241 3320 324 3385 ῬΡ.
347 3321 515 3387 iudicium
542 3320 738 3402 proferent,
762 3321 964 3386 sententiam
994 3320 1111 3385 curiae
1134 3318 1335 3402 episcopalis

159 3449 219 3507 aut
254 3441 490 3528 confirmando
525 3449 587 3509 aut
619 3443 829 3528 infirmando
865 3449 925 3508 aut
958 3442 1062 3508 etiam
1098 3441 1333 3524 reformando.

157 3565 252 3632 XIII.
275 3566 418 3634 Prolata
448 3569 623 3648 sententia,
645 3586 718 3633 una
749 3587 827 3634 cum
851 3567 1007 3634 omnious
1034 3567 1118 3632 actis
1140 3583 1265 3632 causae
1288 3564 1335 3630 ad

156 3691 312 3756 eamdem
335 3691 471 3756 curiam
493 3693 732 3776 episcopalem,
755 3692 941 3760 remittitur
970 3697 1007 3756 ul
1030 3710 1107 3758 eam
1130 3694 1332 3775 coequatur.

157 3817 250 3882 XIV.
266 3815 400 3884 Recisio
425 3837 485 3884 seu
500 3819 687 3904 recopnitio
702 3819 754 3885 rei
768 3819 941 3885 iudicatae
956 3837 1026 3885 uon
1046 3815 1251 3897 conceditur,
1267 3815 1334 3882 nisi

156 3942 230 4008 eius
253 3941 453 4009 tribuendae
471 3949 621 4026 potestas
644 3965 665 4010 a
689 3943 876 4033 Sanctitate
893 3943 965 4009 Sua
979 3942 1073 4025 facta
1087 3941 1194 4024 fuerit
1216 3945 1247 4007 et
1260 3940 1335 4007 suli

245 4239 286 4308 (I)
305 4241 473 4296 Procurator
492 4257 553 4312 gon.
567 4241 625 4294 fleo.
639 4257 739 4294 munus
757 4239 881 4295 habebut
896 4241 994 4295 tuendi
1011 4241 1146 4295 iustitiam
1164 4241 1194 4294 In
1212 4237 1334 4308 negotiis

156 4347 350 4403 criminalibus
368 4354 398 4403 et
416 4348 482 4404 hinc
494 4353 603 4417 purtem
616 4346 739 4402 habebat
756 4347 787 4401 in
804 4347 916 4402 iudiciis
929 4347 1123 4403 criminalibus
1141 4346 1213 4418 apud
1232 4345 1334 4416 priocI·
1399 4359 1401 4364 ·

157 4450 353 4521 pancarius
371 4452 531 4507 tribunalis.
550 4451 591 4506 cf.
606 4451 651 4512 ,De
672 4451 757 4519 Luce,
775 4452 839 4507 liet.
857 4471 916 4508 cur·
937 4455 990 4508 dis.
1009 4454 1060 4519 46,
1079 4469 1106 4506 n.
1128 4453 1171 4506 88
1189 4463 1215 4508 et
1234 4450 1295 4506 119.
