3350 5100
361 260 428 326 222
876 277 959 326 raas
988 277 1023 324 11.

258 424 268 450 ⁸
357 405 488 488 praesit
517 403 779 490 Conprepationi
805 423 866 470 sca
890 378 1052 469 tribunali
1084 403 1259 469 criminali
1288 422 1372 468 suae
1402 402 1538 471 cariae.

359 530 459 595 inccta
488 529 721 613 appendicem
737 564 755 576 -
779 528 811 594 al
837 529 1070 614 cholamsuto
1101 527 1131 594 di
1164 527 1294 613 proced.
1320 528 1412 592 crim.
1437 526 1494 592 dic
1516 526 1540 590 5

359 651 520 718 Noaemb.
536 649 624 717 1831
641 686 659 701 -
677 650 798 717 debere
814 657 931 717 aotam
945 649 1031 716 dare
1054 657 1084 717 et
1107 651 1312 716 sententiam
1327 647 1540 716 subscribere

358 777 408 842 uti
430 777 553 843 caeteri
575 776 703 844 iudices
725 776 877 842 eiusdem
901 775 1091 848 tribunalis,
1108 775 1267 860 idemque
1282 773 1536 841 obseruandum

358 921 430 968 esse
452 921 475 966 a
495 899 628 967 Vicorio
656 900 750 982 (len,
767 899 907 985 quando
923 900 995 984 ipse
1014 899 1280 992 Copprcpatioai
1295 917 1355 965 seu
1374 897 1541 964 tribunali

358 1024 532 1092 aimiaali
544 1025 741 1107 praesideat
758 1046 787 1089 a.
804 1025 886 1090 Nam
902 1027 935 1088 in
950 1044 1073 1110 genere
1088 1021 1210 1090 iudices
1221 1024 1396 1118 relatores,
1414 1022 1541 1088 instru-

358 1157 465 1217 ctores
487 1170 508 1214 a
530 1146 684 1234 suffragia
707 1148 812 1215 dando
836 1151 1034 1222 eximuntur,
1058 1168 1100 1214 ex
1124 1149 1177 1214 cit.
1199 1148 1289 1214 decr.
1313 1146 1381 1212 diei
1403 1145 1428 1212 5
1452 1143 1540 1210 Nos.

359 1274 444 1341 1831
464 1282 526 1340 art
550 1275 573 1340 2
595 1281 629 1340 et
651 1294 694 1339 ex
720 1276 878 1359 rescripto
902 1274 932 1340 S.
958 1273 993 1342 G.
1018 1273 1086 1340 EE.
1110 1278 1144 1338 et
1168 1273 1239 1338 RR.
1262 1272 1306 1338 18
1329 1271 1405 1336 lna
1430 1269 1541 1336 1855:

357 1401 414 1467 sed
437 1402 519 1466 haec
543 1401 659 1487 regula
680 1420 746 1466 non
769 1404 894 1485 spectat
915 1400 956 1466 ad
979 1401 1161 1486 praesidem
1184 1398 1364 1464 tribunalis.

426 1525 489 1592 Sed
500 1525 553 1594 cil.
567 1531 672 1609 caput
680 1525 731 1590 26
741 1527 831 1590 iuvat
843 1526 980 1590 ulterius
992 1525 1158 1610 explicare
1171 1529 1207 1590 ul
1221 1527 1330 1610 pateat
1341 1521 1416 1606 quid
1432 1519 1541 1586 dicen-

358 1651 433 1716 dum
457 1652 499 1716 sil
520 1650 560 1715 da
580 1651 692 1716 valore
715 1652 897 1716 sententiae
919 1651 1092 1715 maioritati
1116 1654 1265 1714 votorum
1289 1666 1354 1711 non
1376 1641 1539 1720 suffultae,

357 1775 398 1840 ob
415 1774 607 1841 discordiam
619 1773 769 1848 iudicum,
784 1775 839 1858 qui
851 1775 1049 1841 constituunt
1063 1774 1246 1859 collegium.
1260 1771 1436 1856 improprie
1449 1769 1530 1836 ordi
1533 1805 1541 1814 ·

285 1947 288 1954 .
354 1899 508 1970 nariam
535 1898 631 1982 quale
653 1897 797 1962 ordinari
820 1898 909 1964 valet
929 1897 970 1963 ab
994 1899 1164 1984 Episcopo,
1193 1898 1239 1963 uti
1263 1913 1362 1982 supra
1391 1890 1538 1978 explica-

356 2022 471 2087 vimus.
490 2053 508 2070 ·
526 2021 621 2086 Ratio
637 2019 803 2085 dubitandi
819 2027 869 2086 est
883 2021 1003 2087 decisio
1018 2021 1072 2087 cit.
1089 2020 1211 2104 capitis
1225 2019 1284 2092 26,
1306 2037 1368 2103 qua
1384 2016 1540 2082 statuitur

357 2146 480 2232 regula,
496 2146 630 2218 scilicet
648 2151 692 2218 ut,
709 2146 867 2212 iudicibus
882 2146 1070 2213 ordinariis
1086 2151 1199 2231 utputa
1222 2144 1336 2216 tribus,
1356 2165 1375 2205 ι
1390 2142 1538 2206 diversas

354 2272 534 2338 sententias
555 2269 806 2355 proterentibus,
824 2276 935 2336 teneat
950 2290 1009 2356 pro
1024 2290 1084 2336 reo
1101 2289 1165 2334 uon
1189 2289 1249 2355 pro
1272 2273 1387 2334 actore
1405 2271 1536 2331 senten-

355 2397 400 2460 tia
417 2417 446 2460 s.
465 2430 482 2445 -
501 2395 596 2460 Hanc
618 2395 840 2478 quaestionem
865 2413 930 2460 non
953 2396 1074 2480 reperii
1099 2394 1275 2459 resolutam
1299 2389 1382 2477 apud
1406 2391 1537 2456 canoni·

354 2525 430 2592 stas,
454 2516 532 2584 hinc
555 2516 720 2603 proteram
743 2517 828 2602 quod
851 2518 931 2584 mihi
957 2517 1088 2585 videtur
1111 2517 1213 2605 magis
1239 2517 1408 2583 conforme
1435 2515 1537 2581 certis
1635 2493 1636 2500 ἵ

354 2645 435 2708 iuris
457 2645 588 2729 regulis.
614 2644 653 2707 ln
675 2644 729 2708 cit.
758 2646 865 2729 capite
887 2643 1030 2728 loquitur
1056 2644 1211 2708 Pontifex
1234 2642 1276 2708 ds
1297 2638 1431 2708 duobus
1458 2638 1537 2703 iudi-

301 2778 308 2785 ’
354 2766 445 2833 cibus
460 2766 657 2849 ordinariis,
679 2786 796 2851 nempe
811 2772 1002 2851 potestatem
1016 2766 1208 2833 habentibus
1225 2764 1439 2845 insolidum,
1455 2763 1541 2827 hino

355 2888 498 2954 excludit
513 2890 719 2975 hypothesim
743 2888 783 2955 de
806 2888 973 2963 iudicibus,
990 2890 1043 2955 vel
1066 2889 1250 2963 ordinariis,
1271 2890 1325 2972 qui
1341 2894 1450 2953 tamen
1466 2888 1535 2952 col-

354 3009 521 3095 lepialiter
532 3008 610 3095 (non
621 3010 826 3096 insolidum)
839 3030 929 3077 suam
942 3011 1195 3077 iurisdictionem
1209 3029 1370 3076 exercere
1381 3008 1534 3075 debunt.

355 3132 464 3207 Quare
486 3136 522 3206 si,
547 3154 590 3199 ex
613 3136 842 3201 constitutione
865 3136 1035 3201 tribunalis
1057 3136 1212 3221 legitima,
1241 3154 1281 3199 ea
1304 3132 1468 3200 censenda
1492 3135 1534 3196 sit

353 3256 494 3323 iudicum
516 3260 677 3324 sententia
699 3262 733 3325 in
756 3280 862 3345 quam,
886 3258 987 3327 veluti
1011 3263 1045 3326 in
1068 3267 1175 3327 actum
1198 3260 1413 3347 collegialsm
1427 3259 1535 3323 maiar

353 3402 430 3467 pars
452 3383 632 3464 conveniat,
650 3386 811 3449 sententia
826 3386 929 3450 unius
945 3404 1049 3468 neque
1066 3404 1125 3469 pro
1141 3404 1201 3451 reo
1218 3404 1324 3468 neque
1339 3402 1399 3467 pro
1416 3388 1534 3448 actare

353 3510 452 3586 tenet,
476 3505 551 3589 quia
572 3504 742 3572 iudicialis
765 3525 830 3572 non
854 3513 903 3571 est
926 3526 998 3571 cum
1023 3527 1087 3572 non
1110 3510 1153 3573 sil
1175 3507 1370 3593 callepiolis.
1389 3510 1439 3573 lta
1455 3525 1535 3571 con·

352 3633 463 3697 sliiula
486 3632 618 3696 fuerunt
641 3633 817 3697 tribunalia
832 3633 1015 3718 collegialia
1039 3634 1071 3697 in
1095 3630 1218 3700 ditione
1242 3630 1416 3720 pontificia
1435 3670 1452 3682 -
1473 3635 1537 3699 Ea·

352 3756 425 3822 dem
440 3758 604 3823 conclusio
628 3758 766 3842 quadrat
780 3760 813 3823 in
829 3763 975 3824 nostram
999 3762 1229 3842 quaestionem,
1246 3764 1314 3825 tum
1338 3760 1414 3845 quia
1436 3778 1532 3845 prae·

351 3886 479 3967 sumpts
501 3883 650 3949 voluutas
675 3884 841 3948 Praesulis
864 3883 993 3949 videtur
1017 3904 1059 3949 ex
1082 3884 1195 3949 iisdem
1226 3884 1382 3951 iudicibus
1406 3884 1440 3949 in
1465 3885 1532 3949 col-
1632 3876 1633 3896 ²

352 4003 472 4089 legium
494 4005 624 4070 adscitis
640 4008 849 4092 expostulare
872 4011 1064 4075 sententiam
1080 4008 1300 4095 collcpialiter
1322 4010 1530 4087 iudiciales,

352 4134 421 4194 tum
450 4148 489 4192 eo
519 4132 621 4215 magis
651 4132 727 4213 quia
756 4131 900 4196 tribuual
933 4132 1102 4219 collegiale
1132 4131 1173 4197 ab
1205 4134 1364 4219 Episcopo
1397 4134 1531 4199 ordina·

352 4257 419 4317 ium
437 4253 611 4338 improprie
634 4259 684 4319 est
706 4254 925 4322 ordinariam
949 4263 982 4323 et
997 4257 1133 4323 iudicem
1149 4258 1294 4324 continet
1316 4256 1528 4332 ordinarium,
1631 4308 1632 4354 3

351 4378 409 4441 aut
426 4376 530 4461 ipsum
547 4378 739 4463 Episcopum
754 4387 810 4445 aut
824 4380 994 4446 Vicarium
1010 4383 1219 4459 Generalem;
1244 4382 1301 4449 sed
1323 4384 1380 4449 alii
1396 4384 1526 4455 iudices.
