3350 5100
310 282 377 347 298
824 300 908 347 enas
940 299 976 345 11.

309 422 501 489 affirmando
512 425 601 489 facta
611 427 668 489 ant
682 422 836 488 adiuncta
852 421 908 487 sed
921 421 1105 488 dubitative
1121 418 1365 506 interrogando;
1383 420 1445 505 lep.
1459 420 1489 490 1,

308 553 329 630 ξ
352 548 394 614 17
415 551 451 632 ff.
475 548 526 614 De
548 555 681 633 quaest.

398 674 432 757 5)
455 673 726 757 Quotiescumque
756 692 834 737 reus
857 671 978 756 aliquid
1009 669 1149 735 affirmat
1179 688 1319 756 magnae
1344 674 1399 735 aut
1425 687 1489 733 non

310 802 390 865 levis
413 800 593 885 gravitatis.
616 798 840 865 sollicitandus
864 804 911 863 est
936 804 971 863 ut
994 798 1142 884 proterat
1165 796 1270 862 media
1294 796 1491 883 probationis

309 926 339 989 ei
362 925 395 987 in
419 927 558 989 mentem
582 922 768 989 revocando
789 922 909 987 indicia
930 926 988 987 aut
1010 920 1218 1007 probationes
1241 940 1323 1005 quae
1346 920 1394 985 illi
1418 938 1492 985 con·

309 1049 471 1113 tradicere
494 1048 657 1115 ridentur.

398 1172 431 1254 6)
455 1173 616 1237 Examine
639 1177 781 1257 peracto,
806 1190 947 1237 examen
969 1192 990 1236 a
1012 1172 1142 1238 notario
1166 1173 1229 1236 iam
1262 1170 1390 1254 scriptis
1413 1186 1489 1233 exa·
1567 1234 1573 1256 ,

310 1299 414 1361 ratum
437 1295 609 1381 legendum
626 1302 675 1361 est
693 1297 846 1381 inquisito
862 1300 898 1361 ut
913 1292 1094 1368 confirmet,
1112 1296 1267 1380 corrigat,
1284 1293 1414 1359 adiiciat
1430 1310 1490 1376 pro

308 1421 408 1487 lubito
423 1427 519 1505 atque
534 1424 687 1506 scriptam
701 1423 950 1493 attestationem,
967 1423 994 1486 si
1009 1427 1179 1507 praestare
1194 1420 1312 1500 valeat,
1329 1420 1397 1503 ipse
1413 1417 1492 1483 sub-·

307 1546 430 1613 scribat
451 1551 508 1611 aut
530 1546 611 1611 alias
633 1549 727 1619 sinat,
751 1547 852 1612 veluti
876 1566 936 1631 per
957 1548 1088 1613 testium
1107 1546 1369 1632 subcriptionem,
1386 1544 1490 1609 asseri

307 1672 587 1737 authenticitatem
600 1672 845 1757 responsionum
858 1677 915 1737 aut
927 1672 996 1757 ipse
1009 1677 1124 1737 exaret
1135 1671 1274 1758 signum
1282 1670 1393 1737 erade
1406 1668 1489 1754 quod

307 1799 406 1859 testes
422 1799 613 1859 asseverent
626 1792 668 1858 ab
683 1813 722 1858 eo
737 1793 838 1859 luisse
854 1796 1014 1881 signatum
1031 1797 1064 1859 in
1081 1796 1206 1879 signum
1223 1792 1487 1861 authenticitatis.

395 1917 429 2001 7)
452 1918 485 1983 Si
508 1917 620 2003 plures
634 1919 861 2004 interrogandi
879 1925 952 1985 sunt
967 1922 1110 1985 accusati
1127 1924 1182 1984 aut
1204 1924 1315 2001 testes,
1331 1938 1396 1982 non
1417 1922 1488 1981 tur·

306 2041 426 2107 mutim
441 2044 583 2107 examini
606 2042 810 2109 submittendi
834 2051 910 2109 sunt
933 2044 989 2109 sed
1012 2044 1155 2111 seorsim
1178 2044 1223 2110 ita
1247 2048 1281 2109 ut
1304 2044 1357 2127 qui
1382 2042 1489 2105 novis-

306 2166 404 2231 simus
434 2166 684 2252 interrogandus
707 2174 756 2232 est
786 2186 852 2232 non
876 2173 1050 2253 cognoscat
1081 2187 1186 2252 neque
1216 2167 1489 2251 interrogationes

306 2290 424 2355 ceteris
439 2290 543 2355 factas
559 2309 663 2374 neque
681 2290 822 2357 redditas
839 2294 1085 2376 responsiones;
1102 2312 1197 2357 secus
1209 2312 1290 2357 unus
1302 2293 1397 2357 alteri
1413 2296 1488 2375 auq-

304 2422 419 2501 peslas
437 2415 572 2501 praebet
589 2417 802 2481 occasionem.
829 2416 987 2481 Hodierni
1012 2417 1141 2483 codices
1164 2420 1321 2483 maximas
1344 2417 1487 2483 cautelas

305 2542 337 2605 iu
361 2540 422 2607 hoc
445 2540 645 2615 adhibentes,
677 2540 789 2608 iubent
818 2542 971 2608 examina
1003 2547 1071 2608 tum
1100 2563 1231 2609 reorum
1263 2547 1331 2608 tum
1358 2542 1488 2608 testium

303 2667 445 2732 seorsim
461 2665 651 2754 peragenda
668 2687 738 2732 esse
754 2673 787 2734 et
802 2668 887 2754 apud
903 2667 1080 2733 tribunalia
1095 2671 1303 2754 assignantur
1318 2667 1489 2733 conclavia

304 2792 349 2856 ita
372 2792 543 2860 distributa
568 2800 602 2860 ut
625 2795 677 2878 qui
701 2795 946 2878 praestolantur
962 2814 1100 2860 examen
1118 2815 1182 2860 uon
1202 2795 1409 2878 alloquantur
1432 2813 1487 2858 eos

303 2917 356 2998 qui
388 2935 527 2981 examen
560 2919 622 2980 iam
653 2917 831 2984 subierunt.
866 2918 914 2984 Cf.
949 2919 1164 2983 Mittermaier
1194 2953 1211 2966 -
1242 2918 1365 2984 Teoriu
1396 2918 1487 2984 della

302 3019 1099 3122 prova,p.360‚Milan01850;Faustinflelie
1122 3041 1238 3106 aratu
1261 3042 1303 3108 ae
1324 3039 1487 3106 rasme-

304 3162 375 3229 tioa
398 3163 585 3230 mminetle
599 3165 675 3228 Vol.
692 3165 723 3236 3.
745 3185 817 3250 pag.
835 3165 912 3248 563,
937 3167 1031 3232 Paris
1058 3167 1153 3233 1845.
1179 3171 1212 3232 et
1234 3165 1314 3231 Inst.
1339 3167 1392 3231 cit.
1417 3165 1485 3230 ΕΕ.

303 3293 336 3353 et
359 3288 429 3353 RR.
455 3295 520 3354 ort.
544 3288 597 3354 17.

392 3414 425 3497 8)
450 3413 595 3496 Denique
611 3415 637 3477 si
655 3432 730 3478 reus
750 3415 949 3499 respondere
966 3423 1095 3483 recuset
1111 3423 1143 3483 et
1158 3419 1221 3483 hoc
1237 3420 1306 3483 sive
1322 3415 1485 3502 expressis

302 3539 370 3603 sive
393 3537 683 3623 aequipollentibus
714 3538 823 3605 verbis
854 3547 910 3606 aut
938 3540 1040 3606 modis
1071 3539 1239 3627 significet,
1264 3540 1485 3616 admonendus

300 3669 349 3729 est
363 3667 399 3727 ut
421 3668 477 3729 aut
491 3663 607 3748 probet
623 3665 781 3731 rationem
798 3685 876 3730 suae
893 3667 1107 3732 recusationis
1123 3668 1300 3754 legitimam
1324 3675 1380 3734 aut
1403 3669 1487 3732 sciat

302 3806 336 3850 se
359 3786 473 3852 haberi
496 3807 556 3872 pro
587 3788 736 3855 confesso
758 3794 792 3855 et
815 3789 1026 3856 condemnari
1053 3793 1142 3875 qnasi
1172 3805 1263 3858 reum
1291 3787 1484 3866 confessum,

300 3908 363 3975 nisi
385 3908 497 3975 forsan
525 3911 677 3996 expediat
698 3914 803 3998 ipsum
825 3916 938 4000 poenis
961 3915 1107 4000 plectere
1130 3915 1344 4002 gravioribus,
1369 3914 1485 4002 quibus

300 4032 489 4116 impellatur
512 4032 553 4098 ad
576 4037 819 4120 responsionem
851 4038 921 4101 sive
942 4035 1169 4103 affirmativam
1201 4040 1270 4104 sive
1301 4041 1485 4126 negativam

301 4156 506 4222 reddendam.
533 4159 564 4223 Si
589 4179 624 4224 se
651 4161 776 4225 referat
797 4160 840 4225 ad
863 4162 960 4226 aliam
987 4165 1242 4248 responsionem,
1267 4165 1353 4230 torte
1376 4164 1485 4230 reddi-

301 4290 367 4345 tam
391 4283 424 4344 in
446 4283 514 4347 alio
537 4286 697 4358 examine.
722 4285 806 4351 haec
828 4286 968 4371 legenda
991 4293 1049 4368 est,
1066 4308 1162 4373 quam
1187 4295 1222 4353 ut
1237 4288 1409 4356 confirmet
1430 4295 1485 4356 aut

299 4407 445 4490 corrigat
467 4413 523 4472 aut
545 4411 672 4492 penitus
696 4412 832 4484 reliciat,
858 4419 994 4496 urgetur
1017 4413 1194 4496 inquisitus.
