3350 5100
447 304 490 349 nu
516 303 653 349 runicus
677 303 918 351 criminaturus
943 305 978 351 ru
1003 304 1119 351 srucm
1306 284 1371 349 359

161 505 166 515 Ι
195 427 420 491 convocandus
435 436 485 491 est
500 426 757 513 praeceptaodus
773 435 807 491 ut
822 430 914 491 sistat
929 446 1038 492 coram
1055 426 1170 505 iudice,
1185 428 1244 491 nisi
1257 434 1371 511 sponte

194 552 226 615 iu
255 554 348 617 curia
376 556 603 638 comparuerit.
629 561 664 619 ut
693 555 834 619 examini
862 552 1084 621 subticeretur.
1110 554 1208 637 Tunc,
1227 554 1313 617 enim
1344 554 1370 615 si

196 682 421 762 responsiones
443 680 483 744 ad
499 681 750 765 interrogatoria
772 679 898 763 culpam
916 684 949 745 at
972 680 1205 745 contumaciam
1230 678 1370 761 inquisiti
1459 765 1463 777 ι

194 799 396 871 confirment,
424 808 529 887 potest
555 803 662 871 iudex.
691 801 865 886 extemplo,
894 801 939 865 illi
964 806 1188 883 praeceptum
1214 798 1369 865 indicere.

151 1000 154 1003 ⁴
196 924 268 989 Hoc
283 943 372 996 vero,
389 930 487 990 caute
502 924 701 991 advertatur.
720 924 882 987 Videlicet
897 925 922 987 si
941 924 973 987 in
985 927 1168 1005 praecepto
1184 923 1229 987 uti
1246 923 1370 987 sanctio

194 1050 345 1113 statuitur
359 1048 468 1132 aliqua
482 1067 633 1127 censura,
646 1051 725 1132 quia
739 1048 887 1113 censuris
909 1048 1099 1114 necessario
1119 1047 1250 1111 monitio
1275 1065 1369 1131 prae·

194 1171 289 1238 cedat
303 1178 439 1257 oportet
455 1172 496 1238 ad
513 1172 709 1238 validitatem
733 1172 987 1257 praemittendae
1007 1180 1081 1236 sunt
1096 1176 1164 1237 tres
1180 1172 1370 1237 monitiones

195 1296 250 1361 vel
271 1316 335 1361 uua
353 1298 599 1380 peremptoria.
623 1317 695 1382 arg.
719 1317 745 1363 c.
771 1317 797 1363 c.
823 1295 880 1361 48.
908 1296 955 1361 De
975 1301 1058 1361 seat.
1082 1314 1214 1361 emcom.
1237 1294 1271 1359 X
1292 1298 1323 1359 et
1348 1294 1395 1359 9·

194 1420 225 1485 la
250 1427 272 1485 t.
297 1422 334 1486 ia
357 1422 390 1487 6.
415 1422 505 1495 Quae
527 1421 655 1505 quidem
681 1422 814 1487 monitio
838 1421 931 1485 triac
954 1438 1010 1484 seu
1040 1437 1112 1485 aaa
1136 1418 1368 1500 peremptoria

192 1566 264 1609 cum
288 1547 380 1611 triac
402 1548 541 1611 termino
564 1545 659 1612 debet
674 1546 787 1612 saltem
807 1548 976 1610 continere
999 1546 1135 1629 spatium
1158 1562 1221 1609 sem
1244 1542 1368 1607 dierum

192 1676 227 1734 et
242 1672 290 1735 sic
305 1672 456 1737 duorum
466 1670 592 1737 dierum
616 1691 675 1756 pro
691 1670 833 1755 quolibet
848 1672 998 1735 termino.
1015 1669 1063 1735 cf.
1082 1665 1242 1747 Ridolflni,
1258 1666 1368 1733 Prusa.

192 1795 264 1859 iud.
290 1796 328 1859 P.
353 1797 382 1867 Ι,
407 1814 487 1877 cap..
504 1796 556 1866 14,
580 1816 614 1861 a.
636 1795 709 1860 244
732 1814 780 1880 sq.

283 1920 509 2003 Praeceptum
539 1929 647 1988 autem
678 1920 870 1987 disiunctum
902 1920 1127 1987 amonicione
1158 1924 1206 1985 est
1236 1920 1369 2004 gravius

193 2044 370 2112 remedium
386 2048 503 2131 quippe
526 2048 680 2111 maiorem
696 2052 835 2111 testatur
858 2046 1090 2111 contumaciam
1112 2047 1144 2111 in
1161 2054 1367 2130 praeceptam

192 2179 225 2235 et
238 2171 316 2237 hinc
331 2169 488 2235 edendum
513 2190 576 2235 non
594 2176 643 2235 est
666 2171 728 2235 nisi
743 2171 848 2252 plena
862 2169 946 2235 adsit
964 2170 1111 2255 probatio
1127 2170 1179 2235 uel
1196 2170 1235 2235 de
1251 2170 1368 2235 delicto

191 2295 255 2359 iam
277 2294 416 2360 admisso
439 2295 492 2359 vel
515 2293 556 2359 de
577 2294 722 2379 periculo
740 2294 907 2377 promimo
931 2293 1013 2359 istud
1036 2293 1195 2381 patrandi.
1221 2330 1234 2341 -
1258 2292 1366 2359 Prae-

191 2424 325 2501 ceptum
349 2420 435 2485 enim
457 2421 521 2483 vim
546 2419 643 2485 habet
666 2422 844 2485 sententiae
865 2418 1158 2499 condemnatoriae,
1175 2418 1234 2485 sub
1258 2418 1367 2483 condi-

194 2545 282 2609 tione
304 2543 410 2610 editae
431 2546 632 2628 suspensiva
655 2566 713 2610 seu
736 2548 891 2612 remissae
913 2546 952 2610 ad
978 2545 1121 2612 futurum
1146 2550 1306 2609 eventum.

281 2667 365 2742 Quid
387 2670 468 2732 iuris
490 2671 516 2734 si
541 2690 605 2734 non
629 2669 712 2734 adsit
734 2671 768 2733 in
787 2676 971 2752 praecepto
993 2675 1084 2734 certa
1108 2666 1263 2752 praefinio
1287 2674 1365 2733 tem-

192 2795 279 2877 poris
302 2795 389 2858 intra
410 2793 494 2876 quod
517 2814 597 2878 opus
621 2797 780 2879 praestari
803 2794 921 2859 debeat
943 2793 983 2859 ad
1007 2793 1187 2860 euitandam
1213 2813 1366 2878 poenam;

191 2924 310 3000 quanto
334 2924 479 3002 tempore
501 2926 579 2984 tunc
601 2918 770 2984 dicendum
794 2925 844 2985 est
866 2918 987 2984 durare
1010 2917 1247 3004 praeceptum?
1271 2919 1366 2984 Hanc

190 3046 408 3124 quaestionem
426 3045 495 3108 iure
507 3045 667 3108 communi
680 3044 796 3108 eccles.
810 3064 875 3109 non
889 3044 1043 3110 habemus
1054 3045 1199 3110 solutam.
1209 3044 1366 3110 eamdem-

190 3186 253 3248 que
275 3166 334 3232 sibi
358 3169 509 3251 proponit
526 3169 666 3232 Bizzarri
683 3167 720 3232 irc
739 3165 868 3234 Collecl.
886 3169 923 3234 ia
938 3189 1039 3234 mrum
1051 3165 1261 3236 Secretariae
1278 3168 1311 3234 S.
1329 3170 1364 3235 0.

193 3292 258 3358 llll.
283 3298 315 3356 et
338 3289 410 3356 illi.
434 3298 466 3358 et
486 3311 568 3378 pap.
584 3291 653 3358 193
674 3289 771 3358 affert
793 3293 1044 3362 declarationem
1070 3294 1186 3360 editam
1210 3313 1230 3359 a
1253 3295 1363 3360 Secre-

190 3415 273 3477 taria
289 3413 397 3480 Statua
420 3435 480 3500 pro
503 3417 640 3501 negotiis
663 3417 767 3482 civilis
782 3416 912 3482 ditionis
932 3415 1128 3487 pontificiae,
1145 3416 1325 3505 edicentem
1345 3452 1362 3464 -

190 3537 465 3622 quotiescumque
486 3559 558 3605 aaa
571 3538 677 3621 suerit
693 3541 888 3625 arsiqaatus
905 3541 1068 3606 terminus
1084 3541 1284 3612 durationis.
1305 3543 1366 3606 ista

190 3662 319 3726 censeri
344 3663 509 3745 aspirare
535 3670 614 3746 post
644 3665 729 3729 anai
759 3665 953 3730 aecurmm.
978 3665 1075 3730 Addit
1106 3667 1173 3749 ipse
1201 3667 1363 3730 Bizzarri:

192 3803 210 3841 «
228 3782 389 3852 &mmsis
402 3787 642 3869 suprascripta
657 3787 844 3852 declaratio
856 3787 1017 3870 respiciat
1029 3787 1213 3854 tribunalia
1227 3789 1363 3854 laicalia

188 3909 302 3969 tamea
321 3923 367 3970 ea
380 3925 423 3972 ea
437 3907 541 3972 etiam
561 3907 747 3974 tribunalia
766 3910 991 3976 ecclesiastica
1009 3929 1169 3976 normam
1185 3912 1362 3978 desumere

185 4034 373 4108 possunt».
398 4029 447 4096 Cf.
473 4031 547 4096 Vol.
573 4033 634 4113 111,
659 4053 690 4096 n.
715 4033 759 4098 66
781 4055 828 4118 sq.

277 4153 396 4218 Forma
422 4157 599 4238 praecepti
629 4158 787 4222 concinne
814 4157 1049 4224 determinatur
1077 4159 1119 4225 ab
1151 4161 1363 4226 instructione

187 4279 248 4340 art.
274 4275 372 4342 V111:
400 4301 419 4340 ‹
434 4279 660 4362 Praeceptum
684 4281 846 4347 indicitur
865 4291 1051 4364 praesento
1075 4304 1193 4352 coram
1232 4283 1363 4352 Vicario

190 4395 454 4481 Generati3siv‘e
475 4422 594 4469 coram
616 4403 748 4470 duobus
772 4405 908 4490 testibus
931 4407 1161 4475 ecclesiasticis
1183 4415 1243 4474 aut
1266 4409 1363 4476 laicis
