3350 5100
293 293 338 360 62
818 316 901 363 enus
926 315 948 360 1.

294 435 463 503 subiacere
479 438 596 501 mirum
612 456 763 502 essenon
779 436 874 504 debet
887 460 917 504 ›.
935 440 1115 504 Praeterea
1131 459 1175 505 ex
1190 439 1328 503 Decreta
1344 438 1377 504 S.
1391 438 1428 503 U.
1446 439 1472 502 1.

294 561 357 628 diei
373 561 417 630 22
427 562 501 626 Dec.
515 562 601 628 1880
616 561 656 628 ad
668 562 729 628 2ωῃ
743 563 802 641 (el.
815 565 902 629 Acta
915 565 949 631 S.
964 564 1071 638 Sedis,
1084 565 1149 633 vot.
1163 564 1215 644 15,
1224 583 1261 647 p.
1275 561 1373 644 536),
1387 568 1474 649 patet

295 689 504 754 intentionem
522 703 593 752 esse
609 687 717 753 Consi.
735 688 800 771 Ap.
820 689 917 755 Sedis
933 691 966 756 in
984 709 1074 754 usum
1091 708 1250 754 revocare
1268 689 1375 774 legem
1391 688 1474 774 asyli

296 816 322 877 si
338 812 456 877 alicubi
472 813 505 876 in
522 811 764 879 desuetudinem
779 813 915 888 abierit;
933 814 1089 898 siquidem
1105 813 1313 899 interpellata
1327 813 1359 880 S.
1373 813 1473 899 Gong.

297 939 328 1005 S.
354 931 463 1005 Officii
488 937 626 1005 «Hisce
648 938 685 1002 iu
707 938 905 1024 reyiouibus
927 939 983 1003 lex
1005 939 1089 1025 asyli
1113 939 1336 1012 ecclesiastici,
1359 958 1474 1004 secun-

296 1063 371 1128 dum
395 1081 521 1128 omnem
546 1081 636 1128 suam
660 1064 819 1128 rationem
843 1082 864 1126 a
886 1063 1073 1149 longissimo
1103 1068 1249 1149 tempore
1272 1064 1305 1128 in
1330 1062 1477 1128 desuetu-

297 1187 405 1253 dinem
430 1187 516 1256 abiit,
543 1189 587 1251 ita
611 1189 724 1252 utrix
748 1188 925 1271 quisquam,
952 1190 1012 1252 nisi
1035 1208 1122 1262 casu,
1147 1187 1186 1253 ad
1211 1186 1383 1273 petendum
1406 1191 1477 1253 eius

298 1313 511 1398 patrocinium
536 1303 678 1377 animum
702 1310 857 1378 intendat.
886 1309 1117 1378 Nihilominus
1146 1321 1303 1379 mouetur
1324 1311 1477 1401 quaestio

298 1442 415 1502 utrum
446 1436 612 1522 amoyaeo
643 1435 819 1502 contrariu
850 1435 1090 1502 cousuetudine
1120 1455 1187 1500 nen
1217 1453 1332 1508 nsum,
1365 1436 1477 1501 denuo

299 1567 424 1628 statuto
447 1563 484 1626 iu
508 1561 559 1626 lu's
581 1579 717 1645 quoque
738 1561 936 1646 reyionibus
958 1560 1011 1641 sit,
1027 1579 1160 1626 sumen
1184 1579 1295 1634 uuoso
1318 1579 1479 1628 suasrnu-

299 1707 394 1754 rrnu.
414 1723 430 1736 ·
450 1687 852 1770 Resp.Anr1nuar1ve».
875 1721 894 1732 -
915 1686 1040 1750 Verum
1064 1690 1205 1767 notetur,
1229 1705 1289 1771 pro
1312 1684 1480 1751 hodiernis

301 1810 452 1883 moribus,
469 1811 582 1895 urgeri
605 1811 712 1895 legem
728 1809 811 1894 asyli
827 1809 943 1894 quood
965 1809 1199 1883 substantium,
1216 1809 1297 1875 adeo
1313 1816 1349 1875 ut
1363 1829 1383 1873 a
1398 1809 1479 1876 locis

301 1937 412 2009 sacris,
433 1936 630 2022 potissimum
654 1935 693 2000 ab
711 1933 875 2007 Ecclesia,
892 1940 1070 2000 arceantur
1092 1935 1348 2002 conflictationes
1372 1956 1480 2001 armo·

302 2082 373 2127 rum
397 2069 429 2126 et
451 2061 612 2127 violentae
639 2080 791 2126 manuum
822 2062 1068 2146 congressiones
1092 2060 1178 2126 unde
1200 2082 1288 2126 mors
1311 2068 1366 2126 aut
1389 2067 1480 2127 certe

301 2187 439 2254 vulnere
462 2193 650 2270 sequuntur.
675 2185 836 2259 Quocirca
860 2183 956 2250 hodie
982 2184 1066 2269 apud
1089 2204 1149 2251 nos
1171 2187 1355 2250 immunitas
1377 2185 1480 2271 asyli,

302 2313 347 2376 ita
373 2315 503 2376 servata
529 2310 644 2393 quood
666 2309 900 2380 mulctandum,
918 2307 1004 2373 haud
1026 2307 1157 2375 difficile
1181 2311 1349 2375 conciliari
1376 2315 1483 2394 potest

302 2433 397 2500 etiam
423 2451 494 2496 cum
518 2429 685 2496 hodiernis
700 2431 834 2516 legibus,
853 2432 879 2494 si
898 2433 1073 2497 auctoritas
1097 2432 1221 2497 laicalis
1237 2433 1281 2495 ila
1296 2431 1481 2497 consentire

303 2558 382 2622 velit
406 2576 478 2622 cum
504 2555 724 2623 ecclesiastica
746 2561 781 2621 ut
803 2556 993 2640 seligantur.
1011 2568 1069 2641 pro
1093 2557 1286 2623 necessitate
1305 2575 1409 2629 casus,
1426 2555 1483 2621 illa

303 2684 508 2749 coercitionis
531 2683 637 2747 media
660 2700 742 2766 quae
766 2683 872 2746 minus
895 2681 1076 2748 abhorrent
1098 2702 1119 2747 a
1141 2682 1261 2748 decore
1283 2680 1396 2747 domus
1412 2682 1481 2746 Dei.
