3350 5100
634 316 842 367 messurum
865 316 914 363 nv.
1300 299 1369 367 599

191 435 392 505 dignoscuntur
416 450 451 489 ex
478 436 578 490 arbore
603 436 788 505 genealogica
811 437 957 506 utriusque
980 436 1119 505 familiae,
1138 438 1311 495 conficienda
1333 455 1369 496 ex

189 544 308 612 regestis
326 542 578 606 matrimoniorum,
596 546 626 597 et
644 559 678 597 ex
690 541 771 595 libris
783 542 870 597 etiam
889 543 1103 613 baptizatorum,
1115 545 1144 598 in
1157 545 1259 615 quibus
1271 549 1369 601 notata

189 666 250 705 esse
268 648 371 705 debent
390 649 503 703 nomina
521 665 576 703 non
601 649 682 703 modo
706 650 866 719 coniugum,
885 655 915 703 et
940 668 1036 707 eorum
1060 653 1108 722 qui
1132 652 1266 721 baptizati
1294 658 1368 719 sunt,

186 756 235 812 sed
253 756 352 811 horum
372 756 458 811 etiam
478 759 636 826 parentum.
657 756 793 813 Similiter
811 774 847 812 ox
865 757 946 812 libris
963 759 1168 828 baptizatorum
1181 764 1210 813 ct
1222 762 1369 815 confirma·

187 868 280 919 torum
299 868 397 933 aperte
415 864 523 919 eruitur
543 864 675 933 cognatio
693 864 857 935 spiritualis,
876 866 944 936 quie
963 866 993 921 iu
1017 865 1076 921 illis
1100 883 1157 921 una
1180 883 1243 921 cum
1262 882 1368 931 eorum,

185 973 235 1043 qui
254 973 388 1042 baptizati
408 972 454 1027 vel
467 973 629 1027 ‘confirmati
649 974 770 1040 inierunt,
789 973 904 1027 nomina
915 990 1027 1045 quoque
1039 974 1179 1031 recensita
1192 990 1254 1030 esse
1266 974 1369 1029 debent

185 1080 246 1135 sive
265 1080 438 1149 patrinorum
457 1082 516 1137 sive
531 1081 723 1135 matrinarum.
738 1080 820 1135 Talis
832 1081 999 1137 documenta
1011 1082 1041 1136 in
1053 1082 1144 1136 torma
1155 1080 1321 1137 authentice
1333 1098 1367 1139 ex

186 1186 269 1241 dictis
288 1186 368 1241 libris
387 1192 470 1242 erunt
487 1186 642 1241 haurienda
658 1202 745 1257 opera
763 1187 947 1257 parochorum
962 1188 1006 1243 rel
1026 1190 1131 1253 curiae,
1144 1205 1276 1243 unacum
1289 1189 1368 1243 testi·

186 1294 279 1347 monio
298 1292 330 1348 de
350 1310 446 1349 eorum
466 1294 613 1349 identitate
632 1312 695 1349 cum
714 1296 879 1363 respectivis
896 1294 1043 1365 particulis
1061 1296 1089 1349 in
1102 1294 1183 1350 libris
1195 1296 1365 1359 extantibus

188 1401 244 1454 imo
263 1400 286 1455 si
305 1418 322 1454 a
341 1400 463 1470 parocho
481 1402 673 1457 testimonium
692 1401 787 1457 datum
805 1402 902 1467 luerit,
919 1418 989 1471 opus
1001 1403 1058 1456 erit
1069 1407 1102 1455 ut
1114 1402 1238 1457 eiusdem
1251 1401 1366 1473 parochi

185 1508 346 1579 obsignatio
365 1526 382 1562 a
401 1510 480 1565 curis
498 1510 656 1579 Episcopali
675 1508 840 1565 anthentica
857 1509 1026 1565 declaretur.

276 1616 290 1680 ξ
308 1614 351 1669 32.
371 1614 449 1676 Quod
467 1615 490 1668 si
509 1614 623 1687 aliquod
641 1616 750 1671 oriatur
767 1616 881 1670 dubium
901 1617 977 1671 circe
988 1616 1155 1674 documenta
1166 1616 1365 1687 praedictarel

184 1721 260 1777 circe
278 1737 373 1776 eorum
392 1722 550 1789 veritatem,
570 1722 598 1775 in
618 1722 750 1777 indicium
768 1722 886 1777 vocandi
905 1727 989 1777 erunt
1005 1729 1036 1780 et
1052 1723 1170 1779 iuridice
1187 1708 1365 1779 examinandi

185 1828 403 1897 consanguinei,
421 1828 529 1895 affines,
549 1829 711 1899 propinqui,
730 1830 830 1899 quibus
855 1830 936 1899 origo
960 1846 1065 1894 eorum,
1084 1829 1118 1885 de
1137 1830 1238 1901 quibus
1262 1830 1365 1899 agitur,

184 1938 251 1989 nota
270 1936 308 1989 sit
325 1938 376 1989 aut
393 1939 461 1989 note
479 1953 539 1992 esse
559 1937 655 2007 possit,
675 1942 706 1991 ut
724 1954 759 1993 ex
778 1936 877 1992 horum
894 1937 1116 2007 depositionibus
1133 1939 1236 2008 grsdm
1248 1954 1363 1993 conmu-

181 2040 329 2110 guinitatis
348 2043 394 2097 vel
412 2043 557 2098 affinitatis
576 2044 680 2099 olarios
698 2044 796 2101 valeat
813 2044 1003 2101 determinari.
1023 2044 1085 2100 Non
1105 2046 1161 2101 levi
1182 2045 1363 2099 fundamento

184 2146 249 2203 huic
268 2149 308 2203 rei
327 2165 388 2204 esse
407 2153 500 2219 potest
519 2152 604 2206 etiam
623 2151 736 2221 publica
754 2154 838 2220 fama,
856 2151 890 2208 de
908 2170 965 2224 qua
983 2154 1057 2207 ratio
1075 2152 1131 2207 erit
1148 2151 1290 2216 habenda3
1303 2151 1364 2205 eius

184 2259 278 2310 umen
297 2255 393 2311 sedulo
412 2256 614 2312 consideranda
631 2259 686 2313 erit
704 2260 784 2329 origo
803 2265 832 2314 et
848 2260 982 2324 rationes,
995 2260 1095 2331 quibus
1114 2259 1253 2313 innititur.
1264 2256 1364 2313 Caete-

180 2380 242 2417 rum
261 2362 345 2419 iudex
363 2380 472 2435 semper
490 2382 556 2435 prae
575 2366 666 2420 oculis
684 2365 851 2433 hebeat‚his
870 2368 1081 2437 quaestionibus
1099 2366 1264 2422 dirimendis
1282 2382 1361 2435 prae·

180 2468 293 2539 eipunm
313 2470 522 2527 tundamentum
541 2474 677 2541 praebere
695 2472 863 2529 documenta
881 2472 1055 2538 authentica,
1074 2480 1103 2527 et
1122 2487 1263 2543 nunquam
1274 2471 1360 2526 licere

181 2580 280 2632 eontra
298 2577 395 2633 eadem
409 2578 541 2642 iudicare,
555 2579 606 2632 nisi
628 2596 662 2634 ex
681 2579 766 2634 certis
779 2584 808 2634 et
823 2579 1000 2635 evidentibus
1011 2578 1185 2649 argumentis
1203 2577 1362 2633 constiterit

180 2681 242 2752 ipsa
260 2683 362 2736 vitiosa
380 2688 430 2737 aut
448 2683 520 2738 falsa
538 2699 606 2738 esse.
626 2685 668 2737 Ac
687 2683 802 2754 proinde
821 2684 946 2738 locorum
960 2684 1101 2738 ordinarii
1113 2683 1210 2739 sedulo
1226 2683 1364 2738 curabunt

181 2791 214 2842 nt
232 2787 298 2842 libri
323 2789 542 2858 baptizatorum,
561 2791 803 2857 confirmatorum,
823 2796 853 2845 et
876 2792 1056 2846 matrimonio
1081 2791 1291 2861 copulatorum,
1309 2807 1361 2846 nec

183 2909 238 2947 non
258 2892 450 2948 defunctorum
470 2911 488 2948 a
505 2895 635 2965 parochis
653 2873 869 2966 diligentissime
888 2901 1040 2952 exarentur
1062 2903 1092 2953 et
1116 2903 1248 2954 accurato
1270 2903 1362 2953 custe-

179 2997 300 3052 diautur.

639 3233 850 3290 ARTlCULUS
870 3235 901 3290 ll.

461 3426 498 3464 DE
517 3427 721 3470 lfll’llllssll'l'o
738 3429 879 3472 sobmon
897 3429 1083 3472 florimanis.

268 3641 343 3707 233.
364 3642 478 3703 Quoties
497 3642 610 3714 aliquod
629 3645 840 3700 matrimonium
858 3646 1043 3717 impugnatur
1061 3648 1096 3701 ob
1119 3646 1358 3717 impedimentum,

178 3746 251 3815 qnod
270 3747 400 3817 publicae
419 3747 575 3806 honestatis
592 3751 761 3820 nominatur,
780 3753 809 3806 in
828 3753 927 3822 primis
944 3758 1076 3808 accurate
1098 3754 1277 3809 statuendum
1293 3753 1358 3821 erit,

178 3855 271 3906 utrum
290 3853 360 3908 illud
379 3855 517 3926 originem
536 3857 648 3913 duxerit
666 3875 701 3914 ex
719 3860 899 3916 matrimonio
916 3859 1083 3930 simpliciter
1096 3865 1167 3928 rato,
1178 3877 1216 3915 an
1229 3877 1264 3916 ex
1276 3874 1357 3930 spon·

176 3953 291 4010 salibus.

266 4063 298 4119 lu
316 4065 403 4134 priori
422 4083 488 4122 casu
501 4067 534 4121 ad
549 4069 775 4138 impedimentum
789 4071 987 4128 adstruendum
1002 4073 1179 4142 proterantur
1191 4072 1358 4128 documenta

177 4171 349 4226 matrimonii
378 4173 572 4242 praecedentis
599 4174 817 4231 celebrationem
845 4179 1071 4250 comprobantia,
1095 4198 1167 4252 quae
1188 4181 1356 4236 documenta

175 4277 260 4334 facile
278 4277 496 4348 suppeditabunt
514 4279 560 4336 vel
578 4279 644 4336 libri
663 4282 905 4339 matrimoniorum
924 4303 942 4340 a
960 4285 1083 4355 parocho
1101 4286 1277 4354 servandi,ai
1294 4302 1355 4340 ma·

177 4386 340 4472 trimonium
360 4403 453 4442 coram
472 4388 600 4446 Ecclesia
618 4390 704 4446 tuerit
721 4389 905 4461 celebratum,
916 4393 962 4450 rel
983 4399 1094 4464 regesta
1106 4394 1259 4450 existentia
1271 4411 1357 4465 penes
