3350 5100
349 280 416 344 206
864 297 946 342 runs
975 298 1011 344 11.

350 443 381 486 n.
401 422 512 487 13-14.
531 457 548 470 -
573 379 730 505 Equidem
752 422 843 488 iuvat
866 423 983 486 iterum
1008 423 1155 487 recolere
1172 421 1319 506 regulam
1335 419 1527 484 fundamen-

348 549 447 612 talem
472 549 566 613 buius
589 549 771 633 systematis
795 549 930 632 positam
954 549 987 613 in
1010 548 1066 612 illo
1086 553 1180 612 textu
1204 547 1359 612 Matthaei
1384 545 1527 630 (XVlll.
1640 573 1641 578 ¹

351 673 415 756 15).
442 696 460 736 c
485 673 524 738 Si
541 675 735 757 peccaverit
757 675 795 739 iu
819 679 849 739 te
870 672 983 755 frater
1014 680 1091 740 tuus
1121 655 1208 738 vade
1231 679 1262 738 et
1283 673 1420 755 corripe
1450 690 1529 736 eum

350 795 438 860 inter
459 802 491 861 te
513 802 546 860 et
567 797 680 878 ipsum
708 798 841 880 solum;
864 797 894 862 si
917 803 1029 862 autem
1057 805 1088 862 te
1115 816 1185 862 non
1214 797 1372 868 audierit.
1404 793 1529 860 adhibe

350 891 459 983 tecum
480 937 591 983 unum
612 919 665 982 nel
687 917 828 1000 duom...
850 919 986 1002 quodsi
1002 938 1072 985 non
1087 919 1237 985 audierit
1258 937 1324 1000 eos,
1341 918 1397 984 dic
1416 917 1529 982 Eccle-

349 1043 421 1108 siae
436 1065 468 1105 ».
482 1042 531 1107 Cf.
545 1062 572 1107 c.
585 1063 613 1108 c.
625 1041 669 1107 13
680 1042 730 1107 De
744 1042 816 1107 iud.
833 1044 867 1107 X
873 1062 887 1122 ‚·
899 1042 951 1115 31,
968 1044 1015 1109 De
1029 1043 1112 1110 Sim.
1126 1045 1160 1108 X
1171 1051 1203 1109 et
1219 1044 1264 1108 12
1280 1044 1330 1110 De
1346 1043 1471 1108 haeret.
1485 1042 1530 1106 X.

350 1167 626 1232 Commentatores
655 1169 816 1232 communi
848 1171 1010 1234 sententia
1036 1175 1162 1236 textum
1194 1171 1240 1233 ita
1271 1171 1531 1252 interpretantur

350 1300 386 1358 ut
408 1292 663 1377 comprehendat
677 1312 804 1357 omnem
827 1295 967 1377 speciem
984 1292 1186 1358 delictorum.
1212 1293 1260 1359 Ol.
1278 1292 1435 1358 Scbmalz.
1457 1293 1489 1354 1.
1508 1293 1530 1354 t.

254 1389 258 1394 ’
349 1436 384 1481 n.
401 1415 472 1482 131.
499 1452 517 1464 ·
542 1416 652 1491 Quare
667 1418 700 1481 in
716 1417 866 1482 Ecclesia
888 1437 953 1481 non
977 1415 1012 1482 fit
1035 1419 1125 1483 locus
1148 1418 1345 1483 accusationi
1369 1416 1410 1481 ad
1428 1435 1531 1500 expe-

348 1541 478 1606 tendam
501 1541 677 1624 pablicam
699 1542 894 1615 vindictam,
920 1544 945 1606 si
970 1542 1109 1608 obtineri
1133 1544 1233 1628 possit
1263 1543 1443 1608 emendatio
1471 1561 1533 1625 per

350 1685 485 1750 poenam
506 1667 743 1732 medicinalem
748 1686 762 1748 ‚·
785 1667 994 1749 quamobrem
1018 1673 1094 1733 ante
1120 1671 1359 1733 accusationem
1381 1663 1417 1730 fit
1439 1665 1533 1730 locus

349 1790 528 1856 monitioni
550 1790 765 1875 eoanpeticae
788 1810 845 1855 seu
869 1791 1098 1858 charitativae.

440 1911 704 1996 Quandoquidem
738 1933 834 1978 nemo
869 1921 974 1999 potest
1003 1917 1160 1982 namuri
1192 1918 1258 1982 ,nisi
1285 1921 1382 1980 antea
1407 1915 1533 1979 factum
1640 1931 1641 1938 ¹

350 2037 393 2102 sit
414 2037 687 2118 experimentum
710 2036 953 2118 emendationis,
974 2040 1000 2102 si
1024 2039 1107 2103 haec
1130 2040 1244 2104 saltem
1268 2039 1393 2124 sperari
1418 2039 1531 2122 possit.

350 2159 443 2234 Quod
465 2162 724 2244 experimentum
740 2159 776 2226 bt
792 2161 844 2226 vel
860 2181 881 2225 a
896 2163 1030 2247 singulis
1046 2159 1192 2230 fidelibus
1209 2171 1381 2248 antequam
1405 2161 1531 2226 denua·
1640 2141 1641 2208 ]

349 2285 438 2347 cient
459 2289 515 2348 aut
536 2289 700 2356 accusent,
718 2283 770 2347 vel
794 2281 831 2358 fit
853 2284 893 2348 ab
917 2286 984 2369 ipso
1009 2285 1112 2350 iudice
1136 2287 1263 2359 eccles..
1285 2294 1317 2352 et
1341 2286 1436 2351 hodie
1460 2306 1534 2350 mos
1640 2287 1641 2292 ’

350 2415 399 2472 est
418 2412 454 2472 ut
467 2409 536 2472 sive
551 2409 684 2492 praevia
707 2407 817 2474 habita
841 2412 882 2473 sit
903 2411 1043 2476 monitio
1059 2412 1208 2476 fraterna
1224 2404 1280 2476 seu
1293 2412 1442 2494 privata,
1459 2412 1534 2476 sive
1640 2429 1641 2504 j

350 2554 425 2607 non,
453 2540 562 2598 tamen
589 2531 645 2599 flat
676 2534 767 2599 locus
798 2535 978 2602 monitioni
1008 2537 1193 2604 canonicae
1222 2557 1368 2622 semper,
1402 2536 1534 2620 quando
1640 2572 1641 2625 1

350 2679 466 2744 nempe
488 2660 664 2725 salutarem
686 2656 836 2725 effectum
860 2680 993 2745 sperare
1018 2663 1124 2729 liceat.
1149 2642 1237 2729 Sane
1253 2665 1306 2733 cit.
1324 2665 1403 2729 Inst.
1429 2665 1532 2749 Gong.
1640 2656 1641 2725 j

350 2786 418 2850 EE.
443 2790 477 2851 et
500 2786 570 2850 th.
596 2787 696 2850 Artl
717 2786 820 2850 iubet:
848 2785 1056 2852 <ordinario
1080 2789 1244 2871 pastorale
1269 2809 1350 2854 (inus
1373 2789 1532 2856 incumbit
1640 2810 1641 2813 ’

214 2943 233 2971 s
349 2910 549 2993 disciplinam
565 2911 865 2993 correctionemque
882 2910 1075 2975 clericorum
1100 2933 1119 2977 a
1142 2934 1177 2977 se
1201 2912 1450 2997 dependentium
1472 2934 1533 2977 cu·
1640 2962 1641 2975 .

349 3034 453 3106 randi,
474 3054 573 3117 super
595 3034 781 3098 eorumdem
805 3036 892 3099 vitae
916 3037 1278 3130 rationemvigilando;
1300 3039 1532 3124 remediisque

349 3158 475 3222 utendo
491 3157 663 3224 canonicis
685 3158 733 3223 ad
753 3160 1013 3240 praecavendas
1035 3162 1131 3243 apud
1154 3162 1289 3227 eosdem
1305 3168 1337 3227 ct
1351 3164 1531 3229 eliminan—

349 3283 414 3347 das
435 3283 568 3348 ordinis
587 3283 908 3365 perturbationes».
934 3285 1006 3348 Ait.
1024 3284 1063 3349 2:
1086 3288 1175 3352 «Ea
1199 3286 1250 3353 his
1273 3288 1435 3353 remediis
1458 3290 1530 3355 ntia
1640 3368 1641 3375 ἵ

346 3408 584 3490 praeveniunt,
612 3405 683 3471 atio
708 3408 903 3489 manunt
929 3413 961 3473 et
991 3409 1158 3476 medelam
1187 3414 1340 3495 effmunt.
1366 3412 1528 3481 Priora..
1640 3472 1641 3501 q

349 3497 539 3612 impediant
560 3530 743 3614 quominus
766 3532 898 3595 malum
922 3532 1113 3597 adveniat...
1136 3533 1255 3599 Altera
1278 3536 1381 3621 finan
1406 3536 1531 3605 habent

348 3653 534 3719 reuocandi
554 3653 788 3737 delinquentes
810 3659 848 3719 ut
873 3655 1020 3736 sapiant,
1038 3663 1268 3741 reparantque
1292 3660 1435 3725 admimi
1462 3664 1529 3725 cri-
1640 3692 1641 3719 l

348 3779 452 3844 minis
473 3780 731 3861 consequentias
748 3800 777 3842 ».
795 3782 866 3844 Art.
885 3780 923 3844 7:
942 3800 960 3843 ‹
980 3780 1150 3851 Quatenus
1165 3782 1399 3863 infmmtuosac
1419 3788 1530 3853 moni-
1640 3758 1641 3833 Ῑ

350 3908 456 3973 tiones
478 3903 860 3993 evadanthrdinarius
882 3906 1049 3988 praecipit
1073 3909 1190 3974 curiae
1214 3914 1276 3974 eta.
1299 3931 1328 3974 ›.
1354 3931 1470 3997 nempe
1494 3925 1529 3977 ut

350 4031 432 4095 haec
463 4028 695 4115 progrediatur
726 4030 861 4095 ulterius
893 4029 934 4095 ad
963 4032 1154 4116 applicanda
1184 4034 1392 4101 iudicialiter
1423 4038 1528 4103 media
1640 4006 1641 4095 l

371 4155 506 4219 oenalia.

349 4173 369 4238 p
439 4276 514 4341 147.
523 4277 758 4342 Verumtamen
771 4278 847 4359 quia
857 4278 1024 4363 systhema
1034 4264 1116 4363 pure
1128 4286 1364 4351 accusatorium
1374 4287 1408 4353 in
1416 4289 1529 4357 Eccle

348 4403 398 4466 sia
412 4402 597 4466 instaurare
609 4402 657 4466 sas
670 4407 727 4475 est,
742 4408 909 4485 postquam
920 4402 1071 4468 videlicet
1083 4404 1243 4470 incassum
1256 4414 1416 4479 cesserint
1427 4420 1528 4481 moni·
1640 4418 1641 4469 l
