3350 5100
338 295 404 361 392
849 315 933 363 enas
957 315 1005 362 111.

337 438 483 504 restricti
505 438 538 501 in
562 437 759 502 cancellaria
785 443 823 502 ul
847 443 995 519 parolus
1016 438 1059 503 sil
1081 438 1128 503 od
1151 436 1381 519 defensionem
1408 453 1512 517 pero·

337 563 495 649 pesclum,
519 581 608 647 quoe
630 567 709 627 onte
726 563 997 644 propositionem
1021 581 1144 629 cousoc
1168 562 1321 628 cobiberi
1344 565 1452 644 potest
1475 560 1513 623 in

335 688 481 772 scriptis.
506 690 585 771 lpse
607 706 742 772 quoque
763 686 942 753 subiicitur
964 687 1062 755 oncri
1080 688 1200 754 secreti
1221 686 1327 751 iurati
1346 690 1513 770 quolenus

340 814 523 882 Ordinatio
547 815 705 880 videnlur
719 814 869 881 indolem
886 833 1010 880 consae
1032 814 1069 879 iol
1087 814 1355 897 repostulans».
1380 810 1513 877 Codices

338 940 497 1010 hodierni,
521 941 597 1006 Item
621 930 690 1003 cod.
712 940 811 1022 Greg.
831 944 896 1002 orl.
922 938 975 1003 cit.
993 936 1075 1018 386,
1099 938 1307 1023 expostulant
1328 936 1369 1001 ad
1391 935 1512 1001 emidi-

266 1061 271 1069 ’
338 1072 440 1130 telem
463 1083 596 1150 operam
618 1066 851 1149 procuratoris.
876 1063 924 1130 of.
950 1064 1024 1130 Vol.
1050 1065 1074 1135 l,
1099 1083 1129 1127 n.
1158 1063 1230 1129 119.

426 1189 502 1255 325.
528 1188 622 1253 Modo
645 1188 773 1253 facilius
797 1188 1021 1273 intelliguntur
1039 1190 1320 1274 praescriptiones,
1337 1206 1419 1271 quae
1435 1204 1512 1251 con-

337 1317 483 1381 ticentur
497 1335 526 1378 a
542 1334 571 1378 a.
587 1314 706 1387 XXIX
721 1320 754 1379 et
770 1316 921 1379 XXXlll
946 1316 1187 1381 instructionis:
1212 1319 1273 1378 art.
1291 1314 1407 1379 XXIX
1432 1315 1514 1379 haec

339 1439 449 1503 habet:
469 1435 661 1504 «Absolute
673 1454 847 1519 processu,
864 1441 1020 1503 actorum
1036 1437 1221 1503 instructor
1231 1436 1425 1503 restrictum
1440 1453 1514 1501 con·
1541 1416 1543 1421 ¹

337 1564 405 1650 ficit
428 1562 658 1628 essentialium
680 1562 936 1629 conclusionum
959 1562 1109 1627 ciusdem
1134 1584 1163 1626 s.
1187 1562 1278 1637 Quae
1301 1560 1514 1646 praescriptio

213 1695 217 1703 “
338 1686 480 1750 concinit
502 1683 647 1749 articulo
662 1681 735 1747 384
751 1683 804 1747 cit.
823 1682 899 1748 (lod.
917 1684 1014 1767 Greg.
1032 1682 1117 1749 unde
1133 1682 1270 1764 derivat,
1284 1685 1327 1747 ita
1341 1687 1512 1765 concepto:

341 1810 551 1891 «Postquam
582 1807 788 1892 probationes
821 1808 979 1899 collectae
1009 1814 1084 1874 sunt
1114 1827 1289 1892 earumque
1324 1807 1514 1871 contestatio

340 1933 425 1997 lacta
453 1939 502 1999 est
531 1933 690 2015 inquisito,
722 1952 742 1995 a
773 1931 880 1997 iudice
910 1920 1114 1999 instructore
1144 1929 1314 1997 coniicitur
1345 1931 1515 1995 recinctus

338 2065 484 2123 actorum
508 2076 687 2142 processus,
712 2061 833 2122 eitum
857 2076 1036 2142 processus,
1053 2060 1120 2122 tum
1142 2058 1310 2122 restrictus
1326 2055 1420 2122 datur
1440 2075 1513 2140 pro·

338 2180 455 2244 motori
482 2177 593 2253 fiscali,
621 2180 674 2262 qui
703 2180 833 2263 expleto
863 2200 922 2245 suo
953 2199 1087 2245 munere
1117 2178 1157 2245 ad
1187 2197 1334 2245 normam
1365 2182 1428 2242 art.
1460 2178 1513 2245 54.

338 2277 510 2385 utrumque
534 2302 675 2367 restituit
690 2301 786 2367 iudici
801 2302 991 2367 instructori
1008 2308 1043 2367 ut
1058 2300 1213 2387 procedat
1226 2300 1267 2367 ad
1286 2307 1393 2366 actum
1416 2299 1515 2384 publi-

339 2428 474 2492 cationis
485 2448 516 2491 ».
530 2426 620 2492 Idem
633 2432 768 2493 cavetur
779 2428 812 2492 in
824 2432 886 2492 art.
901 2430 955 2495 cit.
965 2428 1117 2493 XXXIII
1132 2427 1358 2494 instructionis
1369 2426 1513 2491 iubente:

341 2574 358 2614 «
382 2553 638 2620 Transmitlitur
661 2555 741 2620 dnn
754 2556 952 2644 promoturi
965 2555 1074 2640 fiscali
1093 2573 1274 2637 processus
1294 2559 1327 2620 ct
1341 2553 1516 2619 restrictus

337 2684 374 2742 ul
397 2697 539 2744 munere
560 2696 623 2745 suo
646 2698 691 2744 ec
713 2678 822 2762 offiano
845 2677 1015 2764 sunpolur
1032 2698 1062 2743 ›.
1087 2679 1213 2744 Verum
1236 2679 1312 2762 quia
1335 2679 1368 2742 iu
1394 2679 1515 2742 lustru-

338 2803 446 2867 ctione
469 2802 511 2867 tle
529 2801 761 2885 publicatione
783 2823 825 2868 ne
849 2802 984 2869 verbum
1011 2802 1138 2887 quidem
1166 2802 1314 2875 habetur,
1340 2801 1414 2866 inde
1429 2802 1515 2874 ¹heic

338 2947 445 2991 sermo
468 2931 526 2997 est,
548 2929 583 2992 iu
606 2948 737 3012 genere.
762 2927 802 2992 de
826 2949 995 3013 processus
1019 2935 1053 2994 et
1079 2931 1250 2995 restrictus
1272 2929 1517 2995 transmissione

338 3051 488 3117 facienda
514 3055 689 3136 promotori
717 3052 818 3120 fiscali
848 3057 885 3119 ut
914 3061 1080 3140 comparet
1105 3077 1180 3121 suas
1209 3055 1515 3120 animadversiones,

338 3186 509 3263 antequam
545 3180 742 3246 decernatur
776 3201 948 3266 processus
980 3182 1168 3267 inquisitioi
1202 3182 1398 3264 publicatio.
1435 3182 1515 3245 Nam

339 3302 371 3364 in
396 3303 490 3386 praxi
514 3302 560 3367 uti
584 3304 797 3386 praelermItti
826 3322 889 3366 uon
917 3309 1022 3388 potest
1050 3305 1228 3385 decretum,
1256 3323 1318 3386 quo
1345 3303 1516 3368 ordinatur

339 3425 552 3510 pubblicatio,
582 3429 626 3493 ita
649 3427 855 3512 publicationi
887 3431 1039 3513 praevius
1067 3435 1116 3494 est
1140 3429 1316 3495 restrictus
1346 3447 1517 3513 processus

339 3555 474 3632 promet.
498 3547 601 3615 fiscali
622 3550 892 3616 transmittendus
915 3556 990 3615 ante
1014 3551 1272 3636 publicationem,
1297 3551 1373 3634 quia
1388 3569 1514 3636 promo-

338 3674 419 3736 toris
441 3678 490 3738 est
512 3673 692 3740 decernere
712 3695 754 3739 an
779 3695 950 3760 processus
979 3677 1021 3741 sit
1051 3681 1195 3742 maturus
1224 3675 1433 3762 publicationi
1463 3674 1515 3739 vel

339 3799 443 3883 potius
466 3799 531 3863 alia
549 3802 764 3866 accusationis
786 3806 979 3885 argumenta
1002 3801 1220 3886 perquirenda
1242 3803 1316 3866 sint.
1335 3802 1401 3865 Per
1417 3800 1517 3885 publi-

339 3927 497 3992 cationem
513 3929 599 3992 enim
614 3925 778 3992 definitive
793 3927 955 3992 clauditur
974 3929 1139 4012 inquisitio
1155 3949 1211 3994 seu
1228 3947 1399 4013 processus
1414 3928 1516 4011 offen-

337 4051 430 4116 sious
453 4057 486 4117 et
507 4051 612 4119 adltus
634 4055 781 4139 aperitur
808 4058 960 4120 accusato
991 4054 1164 4141 impetendi
1195 4059 1269 4120 acta
1298 4051 1517 4138 processualia

339 4195 399 4258 per
421 4195 607 4260 processum
630 4178 854 4260 defensioum.

427 4300 504 4366 326.
531 4304 670 4375 Revera,
687 4305 719 4367 in
739 4321 904 4385 processu
919 4303 1038 4384 misto,
1055 4310 1207 4370 accusato
1218 4306 1272 4370 ,ius
1287 4307 1336 4366 est
1351 4318 1517 4384 compara-

339 4429 415 4495 tum,
432 4428 477 4490 uti
496 4449 595 4512 supra
610 4429 742 4514 probavi
759 4426 804 4509 (n.
820 4427 887 4491 240
903 4428 974 4512 sq.),
992 4415 1215 4512 expostulandi
1239 4423 1518 4513 lepilimolionem
