3350 5100
525 289 568 337 nn
592 287 749 336 numeris
773 287 816 334 ar
839 285 960 335 rorare
1287 267 1333 334 65

153 419 309 484 bonorum
340 416 536 482 naturalium
559 420 593 480 et
614 412 910 499 supernaturalium
931 414 1134 500 largitorem·
1160 447 1178 461 -
1206 411 1333 480 Nihilo·

151 546 255 609 minus
270 543 382 608 forsan
405 560 471 607 non
495 541 600 604 minus
616 537 785 604 christiani
802 557 898 622 quam
914 537 1046 620 ethuici,
1063 556 1142 604 sane
1157 536 1334 622 instigante

151 665 291 739 diabulo,
310 663 461 749 proferre
477 661 596 728 audent
611 659 714 726 verba
729 662 761 725 in
779 661 880 730 Deum
896 661 1082 746 impiissime
1096 658 1294 746 blasphema.
1313 693 1331 708 ·

151 788 311 874 Equidem
334 785 488 852 eiusmodi
504 785 629 852 crimen
645 789 758 868 aperte
774 780 906 848 offendit
927 761 1033 869 legem
1049 781 1335 849 naturalem-diri·

153 933 238 986 nam,
263 919 296 978 et
318 910 487 978 dicendum
518 916 569 976 est
597 910 699 975 misti
720 908 812 992 Γυνὴ·
834 911 911 993 quia
932 907 1034 975 basim
1057 908 1212 974 convellit
1233 907 1335 994 ipsius

153 1037 497 1118 societatisnumanae,
506 1055 623 1121 nempe
635 1035 855 1102 reverentiam
867 1035 900 1100 in
909 1035 1020 1100 Deum.
1030 1033 1236 1118 Blasphemia
1244 1051 1336 1107 vero,

153 1163 301 1248 quamvis
323 1164 479 1230 consistat
500 1163 534 1227 in
557 1161 739 1229 divinorum
764 1161 936 1246 negatione
957 1160 1196 1232 attributorum.
1221 1157 1336 1226 distin·

153 1291 265 1376 guitur
281 1287 321 1353 ab
337 1287 476 1371 haeresi,
493 1287 568 1372 quia
583 1285 799 1373 blasphemus.
816 1304 880 1369 qua
894 1285 978 1360 talis,
995 1305 1061 1350 nou
1076 1291 1127 1351 est
1140 1283 1339 1367 formaliter

154 1413 353 1494 haereticus,
370 1432 466 1496 quum
483 1430 598 1497 nempe
615 1410 742 1497 profert
757 1409 912 1478 eiusmodi
927 1409 1038 1484 verba,
1055 1408 1184 1494 quando
1207 1409 1337 1476 intelle·

154 1502 226 1602 ctus
243 1555 307 1601 non
323 1535 480 1601 adhaeret
494 1533 700 1602 affirmationi
717 1533 924 1620 blasphemae
938 1552 996 1599 ore
1011 1533 1158 1618 prolatae
1174 1552 1217 1598 ex
1231 1531 1338 1599 subito

155 1663 228 1726 irae
250 1662 303 1725 vel
328 1660 410 1726 alius
429 1659 611 1745 cupiditatis
635 1665 731 1724 motu.
758 1694 776 1707 ·
803 1660 884 1724 Item
907 1658 941 1722 iu
963 1656 1169 1742 subsequenti
1201 1677 1338 1724 numero

155 1784 389 1872 perpendimus
412 1805 533 1871 poenas
556 1785 638 1852 latas
665 1786 697 1849 in
730 1783 882 1850 docentes
910 1783 1146 1871 propositiones
1169 1783 1340 1850 Ecclesiae

155 1911 335 1976 iniuriosae
359 1907 416 1995 (l),
439 1911 555 1995 quippe
585 1909 626 1975 ab
658 1911 726 1976 eius
762 1909 956 1976 auctoritate
978 1907 1163 1982 damnatas,
1186 1907 1243 1974 sed
1272 1927 1339 1972 non

156 2036 265 2120 prouti
291 2035 487 2110 haereticae,
511 2053 605 2100 secus
628 2033 757 2100 easdem
781 2035 935 2100 docentes
960 2040 994 2100 at
1019 2032 1231 2100 defendentes
1260 2033 1339 2098 hae-

158 2161 252 2228 retici
278 2159 426 2226 edicendi
448 2167 532 2243 sunt,
556 2160 597 2226 de
620 2159 733 2244 quibus
757 2180 815 2226 suo
838 2160 911 2226 loco
932 2159 1152 2226 disseruimus.

250 2283 287 2346 ln
312 2284 431 2366 cap?
452 2283 503 2351 De
526 2283 701 2350 maledicis
717 2283 751 2348 Χ
766 2281 820 2368 (V,
842 2283 899 2368 26)
923 2284 1021 2368 Greg.
1047 2285 1097 2350 lX
1120 2288 1236 2348 contra
1259 2281 1340 2348 blas·

158 2411 295 2496 phemos
319 2411 433 2476 statuit
455 2410 614 2494 publicam
638 2411 869 2496 poenitentiam
891 2429 951 2495 per
974 2413 1096 2494 septem
1111 2407 1340 2481 hebdomadas,

160 2541 192 2601 ei
216 2507 444 2621 obligationem
468 2533 626 2621 largiendi
654 2535 892 2622 eleemosynam
915 2537 948 2601 in
972 2555 1141 2621 pauperes.
1173 2533 1233 2609 Qui
1265 2534 1343 2601 huic

161 2681 286 2746 poenae
310 2680 375 2724 non
402 2660 629 2733 satisfecisset.
654 2660 908 2727 interdicebatur
930 2661 971 2725 ab
992 2662 1150 2747 inpressu
1174 2660 1342 2727 Ecclesiae

161 2792 194 2851 et
217 2784 441 2851 ecclesiastiea
464 2785 640 2871 sepultura.
666 2786 783 2852 Clerici
807 2805 877 2870 arg.
902 2804 977 2851 con.
994 2785 1046 2859 10.
1071 2804 1163 2851 eous.
1178 2784 1241 2866 22,
1265 2803 1297 2870 q.
1313 2785 1341 2858 1,

162 2909 417 2995 deponebantur.
454 2908 620 2983 Quatenus
647 2909 730 2976 istud
758 2910 889 2977 oramen
912 2916 961 2975 est
988 2911 1085 2974 etiam
1112 2910 1226 2983 civile,
1251 2910 1344 2976 iussit
1393 2971 1397 2979 .

163 3030 330 3111 Pontifex,
353 3030 572 3115 blasphemum
589 3032 697 3116 puniri
713 3050 772 3115 per
787 3032 942 3097 mulctae.
964 3066 982 3080 ·
1007 3030 1171 3106 obsoleta,
1188 3052 1344 3117 processu

162 3156 327 3239 temporis,
345 3154 408 3219 hac
423 3156 549 3219 ratione
565 3174 753 3241 poenarum,
766 3156 903 3221 accessit
914 3154 1022 3223 const.
1037 3156 1216 3239 Sapemae
1229 3156 1344 3240 diepo-

163 3279 304 3349 aa'tiom'a,
330 3278 447 3344 Leonis
464 3278 511 3343 Χ]
536 3282 569 3344 in
593 3280 691 3345 Cone.
717 3282 785 3345 Lat.
803 3281 846 3353 V,
870 3280 894 3347 5
913 3279 1001 3345 Maii
1018 3279 1115 3363 1514,
1140 3280 1194 3346 ubi
1217 3282 1344 3366 gravis-

163 3404 265 3469 simae
288 3422 411 3488 poenae
433 3404 467 3467 in
488 3402 691 3490 blasphemos
715 3410 854 3471 statutae
877 3410 961 3479 sunt,
986 3424 1065 3489 quas
1087 3406 1272 3470 moderatus
1296 3412 1345 3469 est

165 3528 268 3592 lulius
284 3529 333 3593 lll
360 3529 465 3595 Const.
491 3528 679 3595 ‹Multis›
704 3532 722 3595 1
745 3529 823 3595 Feb.
842 3528 943 3605 1554,
967 3536 1000 3594 et
1023 3530 1187 3617 paulisper
1209 3530 1346 3593 mutarit

167 3650 198 3715 S.
216 3651 294 3715 Pius
314 3650 343 3717 V
367 3650 474 3717 Consi.
494 3672 511 3713 e
533 3648 617 3717 Oeam
636 3652 763 3735 prisseio
780 3674 797 3717 a
816 3655 832 3717 1
850 3654 961 3736 April.
976 3652 1078 3721 1566.
1104 3653 1197 3717 Haec
1221 3653 1343 3717 Consti-

256 3877 296 3949 (1)
316 3876 345 3932 ln
361 3878 514 3946 Praelatos,
529 3878 571 3934 uti
587 3894 720 3950 personas
739 3880 905 3949 singulares,
924 3881 1046 3936 iniuriae
1063 3880 1131 3934 ferri
1150 3878 1243 3933 solent
1261 3877 1347 3932 etiam

170 4001 186 4038 a
210 3984 291 4040 laicis
315 4003 365 4056 per
385 3988 498 4043 libellos
516 3994 656 4060 summos,-
674 3988 708 4044 et
729 3988 821 4043 Const.
841 3988 868 4041 S.
887 3989 931 4042 Pii
951 3988 976 4041 V
995 4002 1012 4044 a
1030 3990 1152 4045 Romani
1172 3988 1347 4059 Pontificio»

172 4094 203 4145 17
215 4095 314 4148 Martii
326 4095 365 4147 15
370 4096 419 4160 72,
435 4100 465 4151 et
477 4095 559 4166 Greg.
573 4096 637 4151 lllll
651 4110 668 4152 e(
682 4098 724 4151 Eo
739 4107 779 4151 est
792 4114 891 4171 regrum
905 4112 920 4147 ›
934 4098 950 4149 1
964 4098 1037 4168 Sept.
1054 4098 1147 4163 1572,
1166 4096 1349 4167 gravissimae

172 4216 276 4269 menae
301 4204 471 4259 constitutae
495 4208 570 4269 sunt,
591 4204 620 4258 iu
645 4204 742 4273 primis
770 4206 891 4276 infamia
914 4205 993 4257 iuris.
1013 4206 1052 4258 At
1076 4203 1159 4259 hodie
1181 4221 1245 4260 cum
1270 4205 1349 4259 dubi·

171 4306 245 4359 tetur
263 4324 299 4360 an
318 4308 389 4363 istae
407 4326 513 4379 poenam
532 4310 622 4365 adhuc
641 4312 764 4381 vigeant,
785 4309 984 4367 recurrendum
1009 4316 1083 4367 esset
1101 4311 1136 4365 ad
1155 4327 1258 4382 poenas
1277 4312 1350 4365 arbi·

174 4414 286 4471 trariae.

282 4522 342 4575 Soc.
361 4522 439 4593 Lege
1260 4524 1279 4578 5
