3350 5100
321 291 366 357 54
849 308 933 356 raas
958 308 980 352 1.

319 433 393 498 culo
418 433 484 506 IX,
509 431 617 499 Const.
642 433 708 514 Ap.
735 429 833 497 Sedis
856 431 1073 515 compescitur
1100 426 1230 511 quidam
1261 426 1378 492 abusus
1401 426 1512 490 labem

318 556 470 622 redolens
486 558 704 622 simoniacam.
722 555 881 640 Equidem
897 557 930 618 in
946 553 1084 620 articulo
1101 554 1160 626 IX,
1180 554 1270 617 inter
1291 570 1415 616 excom.
1432 555 1513 616 sina

314 681 452 764 pliciter
475 682 585 766 Papae
609 688 795 746 reservatas
822 681 933 746 Const.
951 679 1015 762 Ap.
1035 679 1113 745 Sed.
1130 683 1322 744 censuratos
1342 675 1510 740 declarat:

322 806 479 872 «Omnes
502 807 562 892 qui
584 811 762 890 quaestum
777 806 943 888 facientes
958 823 1005 870 eac
1019 803 1241 889 indutpentiis
1262 802 1407 885 aliisque
1429 820 1515 886 pra.

322 934 377 998 tiis
388 931 622 1016 spiritualibus
635 930 999 998 eucommunicatiouis
1011 947 1158 995 cenmra
1168 929 1369 1010 plectuntur
1384 925 1513 992 Consti·

323 1056 450 1123 tutione
474 1056 508 1122 S.
523 1056 581 1122 Pii
601 1056 635 1137 V,
656 1055 762 1126 Quam
773 1057 928 1138 plenum,
941 1053 967 1118 2
980 1052 1141 1118 Ianuarii
1156 1052 1248 1117 1569
1267 1079 1295 1114 ».
1312 1052 1407 1115 quta
1422 1049 1514 1114 banc

323 1183 430 1248 Consi.
458 1182 499 1247 ab
522 1182 605 1248 istud
638 1183 762 1248 crimen
796 1181 1119 1245 excommunicantur
1146 1198 1306 1263 personae
1331 1177 1519 1260 Episcopis

321 1305 503 1389 inferiores
508 1327 522 1390 ,·
545 1308 604 1391 ipsi
628 1327 708 1372 vero
725 1305 879 1390 Episcopi
895 1310 930 1371 et
944 1305 997 1387 qui
1013 1305 1127 1368 maiori
1152 1303 1382 1389 praefulgeant
1405 1302 1513 1386 digni-

323 1437 389 1497 tate
405 1433 590 1518 ,puniuntur
614 1431 786 1496 interdicto
810 1429 854 1496 ab
868 1429 1026 1515 inpressu
1054 1429 1225 1495 Ecclesiae
1241 1434 1273 1494 et
1287 1428 1517 1510 suspensione

324 1575 346 1620 a
376 1557 596 1640 perceptione
629 1555 806 1638 fructuum
842 1543 987 1620 suarum
1017 1554 1259 1620 Ecclesiaruin.
1296 1552 1379 1627 Quia
1412 1551 1517 1618 hodie

324 1682 491 1765 suspensio
515 1685 548 1747 et
570 1679 775 1746 interdictum
799 1698 865 1744 non
889 1689 1103 1744 recensentur
1126 1700 1146 1744 a
1169 1679 1276 1745 Goust.
1301 1683 1425 1760 nostra,
1449 1700 1514 1744 usu

328 1802 532 1873 exciderunt.
557 1803 857 1870 Excommunicatio
879 1809 996 1882 autem,
1022 1803 1116 1867 etiam
1140 1801 1246 1880 hodie,
1270 1806 1360 1866 tenet
1382 1805 1512 1864 tantum

327 1928 505 2012 Episcopis
516 1927 708 2010 inferiores,
725 1930 800 2011 quia
815 1927 921 1992 fertur
937 1929 1044 2012 prouti
1061 1926 1146 1991 edita
1162 1933 1211 1991 est
1227 1926 1333 1992 Const.
1352 1926 1383 1990 S.
1398 1926 1448 1988 Pii
1466 1925 1514 1991 V.

224 2091 226 2098 ·
283 2067 286 2072 ’
333 2051 443 2125 Quare
466 2051 528 2116 hac
551 2071 690 2116 censura
706 2051 857 2136 Episcopi
876 2070 941 2114 non
957 2055 1119 2116 tenentur.
1137 2048 1185 2116 cf.
1203 2047 1411 2129 D’Annibalq
1437 2049 1467 2111 b.
1489 2051 1509 2112 l.

282 2183 284 2186 ’
324 2195 358 2239 n.
387 2173 461 2240 138.

414 2295 545 2364 Crimen
567 2296 631 2361 hoc
654 2294 824 2362 admittunt
847 2303 1026 2379 quaestum
1048 2294 1206 2360 facientes
1233 2295 1264 2358 in
1291 2295 1513 2359 concedendis

325 2429 383 2488 aut
404 2419 605 2507 publicandis
628 2419 871 2505 indulpentiis;
894 2424 950 2483 aut
971 2419 1043 2483 aliis
1065 2418 1187 2503 pretiis
1206 2417 1443 2500 spiritualibus
1465 2439 1510 2486 ex

325 2547 402 2631 §gl
430 2553 462 2613 et
486 2547 516 2610 4.
534 2581 552 2594 -
570 2546 703 2613 Gratiae
725 2544 911 2630 spirituales
934 2544 997 2609 hae
1020 2551 1213 2610 censentur:
1238 2548 1275 2625 a)
1291 2544 1429 2610 facultas
1452 2546 1510 2610 eli·

325 2673 421 2761 gandi
439 2674 500 2739 sibi
516 2674 752 2739 confessarium
768 2692 788 2736 a
803 2691 866 2755 quo
889 2691 909 2735 a
929 2673 1104 2736 reservatis
1120 2673 1217 2736 etiam
1233 2671 1421 2738 absolvatur
1435 2676 1455 2753 ξ
1473 2674 1511 2747 l;

326 2797 361 2878 b)
385 2816 446 2862 nec
476 2816 540 2862 non
572 2794 759 2861 celebrandi
783 2795 915 2859 Missam
945 2802 979 2859 et
1005 2794 1204 2880 sepulturam
1234 2794 1397 2860 obtinendi
1426 2797 1507 2861 eccl.

326 2930 472 3007 tempore
503 2921 665 2989 interdicti
696 2923 716 3004 ἓ
747 2921 785 2995 2;
818 2924 852 2999 c)
874 2921 1019 2985 ciborum
1050 2920 1286 3005 prohibitorum
1319 2940 1395 2985 usus
1424 2922 1510 3001 §3;

326 3048 365 3127 d)
389 3046 562 3129 assumptio
586 3046 727 3130 plurium
751 3050 950 3129 compatrum
983 3043 1176 3109 adsacrum
1201 3046 1366 3129 Baptisma
1392 3051 1509 3109 contra

327 3170 493 3247 decretam
517 3168 614 3236 Conc.
639 3168 726 3233 Trid.
751 3170 770 3251 g
793 3168 831 3244 3;
860 3172 893 3248 e)
916 3168 1083 3234 Absolutio
1114 3190 1134 3233 a
1161 3169 1296 3233 simonia
1323 3169 1410 3235 reati
1433 3168 1509 3235 Sedi

328 3296 388 3379 Ap.
413 3297 592 3371 reservata,
616 3292 639 3373 ἓ
662 3290 692 3356 6.

418 3415 638 3483 Recolendum
670 3422 720 3480 est
743 3414 909 3481 decretum
933 3416 1021 3479 Trid.
1045 3414 1142 3481 (lonc.
1166 3435 1245 3482 sess.
1269 3416 1322 3489 21,
1347 3435 1422 3497 cap.
1448 3418 1510 3486 ult.

327 3543 377 3609 De
391 3541 468 3624 ref„
484 3541 537 3606 ubi
553 3540 767 3626 probibentur
791 3541 1070 3625 eleemosynarum
1094 3546 1282 3623 quaestores
1298 3541 1351 3624 qui
1368 3540 1508 3605 eleemo-

328 3668 419 3752 synis
450 3663 638 3751 colligendis
668 3664 830 3730 vacabant
858 3664 1074 3750 indulgentias
1104 3664 1325 3750 publicantes;
1357 3667 1512 3731 statuitur

305 3844 308 3849 Δ
328 3792 412 3857 enim
435 3794 472 3856 ut
492 3796 699 3874 quaestorum
715 3808 793 3854 usus
817 3794 851 3855 et
873 3786 1013 3854 officium
1029 3790 1156 3875 penitus
1171 3788 1318 3866 tollatur;
1342 3790 1509 3876 indulgen·

327 3918 392 3980 tiae
414 3933 495 3980 vero
519 3920 552 3978 et
573 3914 657 3979 aliae
680 3914 807 3999 gratiae
823 3913 1006 3997 spirituales
1028 3912 1069 3977 ab
1086 3912 1271 3979 Ordinariis
1293 3914 1509 3999 publicentur.

420 4039 601 4111 Quaestum
623 4036 739 4120 facere
770 4044 877 4105 antem
899 4037 947 4102 illi
970 4044 1146 4105 censentur
1168 4040 1223 4123 qui
1246 4042 1416 4125 pecuniam
1445 4043 1510 4106 iam

328 4167 536 4247 acceperunt,
554 4180 613 4226 seu
636 4162 760 4227 crimen
784 4166 1059 4241 consummarunt,
1082 4180 1148 4224 non
1164 4180 1243 4226 vero
1267 4163 1319 4245 qni
1343 4169 1510 4246 quaestum

327 4285 439 4352 facere
463 4284 622 4352 hactenus
645 4286 753 4352 conati
776 4290 860 4351 sant.
