3350 5100
360 254 429 321 610
601 336 605 345 Ι
703 334 712 359 ι
816 280 1024 331 ,ιιιειιιτυιι
1047 285 1082 332 v.

447 399 490 465 «l
505 399 528 453 l.
541 398 605 455 ldeo
623 399 721 455 volens
734 400 876 457 Sanctitas
888 404 945 458 Sua
963 405 1114 475 praedictis
1125 408 1208 463 malie
1219 424 1377 476 occurram,
1388 426 1420 464 re
1431 412 1530 464 matura

357 502 534 558 considerata
551 521 614 559 eum
628 504 705 561 Eiriis
717 512 747 563 ot
761 507 839 563 nnis
852 510 907 565 Dl).
920 510 1116 569 cardinalibus
1128 514 1308 584 generalibus
1320 516 1531 588 inquisitoribus.

357 612 497 677 praesenti
524 611 641 667 Decreto
664 617 806 685 perpetuis
823 618 927 672 suturis
946 620 1120 688 temporibus
1137 620 1273 677 duraturo
1297 622 1400 678 iterum
1417 621 1532 691 iniungit

356 715 485 771 omnibns
503 717 624 775 Vieariie
645 737 694 775 seu
719 722 861 793 deputetis
883 741 935 794 pro
959 726 1152 781 examinandis
1174 728 1297 791 testibus
1314 727 1531 799 adprobandum

356 824 461 875 statum
480 822 600 877 liberum
620 825 847 882 contrahentium
866 830 1085 897 matrimonium,
1103 848 1156 887 nec
1175 848 1232 887 non
1250 832 1392 902 Paroebie,
1408 832 1534 897 Notariis,

355 931 384 982 et
402 928 622 1002 quibuscumque
641 929 704 987 aliis
724 935 891 1003 respective,
904 938 956 991 sub
975 938 1073 1007 poenis
1090 938 1178 993 etiam
1197 940 1331 1008 gravibus
1349 940 1534 1011 corporalibus

355 1034 473 1089 arbitrio
486 1035 587 1091 Sacrae
600 1036 835 1111 congregationis
854 1047 887 1097 ut
903 1045 1116 1101 instructionem
1134 1046 1344 1117 infrascriptam
1364 1046 1398 1101 ad
1417 1062 1534 1117 unguem

355 1143 512 1198 observent

443 1261 462 1304 e
474 1251 488 1317 l
500 1252 525 1303 2.
539 1250 579 1305 Ut
592 1256 686 1309 auum
705 1271 837 1324 premens
851 1256 999 1313 Decretum
1011 1262 1042 1314 et
1059 1260 1209 1315 instructio
1221 1260 1256 1315 ad
1268 1262 1395 1315 omnium
1407 1259 1535 1315 notitiam

353 1356 465 1411 facilius
482 1358 641 1429 deveniant,
659 1362 784 1419 decrevit
802 1364 854 1419 illa
871 1365 906 1419 ad
924 1366 1023 1421 valvas
1034 1367 1173 1423 Basilicsa
1186 1368 1326 1437 Principis
1338 1366 1534 1437 Apostolorum

353 1468 384 1519 et
401 1464 595 1522 cancellariae
613 1469 792 1537 apostolicae
811 1487 845 1525 ac
862 1472 891 1525 in
909 1472 972 1526 acia
990 1470 1088 1542 Campi
1108 1471 1209 1527 Florae
1227 1472 1261 1528 de
1281 1472 1358 1529 Urbe
1376 1490 1410 1527 ac
1427 1473 1535 1555 Palatio

352 1574 379 1628 S
399 1575 488 1630 Officii
503 1578 626 1633 eiusdem
645 1578 731 1635 Urbis
750 1596 799 1648 per
817 1578 942 1651 aliquem
959 1595 996 1635 ex
1009 1579 1175 1635 cursoribus
1188 1578 1354 1635 sanctitatis
1366 1598 1434 1636 suaa
1448 1579 1536 1651 publi·

350 1682 419 1749 cari,
436 1698 470 1737 ao
488 1698 585 1737 eorum
598 1684 727 1754 exempla
740 1686 843 1740 ibidem
856 1686 939 1741 affixa
952 1686 1089 1759 relinqui,·
1107 1686 1213 1758 illeque
1224 1686 1265 1740 sic
1284 1687 1429 1759 publicata
1441 1702 1535 1743 omnes

351 1794 380 1845 et
398 1788 532 1861 singulos,
545 1806 614 1863 quos
633 1798 813 1860 concernunt,
833 1801 896 1863 post
913 1793 984 1848 duos
995 1810 1105 1849 manses
1116 1811 1133 1848 a
1144 1794 1188 1849 die
1201 1764 1403 1866 publicationis
1416 1796 1447 1851 iu
1459 1794 1534 1849 Urbe

348 1895 493 1953 faciendae
512 1898 705 1965 numerandos,
718 1900 832 1969 perinde
844 1901 956 1955 afficere
973 1918 1007 1955 ao
1025 1905 1145 1968 arctare,
1159 1918 1193 1955 ac
1210 1902 1235 1955 si
1254 1901 1367 1957 illorum
1386 1902 1535 1973 unicuique

349 2002 535 2072 personaliter
553 2004 700 2059 notificata
719 2010 749 2059 et
767 2005 899 2060 intimate
915 2005 1024 2060 fuisset.

349 2218 550 2271 tusunuoulo
581 2223 646 2271 PRO
677 2223 832 2271 mulne:
863 2222 1015 2271 ILLORUM
1039 2224 1198 2277 ΤΕΒΤῙΠΙ,
1223 2223 1281 2279 001
1313 2224 1532 2273 Innocurt'run

355 2348 362 2359 ’
438 2346 503 2394 Prto
535 2346 797 2395 CONTRAHRNDIS
829 2348 1066 2410 menstruorum,
1090 2348 1161 2395 TAM
1195 2348 1231 2394 m
1261 2347 1364 2396 cuum
1396 2326 1461 2396 nih
1491 2347 1532 2395 ET

438 2440 502 2519 Itur
527 2472 1116 2528 onRo1Nnmsun131svlcart11‚Quem
1140 2472 1176 2520 IN
1200 2470 1290 2520 atne
1306 2472 1417 2521 cultris
1433 2470 1532 2520 oltra·

438 2597 557 2646 RORUM
580 2599 853 2647 ORDINARIORUM.

437 2751 486 2808 «Ἰ.
500 2755 529 2808 ln
543 2755 640 2826 primis
658 2757 740 2810 testis
758 2755 906 2812 moneatur
917 2756 951 2812 de
963 2748 1106 2825 gravitate
1122 2755 1274 2810 iuramenti
1286 2755 1317 2810 in
1331 2755 1386 2810 boc
1404 2770 1533 2825 praesar-

346 2861 397 2914 tim
410 2862 525 2930 negotio
538 2863 760 2932 pertimescendi,
773 2864 802 2917 in
815 2879 871 2935 quo
883 2863 979 2918 divim
989 2862 1074 2917 simul
1087 2867 1117 2918 et
1128 2860 1252 2917 hnmana
1264 2863 1397 2918 maiestas
1408 2861 1532 2918 laeditur

345 2970 380 3021 ob
400 2968 449 3032 rai,
469 2970 502 3023 de
521 2986 577 3040 que
594 2973 750 3038 tractatur,
768 2970 980 3040 importantium
998 2974 1029 3025 et
1047 2971 1238 3039 gravitatem,
1256 2973 1286 3024 et
1309 2969 1381 3041 quod
1400 2955 1530 3024 imminet

348 3091 438 3145 poena
457 3077 614 3131 triremium
634 3082 663 3132 et
680 3075 874 3148 instigationis
891 3078 1041 3148 deponenti
1060 3077 1162 3132 falsum
1181 3079 1230 3147 (l).

434 3183 496 3236 «ll.
517 3185 710 3255 Interrogetur
728 3185 762 3241 de
782 3184 903 3253 nomine,
915 3187 1089 3256 cognomine,
1107 3185 1208 3256 patria,
1226 3189 1330 3252 eoum,
1343 3185 1482 3242 exercitio
1500 3190 1529 3240 et

344 3290 528 3348 habitatione.

432 3393 508 3450 «111.
522 3399 566 3450 An
585 3398 623 3451 sit
640 3398 710 3452 civis
724 3395 768 3452 vel
787 3402 910 3460 exterus.
921 3400 1108 3468 et·quatenns
1121 3397 1160 3451 sit
1172 3401 1295 3463 externe,
1308 3413 1325 3452 a
1338 3401 1444 3469 quanto
1458 3403 1526 3454 tem-

343 3514 411 3568 pore
428 3504 472 3556 eat
490 3501 519 3555 in
538 3499 609 3567 loco,
628 3502 657 3555 in
676 3517 731 3573 quo
749 3503 831 3558 testis
849 3502 909 3572 ipse
927 3502 1052 3573 deponit.

323 3596 329 3608 ⁰
430 3606 507 3663 «lv,
521 3610 567 3663 An
578 3608 612 3662 ad
626 3625 743 3664 examen
758 3608 909 3664 accensuit
919 3613 1027 3680 sponte,
1033 3608 1079 3666 vel
1093 3611 1256 3682 requisitus:
1270 3611 1293 3664 si
1311 3609 1415 3666 dixerit
1431 3625 1526 3666 acces

342 3716 412 3771 sisae
430 3721 529 3786 sponte
548 3733 566 3770 a
584 3717 695 3773 nemine
714 3719 891 3790 requisitum,
908 3717 1077 3785 dimittatur,
1095 3719 1162 3790 quia
1180 3718 1368 3788 praesumitur
1384 3717 1523 3780 munden

342 3822 366 3875 si
384 3837 451 3878 vero
469 3823 582 3888 dixerit,
600 3824 750 3880 accessisse
770 3824 946 3895 requisitum,
959 3825 1149 3894 interrogetur
1163 3841 1181 3878 a
1191 3824 1305 3905 quolvel
1318 3841 1335 3877 a
1347 3824 1458 3896 quibua,
1470 3824 1518 3880 ubi

341 3929 461 3999 quando,
480 3929 631 4000 quomodo,
649 3947 744 3985 coram
762 3931 864 4002 quibua
882 3934 912 3987 at
929 3931 1040 4003 quoties
1056 3932 1144 3988 fuerit
1162 3933 1331 4003 requisitus,
1350 3935 1380 3987 et
1397 3947 1434 3986 an
1451 3931 1523 3986 sciat

341 4032 437 4088 adesse
456 4033 570 4105 aliquod
588 4034 818 4105 impedimentum
837 4035 912 4092 inter
929 4034 1096 4093 contrahere
1114 4036 1250 4093 volentes.

430 4278 462 4335 (l)
478 4279 528 4324 Non
543 4288 579 4325 eet
588 4293 646 4338 opus
656 4283 836 4327 animadvertere
845 4283 955 4327 eiusmodi
965 4284 1096 4340 corporales
1108 4298 1204 4342 pmcne,
1214 4285 1281 4330 iuxta
1294 4299 1373 4330 eorum
1388 4293 1515 4342 temporum

339 4364 437 4410 indolem
451 4366 523 4418 latas,
537 4381 582 4412 non
596 4369 697 4426 amplius
712 4371 734 4414 in
748 4383 793 4415 usu
807 4383 868 4415 esee.
