3350 5100
346 275 392 341 98
876 297 960 343 rias
985 297 1007 342 1.

346 419 380 484 S.
405 419 610 503 scripturae,
641 416 806 483 concludit
828 415 892 501 (De
921 417 1003 504 Spu.
1028 419 1080 493 10,
1105 419 1138 501 4,
1163 420 1218 508 6).·
1245 422 1397 487 «Dicere
1420 427 1526 486 autem

325 563 488 609 ¹summos
505 539 679 608 Pontifices
702 548 735 607 et
757 543 895 607 coucilia
917 543 1074 628 praedicti
1093 549 1203 610 textus
1219 566 1333 611 verum
1358 552 1391 611 et
1414 547 1526 631 genui·

348 689 424 733 num
451 687 581 733 sensum
608 688 674 733 non
699 687 772 732 esse
797 673 978 752 assequuta
1009 667 1093 751 quod
1124 670 1248 752 aliquos
1274 669 1445 736 mussitare
1461 689 1525 733 non

347 794 475 880 puduit,
507 800 543 859 ut
567 795 777 859 temerarium
809 799 841 858 et
872 793 1072 859 haereticum
1100 799 1149 860 est
1174 816 1203 858 r.
1229 795 1320 860 Haec
1344 795 1528 860 inculcabat

348 919 502 984 Pontifex
524 920 599 1003 quia
621 938 680 984 sua
700 923 807 984 aetate
830 938 895 982 non
919 923 1043 983 tantum
1066 918 1233 993 haeretici,
1258 921 1303 984 uti
1333 920 1523 990 Calviniani.

345 1044 403 1110 sed
425 1045 523 1111 etiarn
545 1049 697 1110 auctores
719 1044 883 1122 catholici,
901 1043 947 1108 uti
962 1044 1069 1130 Scipio
1085 1041 1203 1125 Maffei,
1221 1065 1346 1116 usuras,
1368 1047 1400 1109 vi
1424 1047 1524 1112 mutui

343 1175 495 1242 exactas,
530 1169 635 1234 licitas
668 1187 740 1232 esse
772 1187 923 1232 asserere
957 1187 1023 1232 non
1056 1167 1252 1234 dubitabant.
1289 1169 1432 1235 Proinde
1466 1168 1524 1234 sub

346 1293 437 1356 initio
464 1293 514 1357 sui
538 1288 748 1356 Pontificatus
775 1290 859 1355 idern
887 1291 1038 1356 Pontifex
1063 1291 1190 1356 litteras
1214 1291 1311 1357 edidit
1339 1293 1524 1378 encyclicas

345 1436 365 1477 r
388 1416 453 1480 Vim
470 1415 628 1497 peruenit
650 1436 668 1477 r
694 1413 736 1478 ad
749 1410 934 1504 'Episcopus
959 1415 1071 1479 ltaliae
1094 1415 1234 1481 directas
1258 1435 1337 1500 quas
1367 1417 1400 1480 in
1424 1436 1524 1502 opere

346 1539 399 1606 De
423 1539 505 1624 Spu.
529 1539 633 1606 dioec.
658 1540 691 1602 in
721 1537 860 1604 editione
893 1540 1044 1624 evulgata
1075 1545 1242 1624 postquam
1269 1540 1324 1605 ille
1354 1541 1551 1619 tractanda,

341 1669 535 1748 susceperat
550 1663 718 1728 Ecclesiae
742 1683 893 1748 suprema
916 1662 1145 1748 gubernacula,
1163 1664 1254 1728 iuxta
1270 1683 1359 1729 suum
1384 1669 1523 1729 mentum

346 1791 390 1854 ita
412 1788 556 1874 explicat
579 1788 599 1853 l.
618 1788 682 1869 cit,
706 1787 847 1853 scilicet:
876 1809 894 1848 ‹
906 1787 1021 1870 primo
1045 1807 1145 1854 omue
1168 1789 1302 1854 lucrum
1326 1807 1371 1854 eu
1393 1795 1522 1865 mutua,

342 1912 478 1978 rutioue
492 1885 613 1994 ruutui,
628 1911 830 1978 usurarium
847 1919 877 1977 et
891 1911 1048 1977 illicitum
1062 1930 1151 1993 esse,·
1170 1912 1318 1978 secuudo
1334 1913 1381 1976 ad
1396 1931 1525 1978 usurae

340 2035 454 2102 labem
475 2037 704 2123 purqaudum
729 2029 865 2100 uultum
887 2035 1050 2102 accersiri
1069 2054 1169 2118 passe
1190 2034 1379 2101 subsidium
1402 2036 1453 2100 aet
1478 2056 1524 2102 eoa

341 2179 381 2225 eo
405 2161 557 2245 quodid
579 2162 715 2227 tucrum
745 2179 816 2258 aaa
847 2159 1058 2225 eacessinum
1085 2165 1115 2224 et
1143 2159 1291 2224 nimium
1319 2160 1379 2225 sed
1406 2160 1522 2226 mode-

338 2291 479 2366 ratum,
513 2302 584 2351 uou
613 2303 796 2371 uuquam,
828 2283 888 2349 sed
919 2284 1085 2370 auiquum
1118 2284 1162 2348 sit
1193 2283 1245 2349 ael
1278 2303 1325 2348 ear
1355 2303 1394 2350 eo
1429 2285 1523 2368 quod

342 2412 372 2476 is
395 2431 418 2476 a
440 2429 508 2495 quo
525 2409 562 2476 id
578 2411 712 2475 tucrum
727 2409 832 2476 sotius
849 2427 954 2475 causa
968 2409 1079 2474 mutui
1095 2407 1287 2491 deposcitur
1303 2427 1374 2475 uou
1384 2427 1524 2492 pauper

336 2535 401 2602 sed
423 2534 517 2602 dives
540 2533 673 2610 emutat,
697 2553 760 2600 uec
781 2533 899 2599 datam
923 2532 987 2600 sibi
1008 2537 1125 2601 mutuo
1148 2552 1320 2599 sumruam
1340 2534 1523 2601 relicturus

339 2661 484 2728 otiosam
507 2660 567 2726 sed
590 2660 637 2725 od
662 2658 824 2741 fortunus
851 2678 932 2725 suas
962 2658 1225 2743 amplificandas
1247 2660 1299 2724 oet
1323 2658 1420 2725 uocis
1447 2678 1521 2725 coe·

337 2786 474 2853 mendis
492 2784 649 2868 praediis
671 2785 724 2849 uel
746 2784 958 2869 quaestuosis
981 2782 1154 2869 aqitaudis
1175 2784 1318 2869 uepatiis
1344 2783 1522 2849 utilissime

338 2914 382 2978 sit
403 2914 641 2994 impersurus:
664 2912 771 2986 tertio,
795 2928 1008 2996 quamquam
1030 2929 1102 2977 uua
1126 2930 1203 2977 cum
1218 2911 1329 2977 mutui
1344 2915 1522 2977 contractu

331 3037 469 3119 possint
497 3036 705 3121 quaudoque
727 3054 798 3101 amr
821 3054 948 3107 mrum,
973 3040 1012 3099 ut
1033 3034 1140 3115 aiunt,
1164 3053 1273 3100 roura
1296 3054 1520 3103 corconensis

340 3180 406 3227 resi
430 3179 546 3227 murno
562 3179 775 3233 nxrmusacr,
797 3180 817 3225 a
843 3178 963 3233 oureus
981 3178 1078 3243 mars
1094 3178 1244 3226 orirerur
1260 3178 1363 3227 cunas
1378 3178 1520 3233 utrumn

337 3305 451 3353 aaran
474 3304 607 3352 scaram
630 3304 677 3350 ux
700 3303 815 3350 murno
840 3304 991 3349 nastrum
1015 3290 1361 3356 mnomro1‚uttameu
1383 3284 1473 3368 salso
1489 3292 1522 3351 et

335 3418 464 3477 temere
486 3410 657 3495 affirmari
673 3400 842 3489 diotimus,
854 3409 1020 3476 eiusmodi
1036 3409 1149 3476 titulos
1163 3428 1299 3493 semper
1314 3410 1463 3493 reperiri
1477 3429 1521 3475 ac

334 3534 463 3619 ubique
488 3539 629 3617 praesto
661 3552 731 3600 esse
760 3535 809 3599 ito
834 3533 1034 3599 utiliorum
1061 3534 1212 3607 ratione,
1244 3535 1520 3618 quotiescumque

331 3660 493 3744 pecunia,
509 3626 725 3743 frumentum
740 3659 877 3725 aliudue
900 3659 936 3723 id
958 3659 1094 3745 pesteris
1110 3658 1210 3725 uiuri
1224 3658 1426 3742 cuicumque
1446 3679 1519 3725 cre-

332 3785 441 3866 ditur,
459 3784 554 3851 tolies
570 3802 706 3867 semper
722 3782 820 3849 liceat
835 3783 1029 3849 auctarium
1045 3783 1269 3855 moderatum,
1286 3784 1379 3847 ultra
1393 3788 1519 3849 sortem

337 3908 507 3995 iuteqram
528 3910 741 3993 salvumque,
765 3908 918 3989 recipere
941 3928 972 3971 ».
1001 3907 1151 3972 Nonnulli
1175 3906 1363 3972 dubitarunt
1389 3926 1431 3971 au
1454 3906 1519 3971 hae

336 4033 464 4099 litterae
494 4034 719 4099 auctoritatem
750 4032 910 4097 haberent
940 4050 999 4117 pro
1030 4032 1183 4097 universa
1205 4032 1371 4105 Ecclesia,
1401 4032 1518 4117 quippe

330 4176 419 4241 quae
442 4157 536 4225 datae
559 4162 634 4223 sunt
649 4162 773 4221 tantum
788 4156 830 4221 ad
847 4156 1022 4242 Episcopos
1039 4156 1161 4231 ltaliae,
1178 4163 1211 4221 at
1227 4158 1407 4242 Gregorius
1421 4155 1517 4237 XVI,

334 4282 391 4349 die
421 4282 701 4356 291utii183a
732 4281 924 4367 approbavit
954 4301 1143 4367 responsum
1176 4282 1207 4347 S.
1237 4279 1343 4349 Officii
1376 4280 1517 4362 edicens,

336 4408 408 4472 illas
429 4407 558 4473 litteras
580 4408 750 4490 respicere
778 4406 1008 4472 universalem
1032 4407 1229 4473 Ecclesiam.
1256 4442 1274 4455 -
1300 4405 1517 4481 Quamobrem
1543 4470 1546 4475 .
