3350 5100
549 351 551 357 ·
607 332 713 380 runsx
737 334 941 383 0110111000
1298 320 1360 385 701

186 452 247 507 236.
269 453 308 507 110
326 454 446 508 testibus
464 454 493 507 in
513 471 643 523 processu
662 456 839 511 accusatorio
876 496 1194 511 ........
1227 478 1292 531 pop.
1311 459 1365 515 306

186 558 246 613 237.
268 559 307 615 De
326 560 454 615 testibus
464 562 656 616 examinandis
669 578 719 631 pro
733 563 931 617 informatione
948 563 1052 626 curiae.
1067 565 1096 619 in
1111 580 1239 635 processu

293 669 452 737 inquisitiva
472 708 1238 726 ..................
1277 672 1365 729 »307

186 772 245 827 233.
269 772 455 829 Diversimode
475 775 648 842 recipiuntur
670 779 757 830 testes
782 783 812 830 et
836 777 1034 832 attestationes
1057 778 1086 831 in
1110 757 1240 846 processu

294 896 363 949 pure
381 880 545 950 inquisitivo
563 898 596 934 ac
616 882 643 935 in
664 898 792 951 processu
812 882 902 936 mixto
921 922 1238 937 ........
1277 903 1294 939 a
1324 887 1364 940 ib.

187 985 247 1039 239.
268 986 305 1040 De
326 986 532 1057 legitimatione
550 1004 704 1057 processus,
717 1006 765 1045 aeu
779 989 812 1045 de
826 990 994 1059 repetitione
1007 990 1121 1047 testium
1135 991 1165 1043 in
1180 1007 1242 1059 pro-

294 1110 372 1148 cessu
391 1095 480 1148 mixto
515 1135 1241 1152 .................
1277 1100 1367 1155 »309

187 1202 248 1253 210.
268 1204 310 1253 An
331 1202 462 1270 repetitio
481 1202 595 1257 testium
616 1202 653 1255 sit
672 1203 705 1255 ad
724 1202 911 1257 substantiam
920 1242 1238 1258 ........
1276 1221 1293 1260 a
1311 1205 1361 1261 311

187 1306 247 1358 241.
266 1305 359 1367 Quare
378 1310 565 1377 confr-natatio
587 1312 684 1363 teneat
707 1307 798 1363 locum
818 1310 1001 1379 repetitionis.
1019 1311 1064 1364 An
1090 1310 1241 1381 aliquando

292 1416 330 1471 ait
350 1416 508 1471 necessaria
557 1454 1236 1474 ................
1276 1439 1291 1473 1
1324 1421 1363 1473 ib.

187 1526 247 1577 242
267 1522 381 1585 Quando
400 1528 429 1579 et
447 1523 584 1593 quomode
603 1524 632 1577 in
652 1540 781 1593 processu
800 1524 871 1579 haee
889 1526 962 1583 fiant
1007 1563 1239 1580 ......
1277 1542 1294 1583 1
1311 1526 1365 1582 313

188 1632 248 1684 243.
270 1632 307 1685 De
325 1634 444 1703 repulsa
463 1632 587 1695 testium,
607 1648 655 1685 seu
674 1630 708 1685 de
727 1632 939 1701 exceptionibus
957 1632 987 1685 in
1005 1636 1092 1690 testes
1142 1671 1148 1684 ·
1186 1673 1193 1685 .
1231 1671 1238 1685 .
1277 1633 1365 1687 »314

696 1846 792 1899 Garun
812 1844 856 1899 111.

546 2000 578 2031 D!
595 1998 751 2031 pertusione
767 1999 815 2032 REO
832 1998 1007 2031 concausam.

188 2164 248 2219 211
270 2164 344 2219 Reus
363 2165 525 2219 renuntiare
544 2164 641 2233 nequit
660 2180 728 2219 suae
746 2163 900 2217 detensioni
923 2202 1197 2219 .......
1225 2180 1292 2233 pop.
1312 2163 1366 2219 316

185 2272 246 2325 245.
266 2270 296 2325 io
316 2285 444 2339 processu
464 2269 523 2323 sive
546 2271 707 2340 inquisition
732 2270 791 2323 sive
809 2271 912 2334 misto,
933 2286 980 2325 reo
1004 2270 1182 2326 concedenda
1199 2275 1244 2327 ert

291 2378 459 2432 insultasse
478 2377 641 2431 defendendi
661 2378 689 2431 in
709 2394 884 2448 quecumque
903 2383 983 2447 parte
999 2393 1150 2446 processus.
1189 2417 1196 2431 .
1232 2384 1295 2432 .‘»
1312 2378 1366 2433 317

186 2488 247 2539 216.
267 2486 359 2539 Etiam
380 2502 427 2539 reo
447 2486 572 2539 confesso
591 2486 733 2555 integrum
752 2489 795 2539 est
813 2500 844 2539 se
859 2485 1007 2540 defendere
1008 2524 1239 2539 ......
1277 2484 1366 2541 »318

186 2593 246 2646 247.
268 2591 296 2645 ln
316 2608 371 2662 quo
390 2593 524 2645 consistat
542 2593 621 2644 favor
641 2589 810 2645 defensionis
829 2629 1236 2644 ..........
1275 2589 1364 2645 »319

186 2700 246 2752 218,
267 2699 326 2754 Reo
337 2699 511 2768 deputandus
522 2707 565 2752 eet
577 2696 704 2752 defensor
718 2713 752 2750 ne
766 2697 924 2751 indefensus
936 2697 1136 2753 condemnetur
1145 2714 1242 2768 quam-

294 2807 335 2859 vis
354 2807 559 2876 perseipsum
578 2821 607 2858 se
626 2803 774 2858 defendere
794 2804 888 2858 valeat
919 2844 1241 2858 ........
1279 2821 1296 2860 a
1326 2806 1365 2858 ib.

188 2883 252 2965 249]
269 2912 396 2982 Libertas
414 2913 596 2982 relinquenda
615 2916 658 2965 est
677 2928 725 2966 reo
743 2910 902 2982 alloquendi
919 2927 999 2964 anum
1013 2911 1194 2966 defensorem.
1233 2950 1239 2964 .
1277 2926 1295 2966 a
1313 2910 1367 2964 320

189 3019 248 3072 250.
268 3018 298 3072 In
316 3019 472 3088 agitatione
490 3034 590 3072 causae
610 3017 769 3073 immediate
789 3023 856 3071 ante
874 3019 1043 3071 sententiam
1059 3017 1240 3081 definitivam,

294 3129 425 3178 accusato
434 3123 479 3178 vel
492 3124 552 3177 eius
565 3123 702 3178 defensori
714 3121 896 3192 relinquenda
905 3120 1062 3186 est,uitimo
1075 3121 1240 3187 100010001-

293 3236 337 3284 tes
357 3230 486 3300 loquendi
516 3265 1238 3285 .................
1277 3244 1294 3284 1
1325 3230 1362 3282 11.

177 3338 247 3392 251.
269 3337 398 3392 Defensio
416 3335 545 3390 ordinate
563 3336 597 3389 ad
616 3335 806 3404 repellendum
820 3339 1010 3389 accusatorem
1021 3334 1119 3389 estvel
1132 3337 1240 3389 directo

295 3443 341 3497 vel
360 3445 506 3498 indirecta.
528 3441 610 3496 ludex
630 3443 754 3495 recusari
778 3440 854 3495 vaiet
875 3441 960 3495 etiam
979 3444 1008 3494 in
1027 3442 1106 3495 mim.
1144 3480 1150 3492 .
1188 3480 1194 3492 .
1233 3481 1239 3492 .
1278 3439 1362 3496 »321

189 3551 249 3604 252.
270 3549 437 3614 Positiones,
456 3547 577 3614 articuli,
604 3547 703 3618 capita
742 3585 1238 3599 ............
1277 3545 1367 3600 »322

188 3656 248 3710 253.
269 3655 308 3708 De
328 3655 518 3724 publicatione
537 3669 680 3722 processus
699 3654 827 3724 offensioi
844 3658 873 3706 et
891 3652 1032 3720 deserimini
1054 3688 1238 3704 .....
1276 3650 1366 3706 »324

697 3879 792 3932 Gneus
811 3877 857 3930 IV.

217 4036 249 4068 DE
264 4036 403 4069 sententia
421 4037 561 4069 narratura
579 4035 623 4067 VEL
641 4032 855 4068 lermoennum
872 4029 1085 4064 comanitarum
1097 4030 1143 4063 vat.
1154 4029 1333 4064 anonumu-

188 4199 248 4253 254.
267 4201 351 4255 ludex
370 4201 399 4253 in
419 4200 595 4270 expediendis
614 4199 822 4270 quaestionibus
841 4197 900 4250 sire
918 4197 1084 4250 incidentem
1095 4196 1154 4250 aive
1174 4195 1240 4250 defi·

295 4305 411 4358 nitivam
432 4306 491 4361 edit
508 4307 676 4360 sententiam
696 4340 1192 4358 ............
1226 4317 1292 4371 pap.
1312 4300 1366 4354 326

187 4411 247 4466 255.
269 4412 343 4466 Haec
363 4419 406 4467 est
424 4418 474 4467 aut
492 4414 710 4466 contradictoria
730 4416 778 4465 erit
797 4411 1012 4464 contumacialie
1013 4448 1247 4462 ......
1286 4422 1303 4464 tt
1337 4408 1365 4462 ib
