3350 5100
321 314 386 383 698
747 332 853 380 ruusx
876 334 1080 382 sinorrscus

322 458 381 513 181.
403 458 565 528 Explicatur
577 456 715 529 quomodo
728 472 873 525 processus
892 456 1082 509 accusatorius
1100 454 1283 525 inquisitione
1300 453 1379 507 edhi-

428 568 528 621 beatur
546 565 631 619 etiam
652 566 679 617 in
700 562 791 618 causis
810 563 1005 633 spiritualibus
1022 567 1061 627 et,
1074 580 1137 617 cum
1156 563 1263 632 primis,
1276 563 1306 617 in
1318 578 1375 615 ma·

428 672 635 727 trimonialibus
650 708 1377 725 .................
1417 686 1432 719 a
1451 665 1509 721 243

324 780 384 834 182.
404 779 443 833 Dc
462 779 675 849 exceptionibus
695 816 1197 833 ............
1223 748 1243 829 ¹.
1280 816 1288 830 .
1326 816 1332 827 .
1369 815 1377 827 .
1415 776 1509 830 »844

322 882 381 940 183.
403 884 442 939 De
460 886 614 953 monitione
633 886 768 939 canonica
786 890 816 941 et
835 890 985 954 praecepto
1010 920 1377 939 .........
1415 900 1432 935 a
1450 880 1510 935 245

847 1098 943 1153 Garun
960 1098 980 1152 1.

485 1254 515 1286 ns
532 1253 607 1287 nonu
623 1254 715 1293 cursus
733 1230 886 1288 cesseram
902 1253 1070 1288 unucmrue
1088 1252 1164 1288 acuo
1181 1252 1333 1287 amusim

322 1419 379 1474 181.
403 1419 568 1475 Declaratur
586 1424 678 1475 statue
695 1420 869 1492 quaestionis
881 1456 1335 1474 ...........
1364 1434 1430 1489 ρῳ.
1449 1417 1517 1475 818,

323 1526 380 1580 185.
401 1526 441 1581 De
459 1526 650 1582 transactione
667 1542 715 1582 seu
735 1525 769 1581 tls
788 1526 952 1582 remissione
965 1563 1374 1579 ..........
1412 1542 1428 1577 a
1446 1522 1507 1579 819

323 1632 381 1687 186.
402 1632 442 1689 De
460 1634 669 1703 compositione.
690 1633 730 1688 De
747 1633 915 1699 abolitione,
933 1648 983 1687 seu
1001 1633 1037 1689 ‹le
1054 1634 1280 1703 dispensatione,
1297 1633 1379 1687 abeo·

428 1740 536 1795 lutione
555 1746 585 1795 et
602 1729 711 1795 indulto
741 1778 1373 1796 ...............
1411 1754 1429 1793 n
1460 1738 1505 1793 ib.

322 1845 382 1903 187.
401 1847 440 1903 De
459 1848 687 1919 praescriptione.
706 1848 865 1918 Conceptus
875 1854 906 1904 et
917 1846 1130 1903 fundamentum
1147 1847 1376 1917 praescriptionis

429 1955 457 2009 in
477 1971 508 2011 re
526 1954 637 2025 poenab
653 1992 1375 2007 .................
1413 1970 1430 2005 a
1448 1952 1507 2007 252

320 2060 379 2115 188.
400 2062 445 2115 An
464 2060 533 2115 baec
552 2060 716 2115 admittetur
735 2062 796 2115 iure
814 2059 915 2115 eccles.
935 2059 1099 2129 Explicatur
1117 2061 1161 2115 ins
1179 2060 1330 2129 positivum
1365 2100 1372 2110 .
1409 2077 1427 2113 »
1444 2056 1505 2113 253

322 2166 381 2222 189.
401 2166 440 2222 De
459 2166 678 2237 praescriptione
698 2182 804 2237 poenae
832 2204 1375 2221 .............
1412 2165 1506 2221 »258
1610 2194 1614 2201 ·

320 2274 380 2329 190.
401 2274 440 2329 De
458 2274 503 2329 die
515 2290 533 2328 a
545 2291 601 2345 quo
618 2274 708 2328 currit
726 2275 917 2345 praescriptio.
932 2274 1050 2336 Quando
1067 2273 1138 2330 baec
1152 2275 1374 2344 intemumpemr

426 2384 456 2435 et
474 2380 667 2449 suspendetur.
687 2378 726 2435 De
745 2379 806 2434 iure
825 2380 899 2451 asyli
918 2420 1374 2434 ...........
1412 2380 1505 2434 »260

321 2486 380 2543 191.
400 2486 439 2541 De
458 2487 598 2542 sententie
615 2486 792 2542 absolutoria
828 2526 1372 2542 .............
1409 2502 1428 2541 a
1445 2486 1505 2543 m

323 2591 380 2645 192.
399 2591 497 2647 Cesset
508 2591 584 2645 ectio
596 2589 751 2646 criminalis
763 2597 854 2646 morte
867 2591 1003 2647 accusati.
1014 2593 1057 2646 An
1071 2558 1226 2661 perimatur
1238 2591 1374 2646 instantia

427 2703 517 2753 morte
534 2699 705 2754 accusatoris
722 2703 753 2753 et
769 2698 803 2752 de
823 2699 1014 2767 peremptione
1032 2698 1232 2753 imtentiarum
1277 2739 1284 2750 .
1321 2736 1329 2751 .
1365 2735 1372 2749 .
1410 2714 1428 2754 »
1456 2698 1502 2782 ib.

790 2947 950 3003 TITULUS
984 2947 1028 3002 1v.

337 3141 373 3180 DE
388 3141 526 3180 eenricus
540 3141 791 3191 PROORSSUALlBUS,
804 3139 905 3188 Quietis
917 3141 1095 3182 neormam
1108 3155 1119 3168 ·
1130 3143 1184 3182 SEU
1204 3144 1241 3182 eo
1258 3143 1456 3183 SUBSUNTIA!
1470 3157 1483 3170 ·

676 3248 803 3288 CONSTA'I'
823 3249 956 3288 111111οΙ111
974 3249 1145 3290 cucumam.

324 3445 379 3500 193.
401 3447 439 3501 De
457 3446 662 3500 conditionibus
682 3446 785 3501 indicio
800 3446 941 3502 criminali
960 3451 1128 3502 neceeeoctie
1145 3465 1181 3502 ex
1199 3453 1279 3516 parte
1297 3451 1373 3503 acto·

428 3568 487 3606 rum
516 3591 1330 3609 ...................
1359 3573 1425 3626 pap.
1444 3555 1499 3610 883

322 3661 379 3714 194.
399 3663 442 3714 An
462 3664 491 3714 et
509 3660 648 3730 quomodo
666 3661 729 3714 istis
747 3659 955 3714 conditionibus
973 3660 1129 3714 mtisteciet
1146 3677 1291 3730 processus
1304 3677 1373 3731 pure

426 3768 605 3838 inquisitiuus
651 3805 1373 3825 .................
1410 3788 1427 3824 e
1456 3771 1497 3826 ib.

323 3874 379 3930 195.
397 3876 440 3930 ·De
459 3891 588 3944 processu
605 3879 759 3930 nummario
778 3881 808 3932 et
825 3878 944 3948 sancolt
962 3915 1372 3931 ..........
1409 3896 1427 3934 a
1445 3879 1500 3933 284

321 3981 380 4037 196.
399 3985 443 4035 An
463 3983 615 4037 instructio
633 3982 659 4036 S.
679 3981 707 4038 (1.
728 3983 783 4037 litt.
796 3988 825 4038 et
840 3985 900 4039 1111.
914 3984 959 4039 die
976 3985 1002 4036 11
1020 3984 1078 4038 lun.
1096 3985 1372 4052 resuscitantem

425 4093 475 4142 eut
490 4091 674 4160 praeceptiva
695 4129 1369 4145 ................
1407 4111 1425 4148 n
1443 4093 1500 4148 285

321 4193 379 4249 197.
400 4197 438 4248 At
459 4196 485 4249 in
506 4196 593 4264 gradu
614 4197 811 4266 appellationis
829 4199 933 4253 serrari
953 4199 1038 4254 debet
1054 4204 1149 4270 formo
1167 4203 1333 4266 eummuffa
1346 4201 1370 4253 si

426 4295 495 4354 baec
513 4305 625 4355 servata
642 4301 727 4356 fuerit
746 4301 772 4355 in
794 4304 884 4370 prima
902 4303 1039 4357 instantia
1052 4341 1371 4357 ........
1408 4304 1499 4360 »880
