<?xml version="1.0" encoding="UTF-8"?>
<!DOCTYPE html PUBLIC "-//W3C//DTD XHTML 1.0 Transitional//EN"
    "http://www.w3.org/TR/xhtml1/DTD/xhtml1-transitional.dtd">
<html xmlns="http://www.w3.org/1999/xhtml" xml:lang="en" lang="en">
 <head>
  <title>
</title>
<meta http-equiv="Content-Type" content="text/html;charset=utf-8" />
  <meta name='ocr-system' content='tesseract 3.04.00' />
  <meta name='ocr-capabilities' content='ocr_page ocr_carea ocr_par ocr_line ocrx_word'/>
</head>
<body>
  <div class='ocr_page' id='page_1' title='image "./praelectionesin00legagoog_0662.png"; bbox 0 0 3350 5100; ppageno 0'>
   <div class='ocr_carea' id='block_1_1' title="bbox 312 320 1030 389">
    <p class='ocr_par' dir='ltr' id='par_1_1' title="bbox 312 320 1030 389">
     <span class='ocr_line' id='line_1_1' title="bbox 312 320 1030 389; baseline 0.001 -2"><span class='ocrx_word' id='word_1_1' title='bbox 312 320 379 388; x_wconf 88' lang='grc'><strong>6611</strong></span> <span class='ocrx_word' id='word_1_2' title='bbox 780 340 888 388; x_wconf 82' lang='lat' dir='ltr'><strong>tuuax</strong></span> <span class='ocrx_word' id='word_1_3' title='bbox 912 340 1030 389; x_wconf 80' lang='lat' dir='ltr'><strong>annuat</strong></span> 
     </span>
    </p>
   </div>
   <div class='ocr_carea' id='block_1_2' title="bbox 248 460 1498 4524">
    <p class='ocr_par' dir='ltr' id='par_1_2' title="bbox 311 460 1496 2313">
     <span class='ocr_line' id='line_1_2' title="bbox 314 460 1494 531; baseline 0.001 -16"><span class='ocrx_word' id='word_1_4' title='bbox 314 492 330 503; x_wconf 95' lang='lat'><em>-</em></span> <span class='ocrx_word' id='word_1_5' title='bbox 344 461 459 523; x_wconf 76' lang='lat' dir='ltr'><strong>Quando</strong></span> <span class='ocrx_word' id='word_1_6' title='bbox 472 477 506 516; x_wconf 82' lang='lat' dir='ltr'><strong>ex</strong></span> <span class='ocrx_word' id='word_1_7' title='bbox 519 462 580 515; x_wconf 92' lang='lat' dir='ltr'><strong>iure</strong></span> <span class='ocrx_word' id='word_1_8' title='bbox 599 462 719 531; x_wconf 81' lang='lat' dir='ltr'><strong>poeitiro</strong></span> <span class='ocrx_word' id='word_1_9' title='bbox 734 476 788 515; x_wconf 93' lang='lat' dir='ltr'><strong>non</strong></span> <span class='ocrx_word' id='word_1_10' title='bbox 802 476 877 515; x_wconf 89' lang='lat' dir='ltr'><strong>eom·</strong></span> <span class='ocrx_word' id='word_1_11' title='bbox 932 462 972 515; x_wconf 89' lang='lat' dir='ltr'><strong>tio</strong></span> <span class='ocrx_word' id='word_1_12' title='bbox 992 462 1040 516; x_wconf 86' lang='lat' dir='ltr'><strong>aed</strong></span> <span class='ocrx_word' id='word_1_13' title='bbox 1060 469 1170 516; x_wconf 90' lang='lat' dir='ltr'><strong>tautum</strong></span> <span class='ocrx_word' id='word_1_14' title='bbox 1189 478 1324 517; x_wconf 73' lang='lat' dir='ltr'><strong>recurras</strong></span> <span class='ocrx_word' id='word_1_15' title='bbox 1341 460 1494 516; x_wconf 82' lang='lat' dir='ltr'><strong>adsedem</strong></span> 
     </span>
     <span class='ocr_line' id='line_1_3' title="bbox 314 530 1494 603; baseline -0.002 -16"><span class='ocrx_word' id='word_1_16' title='bbox 314 540 393 603; x_wconf 86' lang='lat' dir='ltr'><strong>petat</strong></span> <span class='ocrx_word' id='word_1_17' title='bbox 419 532 588 603; x_wconf 75' lang='lat' dir='ltr'><strong>appellatio,</strong></span> <span class='ocrx_word' id='word_1_18' title='bbox 617 548 679 601; x_wconf 74' lang='lat' dir='ltr'><strong>pag.</strong></span> <span class='ocrx_word' id='word_1_19' title='bbox 709 530 769 586; x_wconf 81' lang='lat'>335.</span> <span class='ocrx_word' id='word_1_20' title='bbox 794 562 809 573; x_wconf 96' lang='lat'>-</span> <span class='ocrx_word' id='word_1_21' title='bbox 837 532 877 586; x_wconf 83' lang='lat' dir='ltr'><strong>De</strong></span> <span class='ocrx_word' id='word_1_22' title='bbox 932 536 1039 602; x_wconf 81' lang='lat' dir='ltr'><strong>Apoat,</strong></span> <span class='ocrx_word' id='word_1_23' title='bbox 1058 550 1120 603; x_wconf 76' lang='lat' dir='ltr'><strong>pag.</strong></span> <span class='ocrx_word' id='word_1_24' title='bbox 1139 533 1291 587; x_wconf 80' lang='grc'><strong>457.-866</strong></span> <span class='ocrx_word' id='word_1_25' title='bbox 1310 531 1494 601; x_wconf 68' lang='lat' dir='ltr'><strong>appellationi</strong></span> 
     </span>
     <span class='ocr_line' id='line_1_4' title="bbox 313 603 1495 675; baseline -0.002 -15"><span class='ocrx_word' id='word_1_26' title='bbox 313 604 460 660; x_wconf 74' lang='lat' dir='ltr'><strong>effectibus</strong></span> <span class='ocrx_word' id='word_1_27' title='bbox 485 603 529 659; x_wconf 86' lang='lat' dir='ltr'><strong>vel</strong></span> <span class='ocrx_word' id='word_1_28' title='bbox 548 606 712 674; x_wconf 73' lang='lat' dir='ltr'><strong>suspensivo</strong></span> <span class='ocrx_word' id='word_1_29' title='bbox 730 603 774 658; x_wconf 82' lang='lat' dir='ltr'><strong>vel</strong></span> <span class='ocrx_word' id='word_1_30' title='bbox 793 606 876 659; x_wconf 84' lang='lat' dir='ltr'><strong>deno-</strong></span> <span class='ocrx_word' id='word_1_31' title='bbox 930 605 1091 660; x_wconf 87' lang='lat' dir='ltr'><strong>ordinariae</strong></span> <span class='ocrx_word' id='word_1_32' title='bbox 1108 610 1152 659; x_wconf 85' lang='lat' dir='ltr'><strong>eat</strong></span> <span class='ocrx_word' id='word_1_33' title='bbox 1170 605 1249 657; x_wconf 87' lang='lat' dir='ltr'><strong>locua</strong></span> <span class='ocrx_word' id='word_1_34' title='bbox 1260 606 1284 657; x_wconf 84' lang='lat' dir='ltr'><strong>ai</strong></span> <span class='ocrx_word' id='word_1_35' title='bbox 1297 604 1391 675; x_wconf 85' lang='lat' dir='ltr'><strong>aliqua</strong></span> <span class='ocrx_word' id='word_1_36' title='bbox 1403 606 1495 658; x_wconf 84' lang='lat' dir='ltr'><strong>anbait</strong></span> 
     </span>
     <span class='ocr_line' id='line_1_5' title="bbox 315 675 1493 746; baseline -0.002 -15"><span class='ocrx_word' id='word_1_37' title='bbox 315 678 402 731; x_wconf 75' lang='lat' dir='ltr'><strong>latice</strong></span> <span class='ocrx_word' id='word_1_38' title='bbox 428 675 642 745; x_wconf 75' lang='lat' dir='ltr'><strong>appellationis,</strong></span> <span class='ocrx_word' id='word_1_39' title='bbox 660 678 695 734; x_wconf 83' lang='lat' dir='ltr'><strong>u.</strong></span> <span class='ocrx_word' id='word_1_40' title='bbox 719 690 758 745; x_wconf 78' lang='lat' dir='ltr'><strong>aq.</strong></span> <span class='ocrx_word' id='word_1_41' title='bbox 780 704 795 717; x_wconf 94' lang='lat'>-</span> <span class='ocrx_word' id='word_1_42' title='bbox 822 676 878 731; x_wconf 85' lang='lat' dir='ltr'><strong>Per</strong></span> <span class='ocrx_word' id='word_1_43' title='bbox 931 676 1110 731; x_wconf 84' lang='lat' dir='ltr'><strong>incidentalia</strong></span> <span class='ocrx_word' id='word_1_44' title='bbox 1128 692 1223 740; x_wconf 85' lang='lat' dir='ltr'><strong>cauea,</strong></span> <span class='ocrx_word' id='word_1_45' title='bbox 1240 677 1277 729; x_wconf 82' lang='grc'><strong>111.</strong></span> <span class='ocrx_word' id='word_1_46' title='bbox 1294 690 1334 746; x_wconf 76' lang='lat' dir='ltr'><strong>eq.</strong></span> <span class='ocrx_word' id='word_1_47' title='bbox 1348 704 1359 715; x_wconf 93' lang='lat'><strong>·</strong></span> <span class='ocrx_word' id='word_1_48' title='bbox 1372 675 1493 737; x_wconf 81' lang='lat' dir='ltr'><strong>Quinam</strong></span> 
     </span>
     <span class='ocr_line' id='line_1_6' title="bbox 313 746 1495 816; baseline -0.001 -15"><span class='ocrx_word' id='word_1_49' title='bbox 313 764 454 803; x_wconf 76' lang='lat' dir='ltr'><strong>recursum</strong></span> <span class='ocrx_word' id='word_1_50' title='bbox 480 764 529 801; x_wconf 83' lang='lat' dir='ltr'><strong>eeu</strong></span> <span class='ocrx_word' id='word_1_51' title='bbox 548 746 765 815; x_wconf 87' lang='lat' dir='ltr'><strong>appellationem</strong></span> <span class='ocrx_word' id='word_1_52' title='bbox 785 750 879 801; x_wconf 80' lang='lat' dir='ltr'><strong>extra-</strong></span> <span class='ocrx_word' id='word_1_53' title='bbox 930 748 969 801; x_wconf 89' lang='lat' dir='ltr'><strong>ait</strong></span> <span class='ocrx_word' id='word_1_54' title='bbox 998 748 1081 801; x_wconf 85' lang='lat' dir='ltr'><strong>iudea</strong></span> <span class='ocrx_word' id='word_1_55' title='bbox 1112 747 1312 816; x_wconf 87' lang='lat' dir='ltr'><strong>appellationia</strong></span> <span class='ocrx_word' id='word_1_56' title='bbox 1342 748 1372 801; x_wconf 89' lang='lat' dir='ltr'><strong>in</strong></span> <span class='ocrx_word' id='word_1_57' title='bbox 1401 748 1495 801; x_wconf 79' lang='lat' dir='ltr'><strong>caucia</strong></span> 
     </span>
     <span class='ocr_line' id='line_1_7' title="bbox 312 816 1496 887; baseline -0.001 -14"><span class='ocrx_word' id='word_1_58' title='bbox 312 818 471 873; x_wconf 89' lang='lat' dir='ltr'><strong>iudicialem</strong></span> <span class='ocrx_word' id='word_1_59' title='bbox 491 819 589 886; x_wconf 91' lang='lat' dir='ltr'><strong>impeti</strong></span> <span class='ocrx_word' id='word_1_60' title='bbox 615 824 730 887; x_wconf 69' lang='lat' dir='ltr'><strong>poenum</strong></span> <span class='ocrx_word' id='word_1_61' title='bbox 754 818 878 873; x_wconf 89' lang='lat' dir='ltr'><strong>remedia</strong></span> <span class='ocrx_word' id='word_1_62' title='bbox 930 820 1099 884; x_wconf 85' lang='lat' dir='ltr'><strong>matrimon,</strong></span> <span class='ocrx_word' id='word_1_63' title='bbox 1127 835 1191 887; x_wconf 75' lang='lat' dir='ltr'><strong>pag.</strong></span> <span class='ocrx_word' id='word_1_64' title='bbox 1218 818 1280 871; x_wconf 90' lang='grc'><strong>468.</strong></span> <span class='ocrx_word' id='word_1_65' title='bbox 1301 845 1313 857; x_wconf 89' lang='grc'><em>·</em></span> <span class='ocrx_word' id='word_1_66' title='bbox 1335 816 1375 872; x_wconf 85' lang='lat' dir='ltr'><strong>De</strong></span> <span class='ocrx_word' id='word_1_67' title='bbox 1400 817 1496 872; x_wconf 75' lang='lat' dir='ltr'><strong>officio</strong></span> 
     </span>
     <span class='ocr_line' id='line_1_8' title="bbox 313 888 1496 960; baseline 0 -16"><span class='ocrx_word' id='word_1_68' title='bbox 313 890 444 960; x_wconf 83' lang='lat' dir='ltr'><strong>poenalia</strong></span> <span class='ocrx_word' id='word_1_69' title='bbox 471 888 708 955; x_wconf 82' lang='lat' dir='ltr'><strong>eatraindiciaiia,</strong></span> <span class='ocrx_word' id='word_1_70' title='bbox 736 888 784 943; x_wconf 82' lang='lat' dir='ltr'><strong>aed</strong></span> <span class='ocrx_word' id='word_1_71' title='bbox 812 906 877 943; x_wconf 91' lang='lat' dir='ltr'><strong>cum</strong></span> <span class='ocrx_word' id='word_1_72' title='bbox 928 890 1083 945; x_wconf 85' lang='lat' dir='ltr'><strong>delenaoria</strong></span> <span class='ocrx_word' id='word_1_73' title='bbox 1100 890 1271 944; x_wconf 87' lang='lat' dir='ltr'><strong>matrimonii</strong></span> <span class='ocrx_word' id='word_1_74' title='bbox 1283 889 1374 959; x_wconf 91' lang='lat' dir='ltr'><strong>quoad</strong></span> <span class='ocrx_word' id='word_1_75' title='bbox 1391 906 1496 944; x_wconf 85' lang='lat' dir='ltr'><strong>manua</strong></span> 
     </span>
     <span class='ocr_line' id='line_1_9' title="bbox 313 960 1496 1031; baseline 0.001 -16"><span class='ocrx_word' id='word_1_76' title='bbox 313 963 414 1016; x_wconf 81' lang='lat' dir='ltr'><strong>all‘ectu</strong></span> <span class='ocrx_word' id='word_1_77' title='bbox 428 968 538 1015; x_wconf 74' lang='lat' dir='ltr'><strong>tantumn</strong></span> <span class='ocrx_word' id='word_1_78' title='bbox 551 960 722 1025; x_wconf 80' lang='lat' dir='ltr'><strong>devolutivo,</strong></span> <span class='ocrx_word' id='word_1_79' title='bbox 736 976 798 1030; x_wconf 78' lang='lat' dir='ltr'><strong>pag.</strong></span> <span class='ocrx_word' id='word_1_80' title='bbox 813 960 876 1015; x_wconf 88' lang='grc'><strong>361.</strong></span> <span class='ocrx_word' id='word_1_81' title='bbox 929 962 1149 1031; x_wconf 88' lang='lat' dir='ltr'><strong>appeliationem</strong></span> <span class='ocrx_word' id='word_1_82' title='bbox 1158 961 1496 1031; x_wconf 71' lang='lat' dir='ltr'><strong>interponendi,pag.475</strong></span> 
     </span>
     <span class='ocr_line' id='line_1_10' title="bbox 312 1031 1493 1104; baseline 0 -19"><span class='ocrx_word' id='word_1_83' title='bbox 312 1032 391 1086; x_wconf 84' lang='lat' dir='ltr'><strong>-cui</strong></span> <span class='ocrx_word' id='word_1_84' title='bbox 405 1031 588 1101; x_wconf 81' lang='lat' dir='ltr'><strong>appellationi</strong></span> <span class='ocrx_word' id='word_1_85' title='bbox 608 1032 692 1085; x_wconf 82' lang='lat' dir='ltr'><strong>Curia</strong></span> <span class='ocrx_word' id='word_1_86' title='bbox 710 1032 818 1087; x_wconf 81' lang='lat' dir='ltr'><strong>deterre</strong></span> <span class='ocrx_word' id='word_1_87' title='bbox 830 1032 878 1088; x_wconf 90' lang='lat' dir='ltr'><strong>da-</strong></span> <span class='ocrx_word' id='word_1_88' title='bbox 929 1050 986 1104; x_wconf 88' lang='lat' dir='ltr'><strong>aeq.</strong></span> <span class='ocrx_word' id='word_1_89' title='bbox 999 1061 1013 1075; x_wconf 92' lang='lat'><strong>·</strong></span> <span class='ocrx_word' id='word_1_90' title='bbox 1024 1033 1141 1097; x_wconf 78' lang='lat' dir='ltr'><strong>Quando</strong></span> <span class='ocrx_word' id='word_1_91' title='bbox 1152 1040 1183 1088; x_wconf 89' lang='lat' dir='ltr'><strong>et</strong></span> <span class='ocrx_word' id='word_1_92' title='bbox 1200 1032 1337 1103; x_wconf 91' lang='lat' dir='ltr'><strong>quomodo</strong></span> <span class='ocrx_word' id='word_1_93' title='bbox 1354 1032 1415 1087; x_wconf 89' lang='lat' dir='ltr'><strong>lieri</strong></span> <span class='ocrx_word' id='word_1_94' title='bbox 1431 1048 1493 1102; x_wconf 65' lang='lat' dir='ltr'><strong>poe</strong></span> 
     </span>
     <span class='ocr_line' id='line_1_11' title="bbox 313 1102 1495 1173; baseline -0.001 -15"><span class='ocrx_word' id='word_1_95' title='bbox 313 1106 370 1169; x_wconf 92' lang='lat' dir='ltr'><strong>bet,</strong></span> <span class='ocrx_word' id='word_1_96' title='bbox 382 1102 524 1173; x_wconf 85' lang='lat' dir='ltr'><strong>probando</strong></span> <span class='ocrx_word' id='word_1_97' title='bbox 542 1103 614 1173; x_wconf 92' lang='lat' dir='ltr'><strong>apud</strong></span> <span class='ocrx_word' id='word_1_98' title='bbox 627 1104 785 1172; x_wconf 84' lang='lat' dir='ltr'><strong>anperioree</strong></span> <span class='ocrx_word' id='word_1_99' title='bbox 796 1120 876 1157; x_wconf 87' lang='lat' dir='ltr'><strong>anam</strong></span> <span class='ocrx_word' id='word_1_100' title='bbox 928 1107 967 1158; x_wconf 82' lang='lat' dir='ltr'><strong>ait</strong></span> <span class='ocrx_word' id='word_1_101' title='bbox 984 1104 1029 1159; x_wconf 83' lang='lat' dir='ltr'><strong>vel</strong></span> <span class='ocrx_word' id='word_1_102' title='bbox 1048 1104 1150 1159; x_wconf 81' lang='grc'><strong>665661</strong></span> <span class='ocrx_word' id='word_1_103' title='bbox 1169 1103 1336 1173; x_wconf 77' lang='lat' dir='ltr'><strong>appellatio.</strong></span> <span class='ocrx_word' id='word_1_104' title='bbox 1355 1120 1420 1173; x_wconf 68' lang='lat' dir='ltr'><strong>pag.</strong></span> <span class='ocrx_word' id='word_1_105' title='bbox 1439 1104 1495 1157; x_wconf 88' lang='grc'><strong>508</strong></span> 
     </span>
     <span class='ocr_line' id='line_1_12' title="bbox 312 1174 1494 1247; baseline 0 -18"><span class='ocrx_word' id='word_1_106' title='bbox 312 1176 413 1245; x_wconf 70' lang='lat' dir='ltr'><strong>agendi</strong></span> <span class='ocrx_word' id='word_1_107' title='bbox 443 1176 595 1240; x_wconf 90' lang='lat' dir='ltr'><strong>rationem,</strong></span> <span class='ocrx_word' id='word_1_108' title='bbox 623 1190 685 1245; x_wconf 79' lang='lat' dir='ltr'><strong>pag.</strong></span> <span class='ocrx_word' id='word_1_109' title='bbox 713 1174 775 1228; x_wconf 88' lang='grc'><strong>362.</strong></span> <span class='ocrx_word' id='word_1_110' title='bbox 795 1204 810 1215; x_wconf 97' lang='grc'>-</span> <span class='ocrx_word' id='word_1_111' title='bbox 838 1176 877 1231; x_wconf 86' lang='lat' dir='ltr'><strong>De</strong></span> <span class='ocrx_word' id='word_1_112' title='bbox 928 1192 985 1247; x_wconf 88' lang='lat' dir='ltr'><strong>aeq.</strong></span> <span class='ocrx_word' id='word_1_113' title='bbox 1004 1204 1016 1216; x_wconf 92' lang='lat'>·</span> <span class='ocrx_word' id='word_1_114' title='bbox 1038 1176 1198 1245; x_wconf 81' lang='lat' dir='ltr'><strong>Appellatio</strong></span> <span class='ocrx_word' id='word_1_115' title='bbox 1222 1176 1347 1229; x_wconf 89' lang='lat' dir='ltr'><strong>retardat</strong></span> <span class='ocrx_word' id='word_1_116' title='bbox 1370 1177 1406 1229; x_wconf 87' lang='lat' dir='ltr'><strong>ab</strong></span> <span class='ocrx_word' id='word_1_117' title='bbox 1424 1191 1494 1229; x_wconf 86' lang='lat' dir='ltr'><strong>exe·</strong></span> 
     </span>
     <span class='ocr_line' id='line_1_13' title="bbox 331 1245 1494 1316; baseline 0.001 -17"><span class='ocrx_word' id='word_1_118' title='bbox 331 1262 442 1301; x_wconf 86' lang='lat' dir='ltr'><strong>rooeeau</strong></span> <span class='ocrx_word' id='word_1_119' title='bbox 461 1245 599 1301; x_wconf 75' lang='lat' dir='ltr'><strong>servando</strong></span> <span class='ocrx_word' id='word_1_120' title='bbox 618 1247 647 1299; x_wconf 91' lang='lat' dir='ltr'><strong>in</strong></span> <span class='ocrx_word' id='word_1_121' title='bbox 672 1262 757 1299; x_wconf 77' lang='lat' dir='ltr'><strong>cauca</strong></span> <span class='ocrx_word' id='word_1_122' title='bbox 781 1247 878 1316; x_wconf 89' lang='lat' dir='ltr'><strong>appal-</strong></span> <span class='ocrx_word' id='word_1_123' title='bbox 928 1248 1042 1302; x_wconf 89' lang='lat' dir='ltr'><strong>cutione</strong></span> <span class='ocrx_word' id='word_1_124' title='bbox 1059 1264 1205 1301; x_wconf 82' lang='lat' dir='ltr'><strong>censuram</strong></span> <span class='ocrx_word' id='word_1_125' title='bbox 1229 1248 1427 1300; x_wconf 76' lang='lat' dir='ltr'><strong>comminatam</strong></span> <span class='ocrx_word' id='word_1_126' title='bbox 1446 1246 1494 1302; x_wconf 83' lang='lat' dir='ltr'><strong>rel</strong></span> 
     </span>
     <span class='ocr_line' id='line_1_14' title="bbox 323 1317 1493 1389; baseline -0.001 -18"><span class='ocrx_word' id='word_1_127' title='bbox 323 1318 435 1383; x_wconf 86' lang='lat' dir='ltr'><strong>ationie,</strong></span> <span class='ocrx_word' id='word_1_128' title='bbox 455 1334 517 1387; x_wconf 77' lang='lat' dir='ltr'><strong>pag.</strong></span> <span class='ocrx_word' id='word_1_129' title='bbox 536 1318 590 1369; x_wconf 89' lang='grc'><strong>412</strong></span> <span class='ocrx_word' id='word_1_130' title='bbox 607 1334 648 1389; x_wconf 84' lang='lat' dir='ltr'><strong>eq.</strong></span> <span class='ocrx_word' id='word_1_131' title='bbox 660 1348 676 1358; x_wconf 95' lang='lat'>-</span> <span class='ocrx_word' id='word_1_132' title='bbox 696 1318 735 1370; x_wconf 84' lang='lat' dir='ltr'><strong>Ea</strong></span> <span class='ocrx_word' id='word_1_133' title='bbox 754 1317 878 1387; x_wconf 87' lang='lat' dir='ltr'><strong>interpo-</strong></span> <span class='ocrx_word' id='word_1_134' title='bbox 929 1319 1054 1373; x_wconf 84' lang='lat' dir='ltr'><strong>eamdem</strong></span> <span class='ocrx_word' id='word_1_135' title='bbox 1072 1320 1186 1388; x_wconf 87' lang='lat' dir='ltr'><strong>pauitna</strong></span> <span class='ocrx_word' id='word_1_136' title='bbox 1208 1318 1296 1383; x_wconf 83' lang='grc'><strong>161111,</strong></span> <span class='ocrx_word' id='word_1_137' title='bbox 1318 1334 1381 1387; x_wconf 71' lang='lat' dir='ltr'><strong>pag.</strong></span> <span class='ocrx_word' id='word_1_138' title='bbox 1399 1317 1463 1371; x_wconf 85' lang='grc'><strong>514.</strong></span> <span class='ocrx_word' id='word_1_139' title='bbox 1479 1344 1493 1361; x_wconf 91' lang='lat'><strong>·</strong></span> 
     </span>
     <span class='ocr_line' id='line_1_15' title="bbox 312 1388 1493 1459; baseline 0 -16"><span class='ocrx_word' id='word_1_140' title='bbox 312 1390 388 1443; x_wconf 91' lang='lat' dir='ltr'><strong>nitur</strong></span> <span class='ocrx_word' id='word_1_141' title='bbox 407 1388 479 1457; x_wconf 89' lang='lat' dir='ltr'><strong>apud</strong></span> <span class='ocrx_word' id='word_1_142' title='bbox 498 1388 627 1453; x_wconf 87' lang='lat' dir='ltr'><strong>iudicem,</strong></span> <span class='ocrx_word' id='word_1_143' title='bbox 643 1389 751 1443; x_wconf 85' lang='lat' dir='ltr'><strong>ratione</strong></span> <span class='ocrx_word' id='word_1_144' title='bbox 767 1392 877 1459; x_wconf 60' lang='lat' dir='ltr'><strong>madae</strong></span> <span class='ocrx_word' id='word_1_145' title='bbox 928 1390 992 1444; x_wconf 82' lang='lat' dir='ltr'><strong>Non</strong></span> <span class='ocrx_word' id='word_1_146' title='bbox 1011 1390 1096 1445; x_wconf 82' lang='lat' dir='ltr'><strong>babet</strong></span> <span class='ocrx_word' id='word_1_147' title='bbox 1113 1392 1243 1445; x_wconf 73' lang='lat' dir='ltr'><strong>effectum</strong></span> <span class='ocrx_word' id='word_1_148' title='bbox 1256 1390 1449 1458; x_wconf 70' lang='lat' dir='ltr'><strong>suspensivum</strong></span> <span class='ocrx_word' id='word_1_149' title='bbox 1460 1389 1493 1443; x_wconf 85' lang='lat' dir='ltr'><strong>in</strong></span> 
     </span>
     <span class='ocr_line' id='line_1_16' title="bbox 311 1459 1494 1530; baseline 0 -15"><span class='ocrx_word' id='word_1_150' title='bbox 311 1462 482 1515; x_wconf 74' lang='lat' dir='ltr'><strong>hierarchici</strong></span> <span class='ocrx_word' id='word_1_151' title='bbox 498 1465 713 1529; x_wconf 87' lang='lat' dir='ltr'><strong>competentem,</strong></span> <span class='ocrx_word' id='word_1_152' title='bbox 732 1461 768 1513; x_wconf 85' lang='lat' dir='ltr'><strong>ib.</strong></span> <span class='ocrx_word' id='word_1_153' title='bbox 782 1490 800 1499; x_wconf 94' lang='lat'>-</span> <span class='ocrx_word' id='word_1_154' title='bbox 818 1460 875 1514; x_wconf 89' lang='lat' dir='ltr'><strong>Ho·</strong></span> <span class='ocrx_word' id='word_1_155' title='bbox 929 1477 1075 1516; x_wconf 90' lang='lat' dir='ltr'><strong>cenauram</strong></span> <span class='ocrx_word' id='word_1_156' title='bbox 1087 1463 1251 1530; x_wconf 78' lang='lat' dir='ltr'><strong>irrogatam,</strong></span> <span class='ocrx_word' id='word_1_157' title='bbox 1261 1459 1494 1529; x_wconf 77' lang='lat' dir='ltr'><strong>ila-Appellatio</strong></span> 
     </span>
     <span class='ocr_line' id='line_1_17' title="bbox 312 1531 1495 1599; baseline 0.001 -15"><span class='ocrx_word' id='word_1_158' title='bbox 312 1532 357 1587; x_wconf 92' lang='lat' dir='ltr'><strong>die</strong></span> <span class='ocrx_word' id='word_1_159' title='bbox 379 1532 452 1586; x_wconf 84' lang='lat' dir='ltr'><strong>nolet</strong></span> <span class='ocrx_word' id='word_1_160' title='bbox 476 1531 612 1599; x_wconf 85' lang='lat' dir='ltr'><strong>appellari</strong></span> <span class='ocrx_word' id='word_1_161' title='bbox 638 1532 666 1585; x_wconf 92' lang='lat' dir='ltr'><strong>in</strong></span> <span class='ocrx_word' id='word_1_162' title='bbox 691 1532 877 1586; x_wconf 74' lang='grc' dir='ltr'><strong>66661ιά616-</strong></span> <span class='ocrx_word' id='word_1_163' title='bbox 929 1548 999 1587; x_wconf 77' lang='lat' dir='ltr'><strong>varo</strong></span> <span class='ocrx_word' id='word_1_164' title='bbox 1016 1550 1035 1585; x_wconf 91' lang='lat' dir='ltr'><strong>a</strong></span> <span class='ocrx_word' id='word_1_165' title='bbox 1051 1534 1194 1588; x_wconf 74' lang='lat' dir='ltr'><strong>sententia</strong></span> <span class='ocrx_word' id='word_1_166' title='bbox 1215 1532 1374 1587; x_wconf 73' lang='lat' dir='ltr'><strong>declaratae</strong></span> <span class='ocrx_word' id='word_1_167' title='bbox 1394 1548 1495 1586; x_wconf 80' lang='grc'><strong>66666-</strong></span> 
     </span>
     <span class='ocr_line' id='line_1_18' title="bbox 312 1602 1493 1674; baseline -0.002 -16"><span class='ocrx_word' id='word_1_168' title='bbox 312 1605 419 1658; x_wconf 70' lang='lat' dir='ltr'><strong>nantia</strong></span> <span class='ocrx_word' id='word_1_169' title='bbox 437 1602 470 1656; x_wconf 84' lang='lat' dir='ltr'><strong>ad</strong></span> <span class='ocrx_word' id='word_1_170' title='bbox 491 1602 517 1655; x_wconf 87' lang='lat' dir='ltr'><strong>S.</strong></span> <span class='ocrx_word' id='word_1_171' title='bbox 536 1602 624 1672; x_wconf 65' lang='grc' dir='ltr'><strong>θοις.</strong></span> <span class='ocrx_word' id='word_1_172' title='bbox 645 1602 699 1655; x_wconf 84' lang='lat' dir='ltr'><strong>EE.</strong></span> <span class='ocrx_word' id='word_1_173' title='bbox 718 1610 748 1656; x_wconf 88' lang='lat' dir='ltr'><strong>et</strong></span> <span class='ocrx_word' id='word_1_174' title='bbox 769 1602 825 1656; x_wconf 83' lang='lat' dir='ltr'><strong>RR.</strong></span> <span class='ocrx_word' id='word_1_175' title='bbox 839 1606 875 1657; x_wconf 84' lang='lat' dir='ltr'><strong>id.</strong></span> <span class='ocrx_word' id='word_1_176' title='bbox 929 1620 978 1658; x_wconf 89' lang='lat' dir='ltr'><strong>rae</strong></span> <span class='ocrx_word' id='word_1_177' title='bbox 994 1604 1079 1658; x_wconf 82' lang='lat' dir='ltr'><strong>babet</strong></span> <span class='ocrx_word' id='word_1_178' title='bbox 1100 1612 1249 1674; x_wconf 89' lang='lat' dir='ltr'><strong>utrumque</strong></span> <span class='ocrx_word' id='word_1_179' title='bbox 1269 1602 1409 1665; x_wconf 72' lang='lat' dir='ltr'><strong>effectum,</strong></span> <span class='ocrx_word' id='word_1_180' title='bbox 1426 1618 1493 1673; x_wconf 74' lang='lat' dir='ltr'><strong>pag.</strong></span> 
     </span>
     <span class='ocr_line' id='line_1_19' title="bbox 312 1672 1493 1746; baseline -0.002 -16"><span class='ocrx_word' id='word_1_181' title='bbox 312 1690 353 1746; x_wconf 77' lang='lat' dir='ltr'><strong>tq.</strong></span> <span class='ocrx_word' id='word_1_182' title='bbox 384 1704 400 1715; x_wconf 94' lang='lat'>-</span> <span class='ocrx_word' id='word_1_183' title='bbox 428 1674 470 1728; x_wconf 86' lang='lat' dir='ltr'><strong>Dc</strong></span> <span class='ocrx_word' id='word_1_184' title='bbox 494 1676 579 1744; x_wconf 81' lang='lat' dir='ltr'><strong>satuti</strong></span> <span class='ocrx_word' id='word_1_185' title='bbox 603 1673 637 1727; x_wconf 88' lang='lat' dir='ltr'><strong>ad</strong></span> <span class='ocrx_word' id='word_1_186' title='bbox 662 1672 875 1743; x_wconf 70' lang='lat' dir='ltr'><strong>appellandum</strong></span> <span class='ocrx_word' id='word_1_187' title='bbox 928 1676 991 1730; x_wconf 84' lang='grc'><strong>516.</strong></span> <span class='ocrx_word' id='word_1_188' title='bbox 1009 1704 1020 1717; x_wconf 90' lang='grc'><strong>-</strong></span> <span class='ocrx_word' id='word_1_189' title='bbox 1040 1676 1085 1729; x_wconf 86' lang='grc'><strong>166</strong></span> <span class='ocrx_word' id='word_1_190' title='bbox 1102 1674 1262 1744; x_wconf 87' lang='lat' dir='ltr'><strong>appellandi</strong></span> <span class='ocrx_word' id='word_1_191' title='bbox 1280 1676 1309 1728; x_wconf 89' lang='lat' dir='ltr'><strong>in</strong></span> <span class='ocrx_word' id='word_1_192' title='bbox 1332 1674 1425 1728; x_wconf 89' lang='lat' dir='ltr'><strong>cauaia</strong></span> <span class='ocrx_word' id='word_1_193' title='bbox 1448 1690 1493 1728; x_wconf 90' lang='lat' dir='ltr'><strong>re·</strong></span> 
     </span>
     <span class='ocr_line' id='line_1_20' title="bbox 311 1744 1496 1819; baseline -0.003 -18"><span class='ocrx_word' id='word_1_194' title='bbox 311 1746 421 1819; x_wconf 88' lang='lat' dir='ltr'><strong>quando</strong></span> <span class='ocrx_word' id='word_1_195' title='bbox 439 1746 587 1801; x_wconf 78' lang='lat' dir='ltr'><strong>decurrere</strong></span> <span class='ocrx_word' id='word_1_196' title='bbox 605 1745 731 1815; x_wconf 80' lang='lat' dir='ltr'><strong>incipiat,</strong></span> <span class='ocrx_word' id='word_1_197' title='bbox 740 1760 803 1814; x_wconf 75' lang='lat' dir='ltr'><strong>pag.</strong></span> <span class='ocrx_word' id='word_1_198' title='bbox 814 1744 875 1799; x_wconf 87' lang='grc'><strong>413.</strong></span> <span class='ocrx_word' id='word_1_199' title='bbox 929 1747 1069 1816; x_wconf 74' lang='lat' dir='ltr'><strong>gularium</strong></span> <span class='ocrx_word' id='word_1_200' title='bbox 1082 1746 1217 1816; x_wconf 89' lang='lat' dir='ltr'><strong>competit</strong></span> <span class='ocrx_word' id='word_1_201' title='bbox 1235 1746 1320 1801; x_wconf 91' lang='lat' dir='ltr'><strong>etiam</strong></span> <span class='ocrx_word' id='word_1_202' title='bbox 1333 1746 1362 1798; x_wconf 91' lang='lat' dir='ltr'><strong>in</strong></span> <span class='ocrx_word' id='word_1_203' title='bbox 1376 1760 1496 1815; x_wconf 84' lang='lat' dir='ltr'><strong>anapau-</strong></span> 
     </span>
     <span class='ocr_line' id='line_1_21' title="bbox 312 1816 1494 1890; baseline 0.002 -20"><span class='ocrx_word' id='word_1_204' title='bbox 312 1848 327 1859; x_wconf 96' lang='lat'>-</span> <span class='ocrx_word' id='word_1_205' title='bbox 350 1818 393 1871; x_wconf 76' lang='lat' dir='ltr'><strong>nd</strong></span> <span class='ocrx_word' id='word_1_206' title='bbox 417 1832 565 1889; x_wconf 83' lang='lat' dir='ltr'><strong>quemnam</strong></span> <span class='ocrx_word' id='word_1_207' title='bbox 591 1816 708 1871; x_wconf 87' lang='lat' dir='ltr'><strong>iudicem</strong></span> <span class='ocrx_word' id='word_1_208' title='bbox 732 1817 877 1885; x_wconf 86' lang='lat' dir='ltr'><strong>appellan-</strong></span> <span class='ocrx_word' id='word_1_209' title='bbox 929 1820 989 1872; x_wconf 75' lang='lat' dir='ltr'><strong>aino</strong></span> <span class='ocrx_word' id='word_1_210' title='bbox 1006 1818 1118 1890; x_wconf 88' lang='lat' dir='ltr'><strong>qnando</strong></span> <span class='ocrx_word' id='word_1_211' title='bbox 1138 1834 1194 1873; x_wconf 88' lang='lat' dir='ltr'><strong>non</strong></span> <span class='ocrx_word' id='word_1_212' title='bbox 1217 1824 1319 1886; x_wconf 73' lang='lat' dir='ltr'><strong>agatur</strong></span> <span class='ocrx_word' id='word_1_213' title='bbox 1341 1816 1376 1872; x_wconf 97' lang='grc'><strong>66</strong></span> <span class='ocrx_word' id='word_1_214' title='bbox 1400 1832 1494 1872; x_wconf 88' lang='lat' dir='ltr'><strong>corre·</strong></span> 
     </span>
     <span class='ocr_line' id='line_1_22' title="bbox 312 1888 1321 1971; baseline 0 -30"><span class='ocrx_word' id='word_1_215' title='bbox 312 1889 376 1942; x_wconf 86' lang='lat' dir='ltr'><strong>dum</strong></span> <span class='ocrx_word' id='word_1_216' title='bbox 402 1890 448 1953; x_wconf 84' lang='lat' dir='ltr'><strong>ait,</strong></span> <span class='ocrx_word' id='word_1_217' title='bbox 467 1904 530 1957; x_wconf 75' lang='lat' dir='ltr'><strong>pag.</strong></span> <span class='ocrx_word' id='word_1_218' title='bbox 550 1889 611 1941; x_wconf 90' lang='grc'><strong>415.</strong></span> <span class='ocrx_word' id='word_1_219' title='bbox 631 1918 647 1929; x_wconf 94' lang='grc'>-</span> <span class='ocrx_word' id='word_1_220' title='bbox 667 1890 709 1971; x_wconf 67' lang='lat' dir='ltr'><strong>De</strong></span> <span class='ocrx_word' id='word_1_221' title='bbox 733 1888 817 1957; x_wconf 79' lang='lat' dir='ltr'><strong>fatali</strong></span> <span class='ocrx_word' id='word_1_222' title='bbox 841 1889 876 1943; x_wconf 92' lang='grc'><strong>66</strong></span> <span class='ocrx_word' id='word_1_223' title='bbox 928 1891 1022 1945; x_wconf 87' lang='lat' dir='ltr'><strong>ctione</strong></span> <span class='ocrx_word' id='word_1_224' title='bbox 1040 1905 1159 1955; x_wconf 89' lang='lat' dir='ltr'><strong>morum,</strong></span> <span class='ocrx_word' id='word_1_225' title='bbox 1178 1905 1241 1959; x_wconf 72' lang='lat' dir='ltr'><strong>pag.</strong></span> <span class='ocrx_word' id='word_1_226' title='bbox 1259 1888 1321 1942; x_wconf 86' lang='grc'><strong>520.</strong></span> 
     </span>
     <span class='ocr_line' id='line_1_23' title="bbox 311 1960 1493 2112; baseline -0.002 -27"><span class='ocrx_word' id='word_1_227' title='bbox 311 1960 793 2100; x_wconf 40' lang='grc' dir='ltr'><strong>Ξῖῗοφῗὲιῗὲἑῖιιηᾟὲἰιᾜῗῗῧζ</strong></span> <span class='ocrx_word' id='word_1_228' title='bbox 810 1975 877 2085; x_wconf 56' lang='grc' dir='ltr'><strong>111ιῖ-</strong></span> <span class='ocrx_word' id='word_1_229' title='bbox 982 2034 1107 2086; x_wconf 80' lang='lat' dir='ltr'><strong>Arbiter.</strong></span> <span class='ocrx_word' id='word_1_230' title='bbox 1119 2060 1156 2073; x_wconf 92' lang='lat'>-</span> <span class='ocrx_word' id='word_1_231' title='bbox 1169 2032 1271 2087; x_wconf 87' lang='lat' dir='ltr'><strong>Utrum</strong></span> <span class='ocrx_word' id='word_1_232' title='bbox 1282 2030 1312 2112; x_wconf 78' lang='lat' dir='ltr'><strong>in</strong></span> <span class='ocrx_word' id='word_1_233' title='bbox 1328 2031 1421 2083; x_wconf 81' lang='lat' dir='ltr'><strong>caucia</strong></span> <span class='ocrx_word' id='word_1_234' title='bbox 1432 2046 1493 2084; x_wconf 85' lang='lat' dir='ltr'><strong>ma·</strong></span> 
     </span>
     <span class='ocr_line' id='line_1_24' title="bbox 313 2102 1493 2171; baseline 0 -16"><span class='ocrx_word' id='word_1_235' title='bbox 313 2104 408 2157; x_wconf 87' lang='lat' dir='ltr'><strong>atituit</strong></span> <span class='ocrx_word' id='word_1_236' title='bbox 434 2102 608 2157; x_wconf 76' lang='lat' dir='ltr'><strong>defensorem</strong></span> <span class='ocrx_word' id='word_1_237' title='bbox 634 2104 668 2155; x_wconf 84' lang='lat' dir='ltr'><strong>ib.</strong></span> <span class='ocrx_word' id='word_1_238' title='bbox 690 2132 705 2143; x_wconf 96' lang='lat'>-</span> <span class='ocrx_word' id='word_1_239' title='bbox 729 2102 876 2157; x_wconf 87' lang='lat' dir='ltr'><strong>Sententia</strong></span> <span class='ocrx_word' id='word_1_240' title='bbox 927 2102 1136 2157; x_wconf 88' lang='lat' dir='ltr'><strong>trimonialiboe</strong></span> <span class='ocrx_word' id='word_1_241' title='bbox 1153 2104 1342 2171; x_wconf 78' lang='lat' dir='ltr'><strong>compromitti</strong></span> <span class='ocrx_word' id='word_1_242' title='bbox 1362 2102 1450 2171; x_wconf 82' lang='lat' dir='ltr'><strong>poenit</strong></span> <span class='ocrx_word' id='word_1_243' title='bbox 1461 2102 1493 2155; x_wconf 90' lang='lat' dir='ltr'><strong>in</strong></span> 
     </span>
     <span class='ocr_line' id='line_1_25' title="bbox 311 2172 1220 2313; baseline -0.002 -84"><span class='ocrx_word' id='word_1_244' title='bbox 311 2174 457 2300; x_wconf 57' lang='grc' dir='ltr'><strong>ἓιιιιοιῌιῑιι</strong></span> <span class='ocrx_word' id='word_1_245' title='bbox 478 2172 642 2296; x_wconf 32' lang='grc'><strong>,6611666061</strong></span> <span class='ocrx_word' id='word_1_246' title='bbox 670 2188 703 2313; x_wconf 55' lang='grc' dir='ltr'><strong>ἑο</strong></span> <span class='ocrx_word' id='word_1_247' title='bbox 716 2178 875 2299; x_wconf 64' lang='lat' dir='ltr'><strong>promrptppe</strong></span> <span class='ocrx_word' id='word_1_248' title='bbox 927 2174 1057 2241; x_wconf 79' lang='lat' dir='ltr'><strong>arbitron,</strong></span> <span class='ocrx_word' id='word_1_249' title='bbox 1076 2191 1139 2243; x_wconf 76' lang='lat' dir='ltr'><strong>pag.</strong></span> <span class='ocrx_word' id='word_1_250' title='bbox 1158 2176 1220 2228; x_wconf 86' lang='grc'><strong>461.</strong></span> 
     </span>
    </p>

    <p class='ocr_par' dir='ltr' id='par_1_3' title="bbox 332 2260 875 2313">
     <span class='ocr_line' id='line_1_26' title="bbox 332 2260 875 2313; baseline 0 -14"><span class='ocrx_word' id='word_1_251' title='bbox 332 2260 444 2309; x_wconf 85' lang='lat' dir='ltr'><strong>aca1‚e</strong></span> <span class='ocrx_word' id='word_1_252' title='bbox 477 2260 656 2313; x_wconf 78' lang='lat' dir='ltr'><strong>lucraque</strong></span> <span class='ocrx_word' id='word_1_253' title='bbox 705 2260 875 2313; x_wconf 75' lang='lat' dir='ltr'><strong>reposca</strong></span> 
     </span>
    </p>

    <p class='ocr_par' dir='ltr' id='par_1_4' title="bbox 310 2315 1495 2529">
     <span class='ocr_line' id='line_1_27' title="bbox 311 2315 1495 2384; baseline -0.002 -14"><span class='ocrx_word' id='word_1_254' title='bbox 311 2315 875 2384; x_wconf 77' lang='lat' dir='ltr'><strong>aenlitterardimr&#39;caorc&#39;ucexplicatauam</strong></span> <span class='ocrx_word' id='word_1_255' title='bbox 981 2318 1112 2371; x_wconf 77' lang='lat' dir='ltr'><strong>Articuli.</strong></span> <span class='ocrx_word' id='word_1_256' title='bbox 1134 2344 1169 2358; x_wconf 86' lang='lat'><strong>-·</strong></span> <span class='ocrx_word' id='word_1_257' title='bbox 1193 2316 1263 2377; x_wconf 83' lang='lat' dir='ltr'><strong>Quid</strong></span> <span class='ocrx_word' id='word_1_258' title='bbox 1288 2316 1347 2368; x_wconf 85' lang='lat' dir='ltr'><strong>aiut</strong></span> <span class='ocrx_word' id='word_1_259' title='bbox 1370 2319 1400 2369; x_wconf 89' lang='lat' dir='ltr'><strong>at</strong></span> <span class='ocrx_word' id='word_1_260' title='bbox 1443 2330 1495 2368; x_wconf 89' lang='lat' dir='ltr'><strong>uo·</strong></span> 
     </span>
     <span class='ocr_line' id='line_1_28' title="bbox 311 2385 1495 2458; baseline -0.003 -16"><span class='ocrx_word' id='word_1_261' title='bbox 311 2388 413 2458; x_wconf 59' lang='grc'><strong>686661</strong></span> <span class='ocrx_word' id='word_1_262' title='bbox 442 2388 594 2451; x_wconf 86' lang='lat' dir='ltr'><strong>rationem,</strong></span> <span class='ocrx_word' id='word_1_263' title='bbox 622 2402 684 2456; x_wconf 80' lang='lat' dir='ltr'><strong>pag.</strong></span> <span class='ocrx_word' id='word_1_264' title='bbox 713 2387 775 2441; x_wconf 84' lang='grc'><strong>417.</strong></span> <span class='ocrx_word' id='word_1_265' title='bbox 795 2416 809 2429; x_wconf 89' lang='grc'><strong>-</strong></span> <span class='ocrx_word' id='word_1_266' title='bbox 835 2388 874 2442; x_wconf 88' lang='lat' dir='ltr'><strong>De</strong></span> <span class='ocrx_word' id='word_1_267' title='bbox 927 2389 1009 2443; x_wconf 91' lang='lat' dir='ltr'><strong>modo</strong></span> <span class='ocrx_word' id='word_1_268' title='bbox 1018 2388 1110 2442; x_wconf 90' lang='lat' dir='ltr'><strong>locum</strong></span> <span class='ocrx_word' id='word_1_269' title='bbox 1123 2388 1245 2442; x_wconf 82' lang='lat' dir='ltr'><strong>babeant</strong></span> <span class='ocrx_word' id='word_1_270' title='bbox 1256 2388 1286 2441; x_wconf 89' lang='lat' dir='ltr'><strong>in</strong></span> <span class='ocrx_word' id='word_1_271' title='bbox 1298 2385 1437 2440; x_wconf 79' lang='lat' dir='ltr'><strong>criminali</strong></span> <span class='ocrx_word' id='word_1_272' title='bbox 1458 2402 1495 2439; x_wconf 86' lang='lat' dir='ltr'><strong>ue</strong></span> 
     </span>
     <span class='ocr_line' id='line_1_29' title="bbox 310 2458 1073 2529; baseline 0.001 -16"><span class='ocrx_word' id='word_1_273' title='bbox 310 2460 500 2529; x_wconf 90' lang='lat' dir='ltr'><strong>appellatione</strong></span> <span class='ocrx_word' id='word_1_274' title='bbox 519 2458 661 2525; x_wconf 83' lang='lat' dir='ltr'><strong>incidenti,</strong></span> <span class='ocrx_word' id='word_1_275' title='bbox 675 2474 757 2528; x_wconf 90' lang='lat' dir='ltr'><strong>quae,</strong></span> <span class='ocrx_word' id='word_1_276' title='bbox 770 2460 805 2512; x_wconf 86' lang='lat' dir='ltr'><strong>ab</strong></span> <span class='ocrx_word' id='word_1_277' title='bbox 819 2476 875 2513; x_wconf 91' lang='lat' dir='ltr'><strong>una</strong></span> <span class='ocrx_word' id='word_1_278' title='bbox 928 2476 993 2529; x_wconf 74' lang='lat' dir='ltr'><strong>pag.</strong></span> <span class='ocrx_word' id='word_1_279' title='bbox 1011 2459 1073 2514; x_wconf 84' lang='grc'><strong>323.</strong></span> 
     </span>
    </p>

    <p class='ocr_par' dir='ltr' id='par_1_5' title="bbox 312 2529 1229 2602">
     <span class='ocr_line' id='line_1_30' title="bbox 312 2529 1229 2602; baseline -0.003 -16"><span class='ocrx_word' id='word_1_280' title='bbox 312 2536 391 2602; x_wconf 89' lang='lat' dir='ltr'><strong>parte</strong></span> <span class='ocrx_word' id='word_1_281' title='bbox 409 2531 582 2595; x_wconf 83' lang='lat' dir='ltr'><strong>instaurata,</strong></span> <span class='ocrx_word' id='word_1_282' title='bbox 601 2529 682 2584; x_wconf 90' lang='lat' dir='ltr'><strong>alteri</strong></span> <span class='ocrx_word' id='word_1_283' title='bbox 703 2529 789 2596; x_wconf 83' lang='lat' dir='ltr'><strong>iuvat,</strong></span> <span class='ocrx_word' id='word_1_284' title='bbox 808 2533 843 2584; x_wconf 80' lang='grc'><strong>15.</strong></span> <span class='ocrx_word' id='word_1_285' title='bbox 858 2561 874 2571; x_wconf 95' lang='grc'>-</span> <span class='ocrx_word' id='word_1_286' title='bbox 1225 2557 1229 2562; x_wconf 93' lang='lat'>·</span> 
     </span>
    </p>

    <p class='ocr_par' dir='ltr' id='par_1_6' title="bbox 309 2600 1496 3241">
     <span class='ocr_line' id='line_1_31' title="bbox 310 2600 1496 2672; baseline -0.003 -15"><span class='ocrx_word' id='word_1_287' title='bbox 310 2603 426 2664; x_wconf 82' lang='lat' dir='ltr'><strong>Quando</strong></span> <span class='ocrx_word' id='word_1_288' title='bbox 444 2607 474 2655; x_wconf 90' lang='lat' dir='ltr'><strong>et</strong></span> <span class='ocrx_word' id='word_1_289' title='bbox 492 2602 630 2672; x_wconf 92' lang='lat' dir='ltr'><strong>quomodo</strong></span> <span class='ocrx_word' id='word_1_290' title='bbox 654 2602 808 2670; x_wconf 85' lang='lat' dir='ltr'><strong>perimatur</strong></span> <span class='ocrx_word' id='word_1_291' title='bbox 826 2619 875 2671; x_wconf 90' lang='lat' dir='ltr'><strong>ap·</strong></span> <span class='ocrx_word' id='word_1_292' title='bbox 983 2604 1110 2671; x_wconf 78' lang='lat' dir='ltr'><strong>Asylum.</strong></span> <span class='ocrx_word' id='word_1_293' title='bbox 1129 2629 1163 2644; x_wconf 92' lang='lat'><strong>·-</strong></span> <span class='ocrx_word' id='word_1_294' title='bbox 1180 2603 1225 2656; x_wconf 87' lang='lat' dir='ltr'><strong>lue</strong></span> <span class='ocrx_word' id='word_1_295' title='bbox 1243 2600 1317 2672; x_wconf 84' lang='lat' dir='ltr'><strong>aayli</strong></span> <span class='ocrx_word' id='word_1_296' title='bbox 1336 2600 1409 2656; x_wconf 83' lang='grc'><strong>6666</strong></span> <span class='ocrx_word' id='word_1_297' title='bbox 1425 2615 1496 2654; x_wconf 91' lang='lat' dir='ltr'><strong>con-</strong></span> 
     </span>
     <span class='ocr_line' id='line_1_32' title="bbox 311 2671 1491 2744; baseline -0.002 -16"><span class='ocrx_word' id='word_1_298' title='bbox 311 2674 429 2744; x_wconf 90' lang='lat' dir='ltr'><strong>pellatio</strong></span> <span class='ocrx_word' id='word_1_299' title='bbox 447 2677 483 2728; x_wconf 83' lang='grc'><strong>16.</strong></span> <span class='ocrx_word' id='word_1_300' title='bbox 503 2690 542 2743; x_wconf 82' lang='lat' dir='ltr'><strong>aq.</strong></span> <span class='ocrx_word' id='word_1_301' title='bbox 562 2704 578 2714; x_wconf 94' lang='lat'><em>-</em></span> <span class='ocrx_word' id='word_1_302' title='bbox 597 2673 627 2727; x_wconf 92' lang='lat' dir='ltr'><strong>ln</strong></span> <span class='ocrx_word' id='word_1_303' title='bbox 647 2689 732 2726; x_wconf 86' lang='lat' dir='ltr'><strong>cauea</strong></span> <span class='ocrx_word' id='word_1_304' title='bbox 749 2673 873 2742; x_wconf 90' lang='lat' dir='ltr'><strong>appella·</strong></span> <span class='ocrx_word' id='word_1_305' title='bbox 928 2674 1068 2739; x_wconf 78' lang='lat' dir='ltr'><strong>stitutum,</strong></span> <span class='ocrx_word' id='word_1_306' title='bbox 1087 2689 1150 2743; x_wconf 72' lang='lat' dir='ltr'><strong>pag.</strong></span> <span class='ocrx_word' id='word_1_307' title='bbox 1170 2674 1195 2726; x_wconf 88' lang='grc'><strong>4.</strong></span> <span class='ocrx_word' id='word_1_308' title='bbox 1209 2672 1398 2726; x_wconf 88' lang='lat' dir='ltr'><strong>·1mmunitaa</strong></span> <span class='ocrx_word' id='word_1_309' title='bbox 1416 2671 1491 2743; x_wconf 79' lang='lat' dir='ltr'><strong>aayli</strong></span> 
     </span>
     <span class='ocr_line' id='line_1_33' title="bbox 312 2743 1492 2815; baseline -0.002 -16"><span class='ocrx_word' id='word_1_310' title='bbox 312 2747 395 2800; x_wconf 79' lang='lat' dir='ltr'><strong>tionis</strong></span> <span class='ocrx_word' id='word_1_311' title='bbox 414 2745 578 2800; x_wconf 82' lang='lat' dir='ltr'><strong>obaervatur</strong></span> <span class='ocrx_word' id='word_1_312' title='bbox 596 2759 742 2814; x_wconf 82' lang='lat' dir='ltr'><strong>proceaaue</strong></span> <span class='ocrx_word' id='word_1_313' title='bbox 757 2761 873 2799; x_wconf 80' lang='lat' dir='ltr'><strong>oecono</strong></span> <span class='ocrx_word' id='word_1_314' title='bbox 928 2745 1110 2801; x_wconf 74' lang='lat' dir='ltr'><strong>ecclesiastici</strong></span> <span class='ocrx_word' id='word_1_315' title='bbox 1123 2744 1190 2815; x_wconf 90' lang='lat' dir='ltr'><strong>quid</strong></span> <span class='ocrx_word' id='word_1_316' title='bbox 1209 2749 1238 2799; x_wconf 89' lang='lat' dir='ltr'><strong>et</strong></span> <span class='ocrx_word' id='word_1_317' title='bbox 1249 2743 1413 2814; x_wconf 83' lang='lat' dir='ltr'><strong>quotuplex,</strong></span> <span class='ocrx_word' id='word_1_318' title='bbox 1426 2759 1492 2813; x_wconf 74' lang='lat' dir='ltr'><strong>pag.</strong></span> 
     </span>
     <span class='ocr_line' id='line_1_34' title="bbox 310 2814 1494 2886; baseline -0.001 -16"><span class='ocrx_word' id='word_1_319' title='bbox 310 2818 414 2880; x_wconf 82' lang='lat' dir='ltr'><strong>micus,</strong></span> <span class='ocrx_word' id='word_1_320' title='bbox 435 2833 497 2885; x_wconf 79' lang='lat' dir='ltr'><strong>pag.</strong></span> <span class='ocrx_word' id='word_1_321' title='bbox 523 2816 575 2870; x_wconf 87' lang='grc'><strong>418</strong></span> <span class='ocrx_word' id='word_1_322' title='bbox 603 2831 642 2886; x_wconf 82' lang='lat' dir='ltr'><strong>eq.</strong></span> <span class='ocrx_word' id='word_1_323' title='bbox 662 2845 676 2857; x_wconf 92' lang='lat'><strong>·</strong></span> <span class='ocrx_word' id='word_1_324' title='bbox 696 2816 748 2869; x_wconf 88' lang='lat' dir='ltr'><strong>Sed</strong></span> <span class='ocrx_word' id='word_1_325' title='bbox 776 2816 875 2870; x_wconf 84' lang='lat' dir='ltr'><strong>habita</strong></span> <span class='ocrx_word' id='word_1_326' title='bbox 927 2817 1149 2876; x_wconf 75' lang='lat' dir='ltr'><strong>60.·Quacnam</strong></span> <span class='ocrx_word' id='word_1_327' title='bbox 1169 2814 1494 2884; x_wconf 70' lang='lat' dir='ltr'><strong>poenaeadaintcontn</strong></span> 
     </span>
     <span class='ocr_line' id='line_1_35' title="bbox 310 2885 1491 2957; baseline -0.003 -15"><span class='ocrx_word' id='word_1_328' title='bbox 310 2889 419 2942; x_wconf 85' lang='lat' dir='ltr'><strong>ratione</strong></span> <span class='ocrx_word' id='word_1_329' title='bbox 445 2887 548 2942; x_wconf 89' lang='lat' dir='ltr'><strong>obiecti</strong></span> <span class='ocrx_word' id='word_1_330' title='bbox 572 2886 781 2956; x_wconf 76' lang='lat' dir='ltr'><strong>appellationis,</strong></span> <span class='ocrx_word' id='word_1_331' title='bbox 801 2888 874 2956; x_wconf 85' lang='lat' dir='ltr'><strong>apud</strong></span> <span class='ocrx_word' id='word_1_332' title='bbox 927 2887 1006 2942; x_wconf 83' lang='lat' dir='ltr'><strong>illam</strong></span> <span class='ocrx_word' id='word_1_333' title='bbox 1024 2888 1171 2952; x_wconf 75' lang='lat' dir='ltr'><strong>violantes,</strong></span> <span class='ocrx_word' id='word_1_334' title='bbox 1190 2887 1225 2940; x_wconf 70' lang='grc' dir='ltr'><strong>ὦ.</strong></span> <span class='ocrx_word' id='word_1_335' title='bbox 1244 2903 1283 2956; x_wconf 77' lang='lat' dir='ltr'><strong>sq.</strong></span> <span class='ocrx_word' id='word_1_336' title='bbox 1302 2915 1314 2927; x_wconf 93' lang='lat'>·</span> <span class='ocrx_word' id='word_1_337' title='bbox 1332 2886 1395 2940; x_wconf 91' lang='lat' dir='ltr'><strong>Iure</strong></span> <span class='ocrx_word' id='word_1_338' title='bbox 1416 2885 1491 2957; x_wconf 82' lang='lat' dir='ltr'><strong>aayli</strong></span> 
     </span>
     <span class='ocr_line' id='line_1_36' title="bbox 310 2957 1496 3029; baseline -0.003 -17"><span class='ocrx_word' id='word_1_339' title='bbox 310 2959 431 3013; x_wconf 89' lang='lat' dir='ltr'><strong>iudicem</strong></span> <span class='ocrx_word' id='word_1_340' title='bbox 449 2961 486 3012; x_wconf 85' lang='lat' dir='ltr'><strong>ad</strong></span> <span class='ocrx_word' id='word_1_341' title='bbox 504 2975 586 3028; x_wconf 83' lang='lat' dir='ltr'><strong>quem</strong></span> <span class='ocrx_word' id='word_1_342' title='bbox 605 2959 740 3012; x_wconf 90' lang='lat' dir='ltr'><strong>nonnulla</strong></span> <span class='ocrx_word' id='word_1_343' title='bbox 763 2964 873 3012; x_wconf 87' lang='lat' dir='ltr'><strong>tantum</strong></span> <span class='ocrx_word' id='word_1_344' title='bbox 927 2975 983 3014; x_wconf 91' lang='lat' dir='ltr'><strong>non</strong></span> <span class='ocrx_word' id='word_1_345' title='bbox 1002 2959 1126 3029; x_wconf 77' lang='lat' dir='ltr'><strong>gaudent</strong></span> <span class='ocrx_word' id='word_1_346' title='bbox 1148 2957 1315 3022; x_wconf 87' lang='lat' dir='ltr'><strong>duellantee,</strong></span> <span class='ocrx_word' id='word_1_347' title='bbox 1334 2973 1397 3026; x_wconf 77' lang='lat' dir='ltr'><strong>pag.</strong></span> <span class='ocrx_word' id='word_1_348' title='bbox 1415 2957 1460 3010; x_wconf 86' lang='grc'><strong>76.</strong></span> <span class='ocrx_word' id='word_1_349' title='bbox 1478 2985 1496 3000; x_wconf 88' lang='lat'>·</span> 
     </span>
     <span class='ocr_line' id='line_1_37' title="bbox 311 3027 1493 3112; baseline -0.002 -28"><span class='ocrx_word' id='word_1_350' title='bbox 311 3035 375 3084; x_wconf 86' lang='lat' dir='ltr'><strong>acta</strong></span> <span class='ocrx_word' id='word_1_351' title='bbox 402 3030 507 3098; x_wconf 82' lang='lat' dir='ltr'><strong>expleri</strong></span> <span class='ocrx_word' id='word_1_352' title='bbox 538 3035 656 3098; x_wconf 89' lang='lat' dir='ltr'><strong>oportet.</strong></span> <span class='ocrx_word' id='word_1_353' title='bbox 686 3029 821 3091; x_wconf 85' lang='lat' dir='ltr'><strong>Quidnam</strong></span> <span class='ocrx_word' id='word_1_354' title='bbox 844 3031 873 3082; x_wconf 90' lang='lat' dir='ltr'><strong>in</strong></span> <span class='ocrx_word' id='word_1_355' title='bbox 928 3031 968 3085; x_wconf 85' lang='lat' dir='ltr'><strong>De</strong></span> <span class='ocrx_word' id='word_1_356' title='bbox 994 3031 1055 3084; x_wconf 91' lang='lat' dir='ltr'><strong>iure</strong></span> <span class='ocrx_word' id='word_1_357' title='bbox 1085 3030 1157 3100; x_wconf 76' lang='lat' dir='ltr'><strong>asyli</strong></span> <span class='ocrx_word' id='word_1_358' title='bbox 1185 3028 1274 3112; x_wconf 84' lang='lat' dir='ltr'><strong>quoad</strong></span> <span class='ocrx_word' id='word_1_359' title='bbox 1304 3027 1493 3082; x_wconf 71' lang='lat' dir='ltr'><strong>ceaaatiomm</strong></span> 
     </span>
     <span class='ocr_line' id='line_1_38' title="bbox 310 3099 1382 3170; baseline -0.002 -16"><span class='ocrx_word' id='word_1_360' title='bbox 310 3101 478 3156; x_wconf 83' lang='lat' dir='ltr'><strong>aententiam</strong></span> <span class='ocrx_word' id='word_1_361' title='bbox 510 3099 679 3169; x_wconf 87' lang='lat' dir='ltr'><strong>appellatam</strong></span> <span class='ocrx_word' id='word_1_362' title='bbox 708 3101 761 3154; x_wconf 83' lang='lat' dir='ltr'><strong>iate</strong></span> <span class='ocrx_word' id='word_1_363' title='bbox 790 3101 873 3156; x_wconf 86' lang='lat' dir='ltr'><strong>iudex</strong></span> <span class='ocrx_word' id='word_1_364' title='bbox 927 3103 1046 3156; x_wconf 90' lang='lat' dir='ltr'><strong>actionia</strong></span> <span class='ocrx_word' id='word_1_365' title='bbox 1062 3100 1225 3165; x_wconf 80' lang='lat' dir='ltr'><strong>criminalia,</strong></span> <span class='ocrx_word' id='word_1_366' title='bbox 1243 3116 1308 3170; x_wconf 77' lang='lat' dir='ltr'><strong>pag.</strong></span> <span class='ocrx_word' id='word_1_367' title='bbox 1320 3099 1382 3154; x_wconf 88' lang='grc'><strong>261.</strong></span> 
     </span>
     <span class='ocr_line' id='line_1_39' title="bbox 309 3171 874 3241; baseline -0.005 -13"><span class='ocrx_word' id='word_1_368' title='bbox 309 3173 419 3228; x_wconf 84' lang='lat' dir='ltr'><strong>edicere</strong></span> <span class='ocrx_word' id='word_1_369' title='bbox 437 3172 574 3236; x_wconf 90' lang='lat' dir='ltr'><strong>intendat,</strong></span> <span class='ocrx_word' id='word_1_370' title='bbox 588 3187 650 3241; x_wconf 72' lang='lat' dir='ltr'><strong>pag.</strong></span> <span class='ocrx_word' id='word_1_371' title='bbox 664 3171 724 3225; x_wconf 85' lang='grc'><strong>419.</strong></span> <span class='ocrx_word' id='word_1_372' title='bbox 739 3200 753 3214; x_wconf 89' lang='grc'>-</span> <span class='ocrx_word' id='word_1_373' title='bbox 766 3171 796 3224; x_wconf 91' lang='lat' dir='ltr'><strong>In</strong></span> <span class='ocrx_word' id='word_1_374' title='bbox 811 3188 874 3241; x_wconf 91' lang='lat' dir='ltr'><strong>pro·</strong></span> 
     </span>
    </p>

    <p class='ocr_par' dir='ltr' id='par_1_7' title="bbox 248 3241 1498 3527">
     <span class='ocr_line' id='line_1_40' title="bbox 310 3241 1495 3381; baseline 0 -15"><span class='ocrx_word' id='word_1_375' title='bbox 310 3242 900 3381; x_wconf 60' lang='grc'><strong>111111111101111116’</strong></span> <span class='ocrx_word' id='word_1_376' title='bbox 927 3241 1495 3369; x_wconf 48' lang='lat' dir='ltr'><strong>,illitu-,iteratur</strong></span> 
     </span>
     <span class='ocr_line' id='line_1_41' title="bbox 310 3355 1498 3455; baseline -0.003 -16"><span class='ocrx_word' id='word_1_377' title='bbox 310 3387 367 3439; x_wconf 82' lang='lat' dir='ltr'><strong>sint</strong></span> <span class='ocrx_word' id='word_1_378' title='bbox 386 3355 583 3448; x_wconf 72' lang='lat' dir='ltr'><strong>admittendae,</strong></span> <span class='ocrx_word' id='word_1_379' title='bbox 597 3401 659 3454; x_wconf 77' lang='lat' dir='ltr'><strong>pag.</strong></span> <span class='ocrx_word' id='word_1_380' title='bbox 670 3387 732 3438; x_wconf 88' lang='grc'><strong>420.</strong></span> <span class='ocrx_word' id='word_1_381' title='bbox 745 3415 756 3426; x_wconf 90' lang='grc'>-</span> <span class='ocrx_word' id='word_1_382' title='bbox 770 3386 873 3454; x_wconf 78' lang='lat' dir='ltr'><strong>Appel-</strong></span> <span class='ocrx_word' id='word_1_383' title='bbox 927 3387 1048 3441; x_wconf 85' lang='lat' dir='ltr'><strong>auitorea</strong></span> <span class='ocrx_word' id='word_1_384' title='bbox 1057 3387 1086 3438; x_wconf 90' lang='lat' dir='ltr'><strong>in</strong></span> <span class='ocrx_word' id='word_1_385' title='bbox 1097 3400 1227 3455; x_wconf 80' lang='lat' dir='ltr'><strong>processu</strong></span> <span class='ocrx_word' id='word_1_386' title='bbox 1237 3401 1306 3453; x_wconf 89' lang='lat' dir='ltr'><strong>pure</strong></span> <span class='ocrx_word' id='word_1_387' title='bbox 1318 3384 1498 3454; x_wconf 72' lang='lat' dir='ltr'><strong>inquiaitivo‚</strong></span> 
     </span>
     <span class='ocr_line' id='line_1_42' title="bbox 248 3455 1070 3527; baseline -0.009 -11"><span class='ocrx_word' id='word_1_388' title='bbox 248 3509 251 3516; x_wconf 89' lang='lat'>.</span> <span class='ocrx_word' id='word_1_389' title='bbox 309 3457 424 3512; x_wconf 79' lang='lat' dir='ltr'><strong>lationis</strong></span> <span class='ocrx_word' id='word_1_390' title='bbox 433 3471 578 3526; x_wconf 85' lang='lat' dir='ltr'><strong>procaaaue</strong></span> <span class='ocrx_word' id='word_1_391' title='bbox 591 3455 662 3526; x_wconf 90' lang='lat' dir='ltr'><strong>apud</strong></span> <span class='ocrx_word' id='word_1_392' title='bbox 676 3456 702 3510; x_wconf 88' lang='grc'><strong>8.</strong></span> <span class='ocrx_word' id='word_1_393' title='bbox 717 3457 802 3526; x_wconf 77' lang='lat' dir='ltr'><strong>cong.</strong></span> <span class='ocrx_word' id='word_1_394' title='bbox 817 3457 872 3509; x_wconf 82' lang='grc' dir='ltr'><strong>ΕΕ.</strong></span> <span class='ocrx_word' id='word_1_395' title='bbox 927 3473 990 3527; x_wconf 84' lang='lat' dir='ltr'><strong>pag.</strong></span> <span class='ocrx_word' id='word_1_396' title='bbox 1009 3457 1070 3511; x_wconf 90' lang='grc'><strong>434.</strong></span> 
     </span>
    </p>

    <p class='ocr_par' dir='ltr' id='par_1_8' title="bbox 309 3527 873 3596">
     <span class='ocr_line' id='line_1_43' title="bbox 309 3527 873 3596; baseline -0.009 -11"><span class='ocrx_word' id='word_1_397' title='bbox 309 3535 338 3586; x_wconf 83' lang='grc'><strong>61</strong></span> <span class='ocrx_word' id='word_1_398' title='bbox 358 3529 416 3582; x_wconf 85' lang='lat' dir='ltr'><strong>RR.</strong></span> <span class='ocrx_word' id='word_1_399' title='bbox 437 3527 545 3596; x_wconf 79' lang='lat' dir='ltr'><strong>regitur</strong></span> <span class='ocrx_word' id='word_1_400' title='bbox 563 3527 676 3582; x_wconf 89' lang='lat' dir='ltr'><strong>decreto</strong></span> <span class='ocrx_word' id='word_1_401' title='bbox 698 3527 729 3580; x_wconf 88' lang='grc'><strong>18</strong></span> <span class='ocrx_word' id='word_1_402' title='bbox 744 3527 873 3583; x_wconf 87' lang='lat' dir='ltr'><strong>Decemb.</strong></span> 
     </span>
    </p>

    <p class='ocr_par' dir='ltr' id='par_1_9' title="bbox 309 3598 873 3668">
     <span class='ocr_line' id='line_1_44' title="bbox 309 3598 873 3668; baseline -0.004 -14"><span class='ocrx_word' id='word_1_403' title='bbox 309 3617 333 3654; x_wconf 91' lang='lat' dir='ltr'><strong>a.</strong></span> <span class='ocrx_word' id='word_1_404' title='bbox 356 3599 419 3653; x_wconf 91' lang='grc'><strong>1851</strong></span> <span class='ocrx_word' id='word_1_405' title='bbox 443 3598 604 3668; x_wconf 86' lang='lat' dir='ltr'><strong>aliqualiter</strong></span> <span class='ocrx_word' id='word_1_406' title='bbox 623 3603 732 3652; x_wconf 90' lang='lat' dir='ltr'><strong>mutato</strong></span> <span class='ocrx_word' id='word_1_407' title='bbox 757 3615 807 3667; x_wconf 90' lang='lat' dir='ltr'><strong>per</strong></span> <span class='ocrx_word' id='word_1_408' title='bbox 825 3599 873 3652; x_wconf 90' lang='lat' dir='ltr'><strong>de·</strong></span> 
     </span>
    </p>

    <p class='ocr_par' dir='ltr' id='par_1_10' title="bbox 308 3669 1222 3740">
     <span class='ocr_line' id='line_1_45' title="bbox 308 3669 1222 3740; baseline -0.003 -15"><span class='ocrx_word' id='word_1_409' title='bbox 308 3678 416 3725; x_wconf 90' lang='lat' dir='ltr'><strong>cretum</strong></span> <span class='ocrx_word' id='word_1_410' title='bbox 436 3687 460 3724; x_wconf 87' lang='lat' dir='ltr'><strong>a.</strong></span> <span class='ocrx_word' id='word_1_411' title='bbox 483 3671 560 3734; x_wconf 82' lang='grc'><strong>1885,</strong></span> <span class='ocrx_word' id='word_1_412' title='bbox 577 3672 612 3724; x_wconf 85' lang='lat' dir='ltr'><strong>ib.</strong></span> <span class='ocrx_word' id='word_1_413' title='bbox 626 3685 665 3740; x_wconf 84' lang='lat' dir='ltr'><strong>sq.</strong></span> <span class='ocrx_word' id='word_1_414' title='bbox 678 3697 692 3710; x_wconf 93' lang='lat'><strong>·</strong></span> <span class='ocrx_word' id='word_1_415' title='bbox 706 3669 872 3740; x_wconf 77' lang='lat' dir='ltr'><strong>Appellandi</strong></span> <span class='ocrx_word' id='word_1_416' title='bbox 1191 3674 1222 3738; x_wconf 85' lang='grc' dir='ltr'><strong>Β</strong></span> 
     </span>
    </p>

    <p class='ocr_par' dir='ltr' id='par_1_11' title="bbox 309 3741 873 3809">
     <span class='ocr_line' id='line_1_46' title="bbox 309 3741 873 3809; baseline -0.002 -13"><span class='ocrx_word' id='word_1_417' title='bbox 309 3743 353 3796; x_wconf 83' lang='grc'><strong>166</strong></span> <span class='ocrx_word' id='word_1_418' title='bbox 380 3757 435 3796; x_wconf 88' lang='grc' dir='ltr'><strong>ιιοιι</strong></span> <span class='ocrx_word' id='word_1_419' title='bbox 464 3743 600 3809; x_wconf 91' lang='lat' dir='ltr'><strong>competit</strong></span> <span class='ocrx_word' id='word_1_420' title='bbox 627 3741 783 3796; x_wconf 90' lang='lat' dir='ltr'><strong>contumaci</strong></span> <span class='ocrx_word' id='word_1_421' title='bbox 807 3757 873 3795; x_wconf 90' lang='lat' dir='ltr'><strong>con·</strong></span> 
     </span>
    </p>

    <p class='ocr_par' dir='ltr' id='par_1_12' title="bbox 308 3812 872 3881">
     <span class='ocr_line' id='line_1_47' title="bbox 308 3812 872 3881; baseline -0.002 -13"><span class='ocrx_word' id='word_1_422' title='bbox 308 3814 453 3878; x_wconf 86' lang='lat' dir='ltr'><strong>damnato,</strong></span> <span class='ocrx_word' id='word_1_423' title='bbox 479 3828 540 3881; x_wconf 78' lang='lat' dir='ltr'><strong>pag.</strong></span> <span class='ocrx_word' id='word_1_424' title='bbox 565 3812 628 3867; x_wconf 81' lang='grc'><strong>429.</strong></span> <span class='ocrx_word' id='word_1_425' title='bbox 649 3841 661 3853; x_wconf 95' lang='grc'><strong>-</strong></span> <span class='ocrx_word' id='word_1_426' title='bbox 686 3815 708 3865; x_wconf 83' lang='grc' dir='ltr'><strong>Α</strong></span> <span class='ocrx_word' id='word_1_427' title='bbox 731 3814 872 3868; x_wconf 75' lang='lat' dir='ltr'><strong>sententia</strong></span> 
     </span>
    </p>

    <p class='ocr_par' dir='ltr' id='par_1_13' title="bbox 308 3880 1498 4096">
     <span class='ocr_line' id='line_1_48' title="bbox 308 3880 1498 3954; baseline -0.001 -16"><span class='ocrx_word' id='word_1_428' title='bbox 308 3886 367 3939; x_wconf 89' lang='lat' dir='ltr'><strong>lata</strong></span> <span class='ocrx_word' id='word_1_429' title='bbox 394 3885 423 3938; x_wconf 91' lang='lat' dir='ltr'><strong>in</strong></span> <span class='ocrx_word' id='word_1_430' title='bbox 453 3899 581 3953; x_wconf 85' lang='lat' dir='ltr'><strong>proceeau</strong></span> <span class='ocrx_word' id='word_1_431' title='bbox 610 3899 678 3953; x_wconf 90' lang='lat' dir='ltr'><strong>pure</strong></span> <span class='ocrx_word' id='word_1_432' title='bbox 709 3883 873 3954; x_wconf 78' lang='lat' dir='ltr'><strong>inquiritiro</strong></span> <span class='ocrx_word' id='word_1_433' title='bbox 979 3884 1174 3954; x_wconf 76' lang='lat' dir='ltr'><strong>Beneficiatur.</strong></span> <span class='ocrx_word' id='word_1_434' title='bbox 1195 3909 1231 3924; x_wconf 93' lang='lat'>-</span> <span class='ocrx_word' id='word_1_435' title='bbox 1251 3881 1281 3935; x_wconf 83' lang='lat' dir='ltr'><strong>Si</strong></span> <span class='ocrx_word' id='word_1_436' title='bbox 1299 3880 1498 3937; x_wconf 82' lang='lat' dir='ltr'><strong>nonreaideat</strong></span> 
     </span>
     <span class='ocr_line' id='line_1_49' title="bbox 309 3952 1492 4026; baseline -0.003 -16"><span class='ocrx_word' id='word_1_437' title='bbox 309 3971 449 4026; x_wconf 90' lang='lat' dir='ltr'><strong>uunquam</strong></span> <span class='ocrx_word' id='word_1_438' title='bbox 468 3955 632 4024; x_wconf 79' lang='lat' dir='ltr'><strong>deneganda</strong></span> <span class='ocrx_word' id='word_1_439' title='bbox 649 3959 692 4009; x_wconf 88' lang='lat' dir='ltr'><strong>eat</strong></span> <span class='ocrx_word' id='word_1_440' title='bbox 710 3955 872 4025; x_wconf 86' lang='lat' dir='ltr'><strong>appellatio,</strong></span> <span class='ocrx_word' id='word_1_441' title='bbox 925 3972 981 4026; x_wconf 85' lang='lat' dir='ltr'><strong>qua</strong></span> <span class='ocrx_word' id='word_1_442' title='bbox 998 3957 1107 4010; x_wconf 87' lang='lat' dir='ltr'><strong>ratione</strong></span> <span class='ocrx_word' id='word_1_443' title='bbox 1127 3952 1280 4024; x_wconf 88' lang='lat' dir='ltr'><strong>puniendue</strong></span> <span class='ocrx_word' id='word_1_444' title='bbox 1291 3955 1336 4022; x_wconf 79' lang='lat' dir='ltr'><strong>ait,</strong></span> <span class='ocrx_word' id='word_1_445' title='bbox 1350 3967 1413 4022; x_wconf 73' lang='lat' dir='ltr'><strong>pag.</strong></span> <span class='ocrx_word' id='word_1_446' title='bbox 1428 3952 1492 4008; x_wconf 87' lang='grc'><strong>128.</strong></span> 
     </span>
     <span class='ocr_line' id='line_1_50' title="bbox 308 4025 872 4096; baseline -0.002 -15"><span class='ocrx_word' id='word_1_447' title='bbox 308 4027 361 4081; x_wconf 91' lang='lat' dir='ltr'><strong>niai</strong></span> <span class='ocrx_word' id='word_1_448' title='bbox 387 4041 518 4096; x_wconf 77' lang='lat' dir='ltr'><strong>expresse</strong></span> <span class='ocrx_word' id='word_1_449' title='bbox 543 4025 725 4095; x_wconf 80' lang='lat' dir='ltr'><strong>prohibeatur</strong></span> <span class='ocrx_word' id='word_1_450' title='bbox 751 4044 768 4080; x_wconf 96' lang='lat' dir='ltr'><strong>a</strong></span> <span class='ocrx_word' id='word_1_451' title='bbox 795 4027 872 4093; x_wconf 89' lang='lat' dir='ltr'><strong>iure,</strong></span> 
     </span>
    </p>

    <p class='ocr_par' dir='ltr' id='par_1_14' title="bbox 306 4095 1495 4380">
     <span class='ocr_line' id='line_1_51' title="bbox 308 4095 1494 4170; baseline -0.002 -18"><span class='ocrx_word' id='word_1_452' title='bbox 308 4115 370 4170; x_wconf 79' lang='lat' dir='ltr'><strong>pag.</strong></span> <span class='ocrx_word' id='word_1_453' title='bbox 396 4097 457 4152; x_wconf 84' lang='grc'><strong>435.</strong></span> <span class='ocrx_word' id='word_1_454' title='bbox 483 4125 497 4139; x_wconf 89' lang='lat'><strong>·</strong></span> <span class='ocrx_word' id='word_1_455' title='bbox 521 4097 556 4150; x_wconf 83' lang='lat' dir='ltr'><strong>Et</strong></span> <span class='ocrx_word' id='word_1_456' title='bbox 577 4098 644 4151; x_wconf 91' lang='lat' dir='ltr'><strong>data</strong></span> <span class='ocrx_word' id='word_1_457' title='bbox 667 4096 872 4166; x_wconf 89' lang='lat' dir='ltr'><strong>appellatione,</strong></span> <span class='ocrx_word' id='word_1_458' title='bbox 978 4098 1056 4151; x_wconf 79' lang='lat' dir='ltr'><strong>Bane</strong></span> <span class='ocrx_word' id='word_1_459' title='bbox 1099 4095 1358 4150; x_wconf 65' lang='grc' dir='ltr'><strong>ἰιι-2616116</strong></span> <span class='ocrx_word' id='word_1_460' title='bbox 1385 4095 1494 4150; x_wconf 78' lang='lat' dir='ltr'><strong>benefl-</strong></span> 
     </span>
     <span class='ocr_line' id='line_1_52' title="bbox 308 4165 1495 4240; baseline -0.004 -16"><span class='ocrx_word' id='word_1_461' title='bbox 308 4175 374 4224; x_wconf 90' lang='lat' dir='ltr'><strong>tunc</strong></span> <span class='ocrx_word' id='word_1_462' title='bbox 399 4169 483 4223; x_wconf 88' lang='lat' dir='ltr'><strong>iudici</strong></span> <span class='ocrx_word' id='word_1_463' title='bbox 508 4172 545 4222; x_wconf 83' lang='lat' dir='ltr'><strong>ud</strong></span> <span class='ocrx_word' id='word_1_464' title='bbox 569 4185 652 4240; x_wconf 82' lang='lat' dir='ltr'><strong>quem</strong></span> <span class='ocrx_word' id='word_1_465' title='bbox 674 4185 722 4222; x_wconf 86' lang='lat' dir='ltr'><strong>acu</strong></span> <span class='ocrx_word' id='word_1_466' title='bbox 748 4168 874 4238; x_wconf 87' lang='lat' dir='ltr'><strong>appella·</strong></span> <span class='ocrx_word' id='word_1_467' title='bbox 924 4169 1031 4222; x_wconf 87' lang='lat' dir='ltr'><strong>ciorum</strong></span> <span class='ocrx_word' id='word_1_468' title='bbox 1100 4169 1159 4221; x_wconf 90' lang='lat' dir='ltr'><strong>erni</strong></span> <span class='ocrx_word' id='word_1_469' title='bbox 1172 4181 1227 4221; x_wconf 93' lang='lat' dir='ltr'><strong>non</strong></span> <span class='ocrx_word' id='word_1_470' title='bbox 1246 4165 1495 4232; x_wconf 66' lang='lat' dir='ltr'><strong>debetniaifacto</strong></span> 
     </span>
     <span class='ocr_line' id='line_1_53' title="bbox 307 4236 1434 4310; baseline -0.006 -13"><span class='ocrx_word' id='word_1_471' title='bbox 307 4241 392 4297; x_wconf 83' lang='lat' dir='ltr'><strong>lionis</strong></span> <span class='ocrx_word' id='word_1_472' title='bbox 417 4239 578 4309; x_wconf 90' lang='lat' dir='ltr'><strong>pandendae</strong></span> <span class='ocrx_word' id='word_1_473' title='bbox 604 4243 670 4294; x_wconf 86' lang='lat' dir='ltr'><strong>aunt</strong></span> <span class='ocrx_word' id='word_1_474' title='bbox 690 4255 788 4295; x_wconf 77' lang='lat' dir='ltr'><strong>omnes</strong></span> <span class='ocrx_word' id='word_1_475' title='bbox 809 4257 872 4310; x_wconf 89' lang='lat' dir='ltr'><strong>pro·</strong></span> <span class='ocrx_word' id='word_1_476' title='bbox 925 4255 1053 4308; x_wconf 87' lang='lat' dir='ltr'><strong>proceaau</strong></span> <span class='ocrx_word' id='word_1_477' title='bbox 1072 4239 1271 4304; x_wconf 74' lang='lat' dir='ltr'><strong>ecclesiastico,</strong></span> <span class='ocrx_word' id='word_1_478' title='bbox 1290 4255 1354 4308; x_wconf 80' lang='lat' dir='ltr'><strong>pag.</strong></span> <span class='ocrx_word' id='word_1_479' title='bbox 1372 4236 1434 4291; x_wconf 76' lang='lat'><strong>532</strong></span> 
     </span>
     <span class='ocr_line' id='line_1_54' title="bbox 306 4311 873 4380; baseline -0.002 -13"><span class='ocrx_word' id='word_1_480' title='bbox 306 4313 435 4367; x_wconf 84' lang='lat' dir='ltr'><strong>bationea</strong></span> <span class='ocrx_word' id='word_1_481' title='bbox 459 4313 488 4365; x_wconf 89' lang='lat' dir='ltr'><strong>in</strong></span> <span class='ocrx_word' id='word_1_482' title='bbox 513 4311 603 4380; x_wconf 87' lang='lat' dir='ltr'><strong>prima</strong></span> <span class='ocrx_word' id='word_1_483' title='bbox 627 4311 762 4366; x_wconf 83' lang='lat' dir='ltr'><strong>iaetantia</strong></span> <span class='ocrx_word' id='word_1_484' title='bbox 786 4311 873 4367; x_wconf 88' lang='lat' dir='ltr'><strong>colle·</strong></span> 
     </span>
    </p>

    <p class='ocr_par' dir='ltr' id='par_1_15' title="bbox 307 4379 1493 4524">
     <span class='ocr_line' id='line_1_55' title="bbox 307 4379 1493 4456; baseline -0.005 -18"><span class='ocrx_word' id='word_1_485' title='bbox 307 4383 872 4456; x_wconf 64' lang='grc'><strong>6166,11.·116661661166616116666</strong></span> <span class='ocrx_word' id='word_1_486' title='bbox 979 4383 1173 4453; x_wconf 76' lang='lat' dir='ltr'><strong>Btnspltemus.</strong></span> <span class='ocrx_word' id='word_1_487' title='bbox 1199 4409 1233 4422; x_wconf 95' lang='lat'>-</span> <span class='ocrx_word' id='word_1_488' title='bbox 1256 4379 1364 4442; x_wconf 72' lang='lat' dir='ltr'><strong>Quibus</strong></span> <span class='ocrx_word' id='word_1_489' title='bbox 1391 4381 1493 4450; x_wconf 84' lang='lat' dir='ltr'><strong>poenie</strong></span> 
     </span>
     <span class='ocr_line' id='line_1_56' title="bbox 307 4452 1321 4524; baseline -0.005 -13"><span class='ocrx_word' id='word_1_490' title='bbox 307 4457 475 4511; x_wconf 74' lang='lat' dir='ltr'><strong>conscicntia</strong></span> <span class='ocrx_word' id='word_1_491' title='bbox 493 4453 572 4508; x_wconf 91' lang='lat' dir='ltr'><strong>nulla</strong></span> <span class='ocrx_word' id='word_1_492' title='bbox 590 4454 726 4524; x_wconf 89' lang='lat' dir='ltr'><strong>competit</strong></span> <span class='ocrx_word' id='word_1_493' title='bbox 745 4454 872 4524; x_wconf 89' lang='lat' dir='ltr'><strong>appella·</strong></span> <span class='ocrx_word' id='word_1_494' title='bbox 924 4452 1124 4519; x_wconf 87' lang='lat' dir='ltr'><strong>mulctabatur,</strong></span> <span class='ocrx_word' id='word_1_495' title='bbox 1142 4467 1205 4522; x_wconf 74' lang='lat' dir='ltr'><strong>pag.</strong></span> <span class='ocrx_word' id='word_1_496' title='bbox 1223 4452 1261 4505; x_wconf 88' lang='grc'><strong>64</strong></span> <span class='ocrx_word' id='word_1_497' title='bbox 1278 4467 1321 4522; x_wconf 84' lang='lat' dir='ltr'><strong>aq.</strong></span> 
     </span>
    </p>
   </div>
   <div class='ocr_carea' id='block_1_3' title="bbox 0 0 1680 5100">
    <p class='ocr_par' dir='ltr' id='par_1_16' title="bbox 0 0 1680 5100">
     <span class='ocr_line' id='line_1_57' title="bbox 0 0 1680 5100; baseline 0 2"><span class='ocrx_word' id='word_1_498' title='bbox 0 0 1680 5100; x_wconf 95' lang='lat' dir='ltr'><strong> </strong></span> 
     </span>
    </p>
   </div>
  </div>
 </body>
</html>
