3350 5100
350 254 416 319 374
856 274 940 322 reas
971 274 1020 322 111.

349 418 408 465 sen
424 400 615 466 mundiori
630 400 723 484 quod
737 418 797 465 reo
814 399 944 466 licitum
960 418 1030 465 non
1045 398 1168 478 emistit,
1186 416 1254 483 reg.
1271 398 1332 462 iur.
1351 398 1383 461 in
1399 396 1420 460 6
1435 394 1489 480 (l).
1504 430 1520 442 -

348 522 514 611 Praecipit
535 530 599 589 art.
617 525 691 591 248
710 524 778 590 cod.
805 527 859 590 cit.
885 526 994 609 Greg.:
1015 522 1214 588 «licemini
1229 521 1373 602 testium,
1385 526 1523 604 praeter

349 650 509 734 officiales
543 650 727 717 destinatos
761 650 876 717 eidem
907 649 1124 733 accipiendo,
1156 667 1256 715 netem
1287 648 1377 713 atius
1409 647 1523 713 adesse

345 778 457 857 potest
477 793 588 859 neque
609 793 656 840 em
674 780 776 857 parte
798 774 881 859 fisci,
905 778 965 839 aut
994 774 1074 858 fisco
1099 772 1327 853 adtmerentis,
1351 790 1460 855 neque
1482 789 1525 836 em

344 904 447 981 parte
476 899 629 983 inquisiti
652 920 683 962 s.
713 898 781 962 Iam
812 917 912 983 supra
944 898 1124 963 notavimus
1153 902 1353 982 quantopere
1385 902 1526 981 praestet

349 1024 446 1088 etiam
470 1023 616 1109 impediri
640 1044 682 1089 ne
704 1028 803 1089 testes
833 1024 896 1087 iam
928 1024 1104 1089 examinati
1134 1042 1207 1087 cum
1238 1021 1405 1089 audiendis
1427 1022 1524 1087 collo-

349 1155 499 1235 quantur.
524 1147 572 1216 cf.
596 1170 696 1235 supra
718 1169 748 1213 n.
774 1150 850 1215 234.

437 1276 472 1360 2)
495 1276 611 1341 Altera
641 1275 756 1360 regula
782 1281 843 1339 art.
868 1276 996 1356 XVIII,
1021 1276 1155 1351 scilicet,
1181 1274 1270 1342 testis
1295 1293 1366 1340 non
1392 1275 1527 1339 iuratus

348 1422 420 1471 nan
445 1403 581 1485 probat,
605 1403 853 1487 exploratissimi
887 1401 966 1466 iuris
997 1406 1055 1467 est.
1086 1404 1146 1467 Ast
1176 1401 1286 1467 sedulo
1317 1398 1527 1468 attendantur

350 1548 447 1613 supra
470 1529 643 1612 explicata.
661 1527 701 1593 de
723 1527 861 1595 testibus
882 1527 1034 1591 nimirum
1058 1526 1098 1591 ad
1121 1527 1354 1593 iuramentum
1375 1544 1446 1592 non
1470 1524 1527 1590 ad

348 1655 528 1727 mittendis,
553 1674 690 1738 quornm
713 1654 936 1719 attestationes
960 1652 1116 1739 praebent
1138 1652 1267 1718 indicia
1291 1650 1347 1737 (2).

438 1780 472 1864 3)
496 1781 677 1847 Praeterea
691 1785 844 1845 notentur
860 1779 923 1843 hae
940 1779 1073 1865 regulae
1089 1778 1159 1843 cod.
1176 1778 1229 1844 cit.
1249 1778 1349 1863 Greq.
1366 1782 1427 1841 art.
1445 1776 1525 1842 245:

352 1905 623 1971 ‹Admittuntur
638 1905 685 1971 ad
700 1905 946 1971 attestationem
961 1903 1175 1970 reddendam
1186 1920 1357 1985 personae
1368 1900 1528 1967 inductae

349 2046 372 2092 a
394 2030 473 2112 fisco
497 2033 530 2093 et
550 2026 594 2094 ab
625 2028 698 2093 eius
727 2028 951 2097 adhaerente,
975 2045 998 2091 a
1021 2025 1265 2099 denunciante,
1298 2044 1321 2089 c
1350 2025 1528 2108 quereiam

348 2158 511 2223 movente.
536 2152 579 2219 ab
601 2152 773 2237 inquisito.
791 2154 833 2217 In
850 2158 928 2217 actu
943 2152 1116 2217 acuminis
1134 2153 1172 2237 fit
1192 2150 1317 2216 mentio
1340 2148 1383 2215 de
1405 2168 1444 2215 eo
1469 2148 1528 2234 qni
1632 2228 1635 2237 y

349 2283 464 2344 testem
477 2278 645 2361 producit
661 2300 691 2341 s.
709 2276 794 2343 Sene
809 2279 877 2363 ipse
894 2278 1072 2361 inquisitus,
1089 2277 1163 2343 dum
1187 2277 1326 2343 examini
1339 2274 1527 2351 subiicitur,

349 2408 448 2469 testes
477 2404 600 2469 utiliter
630 2403 779 2488 indigitat
808 2404 860 2486 qui
892 2404 962 2469 eius
992 2404 1188 2468 assertiones
1217 2403 1437 2489 comprobant,
1463 2420 1528 2467 non

349 2550 442 2595 secus
457 2550 497 2595 ac
512 2529 576 2594 alia
592 2528 819 2614 probationum
833 2536 995 2593 momenta
1012 2529 1043 2593 in
1061 2529 1208 2594 veritatis
1220 2529 1436 2614 cognitionem
1453 2548 1527 2613 sup·

348 2654 495 2739 peditare
515 2655 610 2726 valet,
628 2674 710 2737 quae
734 2655 842 2717 omnia
864 2657 986 2720 attente
1002 2655 1035 2718 iu
1052 2673 1189 2718 examen
1205 2674 1372 2719 assumere
1387 2658 1527 2737 oportet.

351 2779 422 2845 Hoc
438 2779 526 2845 iubet
540 2799 569 2844 a.
586 2779 686 2846 XXV
701 2779 938 2844 instructionis.
959 2813 976 2826 -
995 2777 1117 2846 Deinde
1132 2780 1206 2847 cod.
1225 2779 1277 2846 eit.
1298 2779 1398 2866 Greq.
1415 2779 1529 2844 statuit

438 3022 478 3094 (l)
497 2987 613 3094 inquam
631 3025 752 3078 examini
772 3025 941 3094 inquisition,
955 3026 1021 3094 quie
1039 3024 1161 3078 examini
1179 3027 1275 3094 postea
1290 3022 1418 3078 habendo
1437 3024 1466 3076 in
1482 3040 1529 3094 pe-

349 3130 428 3184 riodo
445 3132 631 3184 accusationis
650 3129 703 3199 hae
723 3147 857 3199 personae
878 3131 987 3185 adsunt.
1008 3159 1022 3172 ·
1042 3131 1192 3185 Praeterea
1217 3131 1245 3183 in
1269 3130 1361 3184 causis
1384 3128 1528 3184 matrimo-

350 3237 472 3293 nialibus
490 3244 631 3308 promotor
649 3237 754 3293 fiscalis
772 3239 852 3294 adest
870 3238 946 3293 hisce
965 3239 1149 3304 examinibus,
1162 3241 1229 3310 quie
1241 3247 1308 3294 tnnc
1320 3257 1374 3294 non
1391 3245 1434 3293 est
1446 3257 1528 3294 accu-

348 3355 434 3410 sator,
451 3345 499 3416 qni
518 3345 553 3398 ad
571 3345 773 3416 aequaIItntem
792 3344 893 3398 debeat
911 3345 1054 3398 aestimari
1074 3361 1136 3398 cnm
1155 3355 1292 3412 acmsato,
1311 3346 1357 3400 sed
1377 3349 1444 3400 tunc
1465 3361 1529 3415 pro·

348 3455 440 3505 motor
458 3450 562 3505 fiscalis
580 3459 623 3507 est
641 3452 749 3506 vinculi
770 3453 913 3521 defuens,
931 3455 960 3505 et
981 3452 1085 3505 fruitur
1110 3451 1289 3524 privilegiata
1313 3453 1473 3508 conditione
1493 3453 1527 3506 ad

349 3557 529 3612 sanctitatem
546 3558 651 3612 viucnii
670 3562 752 3612 matr.
771 3557 912 3611 tuendam.
927 3586 940 3598 -
954 3557 1087 3628 Equidem
1101 3573 1156 3612 non
1170 3563 1237 3628 puto
1255 3574 1316 3612 esse
1334 3575 1446 3612 mirsam
1466 3557 1528 3612 nul-

349 3662 445 3730 litatis,
466 3667 653 3732 promotorem
671 3665 729 3717 flsc,
749 3663 845 3718 adesse
864 3665 988 3718 amamini
1008 3665 1176 3734 Inquisitico,
1195 3663 1251 3716 imo
1270 3663 1377 3734 opinor,
1396 3662 1527 3732 gravissi·

350 3787 409 3824 mas
433 3772 468 3824 ob
494 3787 604 3836 causas,
623 3769 675 3825 hoc
699 3770 861 3839 praecipere
886 3787 965 3841 posse
983 3769 1175 3837 Ordinsrium3
1194 3787 1290 3825 verum
1314 3773 1344 3824 s'n
1362 3771 1431 3824 actis
1454 3767 1528 3823 hanc

349 3879 544 3932 admissionem
562 3879 729 3948 promotoris
747 3881 805 3933 fisc.
824 3881 949 3933 suama'ni
967 3879 1130 3949 inquisitiva
1149 3882 1260 3948 oportet
1279 3878 1410 3932 inserere.

437 3988 477 4055 (2)
498 3986 596 4041 Monet
613 3987 679 4040 Inst.
699 3987 726 4039 S.
739 3985 825 4056 cong.
837 3987 873 4041 de
885 3987 967 4056 Prop.
989 3986 1055 4040 Fide
1073 3985 1108 4040 ed
1125 3987 1276 4056 Episcopus
1294 3985 1424 4039 Statuum
1444 3983 1527 4038 Foed.

349 4094 495 4148 American
513 4095 571 4148 diei
588 4095 631 4147 20
650 4093 712 4148 dun.
733 4094 825 4148 1878.-
843 4095 919 4150 ‹Ne
937 4095 1004 4166 quid
1023 4098 1051 4146 ia
1070 4095 1282 4164 inoestiqatiane
1307 4094 1357 4163 fiat
1380 4095 1454 4162 quod
1478 4092 1540 4145 nut'

348 4203 423 4272 ipsas
435 4201 638 4272 (inquisitores)
650 4213 698 4256 aut
709 4203 782 4258 alios
789 4203 922 4274 pericula
937 4203 1034 4256 damen
1048 4213 1097 4256 aut
1110 4205 1283 4274 qravams'nis
1302 4211 1431 4272 seponat,
1444 4215 1528 4270 prae·

348 4313 444 4366 sertim
456 4329 492 4366 ne
505 4315 582 4366 locus
595 4315 679 4368 detur
690 4315 793 4368 actioni
811 4313 905 4367 tinette·
922 4313 1025 4382 famosi
1042 4312 1089 4364 oet
1108 4311 1160 4364 atii
1171 4311 1260 4364 alicui
1267 4310 1416 4381 processui
1428 4325 1528 4364 coram

276 4447 278 4455 s
350 4422 485 4476 tribunali
503 4423 589 4476 civili.
