3350 5100
278 340 344 405 526
791 361 874 408 ress
899 361 948 408 ιιι.

278 482 439 568 regularis
462 481 651 568 disciplinae
673 485 851 569 perniciem
877 491 1039 570 vergeret.
1067 483 1196 550 Exinde
1220 485 1342 552 Ooneil.
1366 484 1454 550 Trid.

279 609 310 670 in
329 605 414 672 Sese.
428 605 488 675 25.
505 625 579 690 cap.
597 607 640 673 19
653 607 800 672 decrevit
815 607 920 692 quoad
933 609 1113 693 ReIIgicses
1130 609 1297 692 utriusque
1313 627 1427 674 sexus:
1440 641 1455 656 -

282 751 300 790 ‹
318 729 528 814 Quicumque
537 731 709 816 repuleris
719 732 929 815 praetendat
938 751 974 797 se
985 751 1052 814 per
1066 733 1135 800 cim
1148 737 1181 798 et
1190 737 1317 798 metum
1329 731 1457 818 inpres-

278 873 355 918 sum
370 873 442 920 esse
464 853 693 941 Reliqionem,
719 863 779 921 eut
800 857 904 921 etium
927 857 1020 923 dicut
1041 863 1119 922 ante
1141 862 1285 921 aetutem
1308 855 1456 921 debitam

276 977 474 1073 professum
495 977 624 1062 fuisse3
645 985 705 1044 nul
721 979 806 1064 quid
820 980 940 1044 simile.
954 981 1098 1064 velitque
1121 979 1273 1046 lubitum
1289 979 1457 1046 dimittere
1497 1039 1500 1046 .

279 1121 495 1187 quacumque
524 1105 567 1168 de
590 1123 694 1170 ceusu
717 1110 778 1170 out
809 1105 913 1170 etiam
945 1125 1021 1170 oum
1046 1103 1162 1171 habitu
1189 1103 1362 1170 discedere
1382 1083 1457 1170 sine

279 1227 415 1292 lieentia
446 1229 645 1311 Superioris
674 1248 743 1294 non
770 1231 937 1295 audiatur
964 1230 1032 1296 nisi
1060 1229 1154 1294 intra
1184 1228 1455 1314 quinquennium
1540 1275 1546 1286 .

278 1357 411 1417 tantum
430 1373 452 1417 a
471 1354 527 1418 die
544 1353 781 1438 pmfessionis5
802 1361 833 1421 et
849 1361 930 1420 tunc
945 1373 1016 1422 non
1031 1357 1132 1420 aliter
1146 1355 1214 1420 nisi
1230 1373 1355 1420 causas
1369 1371 1457 1438 ques

273 1477 509 1559 praetenderit
522 1477 705 1543 dedumertt
728 1497 847 1544 coram
866 1478 1053 1560 Superiora
1071 1497 1132 1545 suo
1147 1484 1179 1544 et
1193 1477 1376 1544 Ordinatio
1393 1499 1423 1540 ›.
1440 1509 1456 1530 ι

277 1601 405 1667 Exinde
429 1601 461 1690 I)
486 1603 655 1688 repellitur
677 1625 696 1668 a
718 1605 829 1669 IimIne
854 1604 961 1671 iudicii
986 1606 1049 1688 qui,
1075 1609 1179 1670 marte
1202 1625 1269 1675 suo,
1286 1609 1363 1670 ante
1378 1603 1457 1688 Iegi-

275 1726 387 1790 timam
403 1728 594 1791 sententiam
610 1726 754 1792 habItum
778 1733 892 1812 sponte
909 1727 1039 1793 dimittit
1059 1731 1115 1792 aut
1138 1728 1234 1790 etiam
1258 1745 1331 1792 cum
1344 1725 1454 1790 habitu

277 1850 347 1913 sine
370 1851 501 1914 licentia
524 1832 735 1935 Superiorem
758 1858 882 1916 temere
906 1871 948 1915 ex
973 1856 1133 1916 conventu
1158 1849 1318 1926 discedam
1342 1850 1376 1930 2)
1396 1850 1456 1916 fuit

171 2000 174 2006 ·
278 1975 523 2041 determinatum
551 1982 686 2060 tempus,
711 1977 860 2040 nimirum
887 1977 1148 2060 quinquennium,
1173 1994 1236 2059 quo
1260 1975 1454 2041 decurrente

277 2101 429 2165 exerceri
452 2100 560 2163 valeat
581 2104 681 2174 actim
697 2100 730 2192 3)
743 2106 929 2186 competens
946 2101 1132 2166 decimatur
1146 2099 1289 2164 tribunal
1305 2101 1455 2165 constitu·

275 2229 343 2288 tum
358 2222 398 2288 ab
411 2223 586 2288 OrdInario
600 2225 662 2289 Ioci
676 2231 707 2288 et
722 2245 742 2288 a
760 2225 914 2310 Regulari
932 2225 1116 2309 Superiore.
1135 2223 1166 2308 4)
1182 2224 1251 2288 Νοιι
1265 2222 1456 2308 prohibetur

277 2351 445 2432 quominus
468 2349 550 2414 haec
573 2351 659 2415 actio
681 2352 869 2416 instItuatur
892 2350 932 2416 ab
948 2354 1016 2435 Ipsa
1037 2350 1206 2435 Religinne
1223 2347 1262 2413 ad
1279 2347 1455 2414 excluden-

276 2471 350 2536 dum
381 2471 518 2556 aliquem
550 2473 683 2539 nulliter
712 2475 904 2560 professum.
931 2474 1123 2540 -Urbanus
1152 2474 1234 2538 VIII
1264 2472 1371 2538 Oonst.
1401 2471 1456 2542 Ad

276 2599 535 2670 commentum,
560 2599 603 2663 15
627 2600 701 2663 Ian.
728 2598 817 2665 1636
840 2599 897 2684 (1).

365 2721 441 2785 414.
458 2720 538 2787 Cum
554 2723 711 2807 speclales
726 2723 920 2807 procedendi
939 2724 1072 2808 regulae
1087 2742 1146 2807 pre
1162 2723 1225 2787 hoc
1240 2742 1317 2787 casu
1342 2722 1456 2787 consti·

276 2849 363 2911 lutae
379 2864 443 2907 non
461 2852 578 2911 essent.
595 2846 655 2911 has
670 2846 900 2912 determinavit
919 2847 1038 2913 Bened.
1057 2847 1137 2912 XIV
1162 2848 1194 2909 in
1220 2846 1327 2911 Consi
1345 2882 1363 2895 -
1383 2865 1400 2907 ‹
1418 2841 1456 2909 Si

277 2967 424 3031 delam»
441 3004 455 3014 ·
467 2940 671 3035 transferens
686 2969 728 3034 ad
744 2988 858 3034 causas
874 2970 1030 3035 nullitatIs
1045 2966 1252 3054 professionis
1272 2968 1454 3053 religiosae,

276 3109 408 3155 normas
425 3093 651 3176 processuales
669 3096 733 3159 Iam
748 3112 770 3157 a
785 3114 820 3158 se
836 3114 896 3179 pro
913 3096 1018 3159 causis
1034 3093 1073 3159 de
1089 3092 1237 3157 nullitate
1260 3092 1454 3157 matrimonii

276 3213 451 3300 ordientes.
477 3217 555 3280 Nam
580 3237 653 3282 cum
677 3218 789 3303 primis
811 3220 923 3283 statuit
944 3220 976 3282 in
993 3216 1171 3283 huiusmodi
1196 3214 1399 3302 processibus
1422 3216 1454 3279 in

277 3358 477 3423 quacumque
507 3340 659 3406 Instantis
689 3347 813 3425 partem
845 3342 969 3407 habere
1004 3342 1219 3406 necessariam
1251 3340 1453 3405 defensorem

276 3464 486 3548 professionis
509 3466 681 3549 religiosae
703 3485 775 3530 cum
800 3466 913 3539 eodem
938 3485 1073 3532 munere
1097 3470 1130 3531 el
1152 3464 1263 3529 iisdem
1288 3484 1360 3528 cum
1382 3458 1455 3528 efis-

277 3587 380 3652 ctibus
403 3586 625 3652 determinatis
648 3610 707 3674 pro
729 3589 904 3655 defensore
929 3590 1214 3655 matrimoniorum.

365 3713 440 3777 415.
467 3714 544 3778 (lum
570 3734 649 3778 vern
672 3716 809 3781 actionis
833 3716 1026 3781 exercitium
1044 3712 1298 3781 aTrid.Goncil.
1315 3712 1454 3778 eircum-

276 3838 431 3920 scriptum
462 3838 577 3903 fuisset
606 3846 751 3924 tempore
780 3842 991 3924 quinquennii
1023 3840 1177 3907 continui
1204 3838 1408 3902 decurrentis
1434 3856 1454 3901 a

277 3959 328 4024 die
351 3962 560 4045 professionis
583 3965 736 4039 emissae;
761 3966 890 4047 inquam
917 4001 934 4013 -
961 3966 1110 4031 continui
1136 3984 1226 4029 -seu
1251 3961 1454 4028 decurrentis

277 4085 371 4150 edam
394 4086 579 4168 impedito,·
603 4088 722 4152 Bened.
740 4089 834 4161 XIV,
860 4092 892 4153 in
909 4091 961 4153 cit.
980 4090 1085 4155 Gonst.
1111 4086 1268 4173 approbat
1287 4090 1453 4150 eonsuetu-

365 4260 404 4327 (I)
418 4260 446 4312 Si
457 4263 591 4329 professio
604 4280 665 4316 eam
679 4266 714 4316 ob
727 4281 839 4317 causam
854 4266 1034 4335 impugnetur
1047 4264 1148 4335 quippe
1163 4262 1316 4315 novitiatus
1329 4262 1357 4313 in
1373 4258 1455 4311 domo

275 4366 310 4420 ed
323 4364 375 4419 hee
389 4384 444 4421 non
459 4368 608 4436 designata
621 4371 707 4424 fuerit
725 4377 863 4439 peractus,
877 4372 1016 4426 hicesius
1034 4376 1107 4425 esset
1120 4370 1275 4439 privativae
1294 4370 1455 4437 competen-

276 4474 332 4526 tiae
352 4473 378 4525 S.
399 4473 429 4526 C.
448 4474 486 4539 C„
505 4475 581 4528 iussu
603 4476 684 4529 huius
702 4477 797 4531 Consi.
815 4478 923 4532 Urbani
944 4478 1015 4532 VIII.
