3350 5100
441 281 484 326 DE
509 280 647 328 lumbus
670 282 911 329 catutnnblabs
936 283 972 329 IN
995 283 1111 329 SPEGIE
1298 268 1365 333 345

190 422 376 486 processum
392 406 621 471 summarium
637 426 751 491 nempe
766 408 1013 489 expeditiorem
1030 408 1195 473 dumtaxat
1211 411 1243 473 in
1260 410 1364 474 forma

191 529 397 611 processuali,
421 530 614 595 serrandum
640 533 789 597 tumulive
805 553 865 617 pro
880 532 1005 599 delictis
1022 534 1182 599 nonnullis
1197 536 1365 619 praviori-

190 650 262 731 bus,
275 672 357 735 quae
370 654 576 737 expostulant
587 674 670 739 pene
681 656 895 720 immediatam
909 658 1148 721 coercitionem.
1163 658 1211 725 (ll.
1225 658 1366 723 Carrura

189 779 212 859 ὃ
235 777 301 843 985
319 776 375 864 (1).
402 814 419 826 -
445 780 487 843 Et
510 780 586 843 huic
609 784 772 865 proposito
795 781 949 847 obsecuta
971 788 1021 847 ast
1044 790 1155 848 nostra
1179 786 1364 849 instructio.

278 903 354 966 274.
373 902 464 969 Haec
479 912 586 969 autem
603 906 798 989 procedendi
816 909 899 971 ratio
922 908 1137 975 oeconomica
1152 916 1201 973 est
1220 910 1365 994 apprime

190 1028 367 1092 conformis
394 1032 529 1093 naturae
556 1032 725 1093 cunarum
754 1029 849 1095 hodie
876 1007 1129 1115 agitaturum'tn
1154 1031 1225 1095 loro
1249 1032 1364 1097 eccles.

190 1170 274 1234 quae
296 1153 438 1235 pressius
461 1157 610 1235 spectant
626 1152 667 1215 ad
688 1154 913 1219 vindicandam
938 1157 1129 1221 clericorum
1154 1156 1364 1243 disciplinam,

191 1276 341 1341 uidelicet-
363 1277 402 1341 ad
427 1278 660 1363 compescenda
676 1280 813 1343 crimina
829 1282 861 1343 in
879 1279 1078 1365 disciplinam
1096 1282 1212 1345 eccles.
1229 1288 1365 1368 patrata,

189 1422 288 1485 supra
316 1404 349 1465 in
378 1405 426 1468 tit.
452 1402 535 1467 Xlll
561 1404 806 1487 comprehensa.
831 1404 916 1469 Sane
946 1406 998 1470 cil.
1025 1407 1102 1471 Inst.
1131 1405 1216 1469 edita
1248 1412 1297 1472 est
1326 1406 1366 1471 ad

189 1526 385 1592 ordinandos
408 1546 579 1611 processus
601 1530 825 1593 oeconomicos
849 1531 880 1592 in
905 1532 1009 1593 causis
1032 1527 1308 1625 disciplinaribus
1336 1538 1365 1595 et

190 1652 425 1718 criminalibus
451 1653 663 1719 clericorum.
689 1656 731 1718 At
757 1654 820 1717 bae
847 1674 964 1718 caume
991 1656 1198 1739 expostulant
1226 1656 1366 1720 celerem

190 1776 438 1861 expeditionem,
460 1777 691 1843 abhorrentem
715 1798 735 1842 a
758 1780 1012 1845 solemnitatibus
1043 1779 1245 1845 iudicialibus
1272 1780 1366 1844 hodie

190 1904 388 1985 potissimum
411 1922 510 1985 quum
533 1903 609 1967 laici
632 1902 777 1967 homines
801 1923 885 1987 pene
907 1924 1027 1984 omnes,
1052 1902 1092 1967 ob
1116 1904 1366 1988 praeindicatam

191 2030 382 2112 opinionem.
400 2036 475 2093 sunt
490 2028 608 2094 infensi
620 2029 837 2093 'iurisdictioni
853 2030 1094 2095 ecclesiasticae
1110 2030 1260 2095 iudiciali.
1279 2032 1368 2096 Oete·

192 2172 264 2216 rum
289 2154 414 2215 ratione
437 2171 648 2237 personarum
672 2172 764 2235 quae,
781 2173 864 2237 pene
888 2172 1000 2217 omnes
1023 2154 1274 2233 ecclesiasticae,
1292 2152 1368 2217 iudi-

190 2278 275 2341 cium
287 2276 514 2361 ingrediuntur
530 2278 599 2340 sive
612 2280 656 2341 uti
674 2276 796 2342 iudices
807 2281 872 2361 qua
883 2280 1090 2363 magistratus
1106 2280 1174 2342 sive
1190 2281 1253 2361 qua
1269 2283 1367 2343 testes

190 2402 324 2466 sinenti
345 2400 510 2467 officiales.
530 2404 632 2487 magis
651 2404 814 2487 simplices
833 2403 1079 2487 expostulentur
1097 2402 1222 2469 formae
1238 2422 1366 2487 procas·

189 2546 253 2591 sus.
269 2526 462 2610 -Siquidem
481 2526 611 2592 fraudes
627 2533 660 2592 et
675 2527 869 2593 collusiones
883 2534 940 2592 aut
956 2529 1181 2613 corruptiones
1200 2533 1367 2612 tantopere
1409 2516 1413 2525 ’

189 2651 387 2717 arcendaea
404 2653 475 2716 toro
491 2651 588 2720 civili.
606 2652 693 2716 facili
716 2655 845 2738 negotio
868 2653 905 2718 ia
927 2652 1005 2734 foro
1028 2653 1142 2718 eccles.
1168 2671 1367 2736 praecavere

191 2777 238 2842 las
262 2783 319 2844 est.
345 2778 440 2840 etiam
464 2795 508 2841 ex
532 2783 625 2862 parte
648 2798 788 2842 reorum.
807 2780 951 2862 Denique
974 2777 1069 2842 hodie
1093 2797 1132 2842 aa
1156 2785 1205 2844 est
1227 2778 1369 2844 conditio

189 2901 302 2963 curiae
323 2900 441 2965 eccles.
468 2909 500 2964 ut
524 2899 691 2964 dumtaxat
714 2900 838 2964 formae
862 2901 1075 2986 simpliciores
1099 2919 1269 2985 pmcessus
1291 2901 1368 2965 iudi·

188 3025 281 3088 cialis
297 3025 480 3089 executioni
504 3025 689 3090 demandari
714 3029 845 3110 possint.
954 3041 957 3050 “

280 3149 492 3213 Nihilominus
508 3155 534 3212 si
551 3153 764 3235 praetermitti
781 3157 915 3234 possunt
933 3150 1053 3234 absque
1070 3151 1268 3235 praeiudicio
1284 3153 1368 3215 iusti·

188 3275 253 3337 tiae
284 3275 503 3340 solemnitates
535 3275 653 3344 iudicii,
678 3297 742 3340 non
774 3277 819 3341 ita
842 3279 1102 3360 praetermittere
1133 3279 1294 3363 integrum
1318 3283 1368 3342 est

188 3399 257 3482 ipsa
282 3397 415 3480 iudicia,
440 3401 516 3482 quia
547 3399 663 3464 nedum
689 3402 834 3484 impuniti
866 3401 978 3466 clerici
1002 3401 1179 3466 dimittendi
1207 3421 1269 3466 non
1294 3409 1367 3466 sunt

189 3521 245 3587 sed
261 3529 295 3587 et
311 3523 370 3587 bos
386 3523 599 3589 vehementer
622 3523 755 3589 dedecet
778 3525 948 3590 iudicaria
969 3525 1074 3590 iudice
1098 3526 1189 3589 laico.
1209 3525 1257 3590 Ad
1275 3526 1365 3605 haec,

189 3647 291 3732 probe
315 3647 361 3712 illi
384 3646 520 3713 iudicari
543 3647 584 3712 ab
612 3650 673 3714 isto
697 3668 760 3712 non
784 3649 894 3714 valent
918 3651 1034 3734 quippe
1057 3650 1226 3734 disciplina
1249 3650 1365 3715 eccles.

188 3773 333 3854 exquirit
349 3774 506 3837 rationem
522 3772 716 3856 procedendi
733 3776 863 3837 omnino
875 3773 1036 3838 diversam
1053 3793 1072 3837 a
1088 3793 1241 3858 processu
1258 3773 1363 3838 iudicii

188 3895 360 3968 saeculari,
373 3897 481 3980 prouti
496 3895 592 3960 latius
608 3896 849 3980 explicavimus.
864 3895 974 3970 Quare
989 3903 1044 3961 aut
1059 3897 1177 3963 iudicia
1194 3917 1255 3962 non
1273 3917 1368 3962 exer-

188 4039 265 4084 cere
288 4026 345 4084 aut
367 4023 400 4084 in
424 4021 562 4086 clericos
584 4025 741 4105 expetere
772 4021 923 4086 iudicium
956 4023 1161 4106 magistratus
1187 4023 1370 4087 saecularis

188 4150 238 4208 est
261 4146 388 4229 penitus
411 4144 603 4210 subvertere
626 4144 742 4210 eccles.
766 4144 979 4230 disciplinam.

275 4299 316 4369 (l)
335 4297 404 4353 ltem
428 4299 457 4352 in
483 4299 574 4352 causis
593 4299 671 4353 Fidei
696 4298 822 4354 adhiberi
847 4315 930 4370 posse
957 4315 1114 4370 processum
1134 4299 1315 4353 summarium
1338 4299 1371 4354 ad

185 4405 360 4474 praescripta
383 4405 453 4460 iuris
469 4421 577 4470 comm„
590 4405 714 4460 inferunt
727 4405 782 4458 oo.
797 4423 834 4461 ex
854 4423 913 4475 cap.
929 4407 1037 4460 Statuas
1050 4405 1100 4471 20,
1114 4407 1155 4462 Dc
1174 4407 1278 4462 haeret.
1292 4412 1322 4461 iu
1338 4409 1369 4460 6.
