3350 5100
354 270 422 335 580
812 290 1020 338 nausearum
1044 290 1081 337 11.

351 409 439 467 ditata
459 411 632 465 Matrimonii
654 412 739 468 fuerit
759 413 919 477 iudicatum,
939 417 1086 483 postquam
1104 411 1190 467 ludex
1209 414 1315 482 primae
1334 413 1493 468 instantiae
1511 412 1547 467 de

352 518 429 573 illius
448 518 580 574 nullitate
599 522 768 575 seutentiam
794 521 1043 601 pronunciaverat,
1063 520 1107 575 sin
1126 524 1222 575 autem
1240 530 1339 575 contra
1362 520 1547 575 Matrimonii

351 626 524 682 validitatem
544 629 684 683 sententia
702 630 823 695 seratur,
843 626 978 683 Defensor
996 629 1072 683 inter
1089 628 1219 698 legitima
1237 632 1366 697 tempora
1382 626 1548 697 appellabit

350 734 503 789 adhaerens
524 735 606 803 parti,
624 752 696 805 quae
716 750 766 805 pro
785 735 932 790 validitate
951 737 1070 804 agebat3
1088 752 1152 790 cum
1170 740 1267 814 autem
1285 736 1313 789 ia
1333 735 1438 789 iudicio
1457 750 1550 789 nemo

351 856 421 893 unus
440 841 477 893 sit
495 841 542 911 qui
564 856 613 909 pro
627 840 799 895 Matrimonii
820 820 967 897 validitate
985 842 1131 911 negotium
1150 842 1270 908 insistat,
1284 842 1328 897 vel
1347 842 1469 907 siadsit,
1483 840 1547 895 lata

349 952 447 1000 contra
466 964 529 1001 aum
549 949 704 1015 sententia,
724 949 857 1003 iudicium
877 949 1048 1012 deseruerit,
1066 948 1126 1018 ipse
1145 966 1179 1003 ex
1197 948 1290 1004 officio
1308 949 1342 1001 ad
1364 949 1548 1018 superiorem

348 1050 469 1105 Iudicem
490 1054 661 1121 provocabit.

436 1163 454 1223 ἓ
474 1160 521 1213 lx.
543 1160 741 1230 appellatione
760 1179 777 1214 a
799 1160 889 1229 prima
907 1162 1049 1216 sententia
1068 1160 1215 1231 pendente,
1235 1160 1384 1215 ueletiam
1404 1160 1490 1214 nulla
1507 1161 1547 1213 ob

347 1263 497 1331 malitiam,
517 1266 561 1321 vel
580 1268 772 1333 oscitantiam,
791 1267 837 1322 vel
857 1266 1041 1321 collusionem
1061 1267 1236 1327 Defensorls,
1253 1272 1284 1321 et
1302 1266 1428 1320 Partium
1448 1267 1548 1321 inter-

347 1372 451 1441 posita,
469 1374 493 1427 si
512 1376 608 1439 ambe,
628 1374 670 1429 rel
691 1391 762 1429 rrnus
784 1392 817 1430 es
838 1374 1011 1444 Coniugibus
1036 1390 1122 1429 novas
1145 1376 1259 1445 nuptias
1282 1374 1426 1430 celebrare
1449 1391 1545 1429 ausus

345 1480 440 1561 tuerit,
453 1480 582 1535 volumus
599 1498 631 1535 ac
651 1480 833 1547 decernimus,
849 1488 947 1537 utnon
966 1482 1057 1537 solum
1076 1488 1233 1549 serventur,
1246 1500 1319 1553 quae
1330 1482 1466 1538 adversus
1480 1498 1545 1549 eos,

345 1588 393 1656 qui
412 1586 624 1643 Matrimonium
643 1594 743 1643 contra
761 1588 940 1643 interdictum
964 1588 1105 1643 Ecclesiae
1124 1588 1310 1656 contrahunt,
1328 1593 1437 1644 statuta
1458 1594 1544 1650 sunt,

346 1696 509 1763 praesertim
530 1702 560 1749 ut
579 1696 699 1751 invicem
718 1712 735 1749 a
754 1694 963 1751 cohabitatione
978 1701 1152 1765 separentur,
1165 1696 1344 1767 quoadusque
1363 1698 1454 1751 altera
1472 1714 1541 1751 seu·

346 1802 434 1855 tentia
453 1818 535 1871 super
554 1802 686 1857 nullitate
705 1802 888 1868 emanaverit,
906 1818 923 1855 a
942 1819 998 1874 qua
1015 1803 1090 1856 iutra
1108 1803 1204 1857 decern
1223 1771 1282 1857 dies
1301 1820 1356 1857 non
1375 1805 1413 1858 sit
1437 1802 1543 1873 appel·

343 1906 441 1975 latum,
455 1908 499 1963 vel
519 1908 674 1979 appellatio
693 1910 860 1979 interposita
872 1911 982 1964 deserta
995 1910 1094 1965 deinde
1113 1910 1211 1969 fuerit:
1225 1910 1272 1965 sed
1286 1910 1406 1965 ulterius
1422 1918 1455 1965 ut
1467 1927 1544 1965 con·

344 2014 458 2069 trahens
471 2016 514 2069 val
529 2016 727 2072 contrahentes
745 2017 957 2071 Matrimonium
971 2016 1128 2071 huiusmodi
1142 2019 1239 2087 poenis
1256 2024 1355 2071 contra
1367 2017 1538 2086 Poligamos

343 2134 359 2171 a
372 2117 464 2171 Sacris
475 2119 641 2185 canonibus,
651 2132 680 2174 et
690 2120 945 2174 constitutionibus
955 2120 1126 2189 apostolicis
1137 2121 1299 2176 constitutis
1308 2121 1422 2175 omnino
1435 2121 1539 2175 subis-

342 2232 433 2289 ceant,
452 2242 521 2295 quas
540 2225 568 2277 in
589 2242 644 2289 eos,
663 2230 803 2295 quatenus
821 2242 891 2294 opus
909 2226 955 2292 sit,
973 2231 1061 2291 motu,
1080 2227 1208 2291 scientia,
1227 2243 1261 2280 ac
1280 2229 1420 2295 potestate
1441 2228 1536 2281 simili

342 2346 437 2383 rursus
455 2330 613 2397 statuimus,
632 2330 816 2395 decernimus,
836 2347 869 2383 ac
888 2347 1064 2387 renovamus.

429 2441 446 2501 ἓ
468 2438 502 2491 Χ.
524 2438 708 2508 Posteaquam
729 2454 796 2492 vero
820 2436 1021 2507 appellationis
1046 2439 1182 2493 beneficio
1207 2439 1242 2492 ad
1260 2413 1383 2494 alterum
1405 2440 1533 2497 Iudicem

340 2561 424 2598 cansa
443 2544 471 2600 in
492 2546 613 2602 secunda
631 2546 766 2602 instantia
790 2544 885 2601 delata
903 2547 1005 2613 fuerit,
1023 2546 1132 2612 omnia,
1151 2553 1180 2600 at
1199 2546 1311 2617 singula
1336 2564 1534 2619 quaecumque

340 2669 431 2707 coram
451 2652 544 2708 ludica
563 2656 591 2709 in
612 2655 699 2722 prima
718 2653 854 2708 instantia
872 2654 1009 2708 servanda
1028 2655 1178 2723 praefinita
1190 2655 1314 2719 suerunt,
1327 2655 1412 2708 etiam
1431 2671 1530 2710 coram

339 2761 430 2816 altaro
452 2761 479 2815 in
506 2763 626 2816 secunda
652 2765 749 2816 exacte
774 2779 807 2816 ac
829 2762 981 2831 diligenter
1003 2762 1212 2828 custodientur,
1231 2763 1320 2816 citato
1344 2763 1372 2815 iu
1397 2763 1530 2832 quolibet

339 2866 434 2920 ludicii
454 2871 517 2921 actu
540 2867 688 2921 Defensore
708 2867 892 2933 Matrimonii,
911 2867 958 2938 qui
979 2883 1047 2921 voce
1066 2872 1095 2922 et
1114 2868 1218 2936 scripto
1237 2867 1409 2922 matrimonii
1426 2868 1532 2922 validi-

339 2976 425 3028 tatem
448 2977 562 3029 strenue
581 2989 614 3028 ac
634 2989 684 3042 pro
708 2973 814 3027 viribus
839 2973 980 3038 tuebitur,
998 2977 1029 3027 et
1046 2975 1069 3026 si
1093 2974 1177 3028 ludex
1196 2974 1225 3028 in
1244 2975 1365 3028 secunda
1387 2975 1530 3028 instantia

337 3079 422 3131 suerit
442 3077 685 3148 Metropolitanus,
705 3083 754 3132 aut
773 3077 852 3132 Sedis
871 3079 1052 3147 Apostolicaa
1070 3079 1204 3144 Nuncius,
1216 3084 1267 3132 aut
1286 3079 1438 3149 Episcopus
1456 3079 1530 3134 vici·

338 3187 407 3252 nior,
428 3185 600 3240 Matrimonii
622 3187 756 3240 Defensor
777 3187 829 3250 sit,
847 3187 896 3256 qui
915 3188 951 3240 ab
970 3186 1038 3255 ipsis
1057 3187 1143 3240 tuerit
1164 3187 1327 3255 deputatus,
1345 3186 1530 3257 qrramadmo·

336 3293 400 3344 dum
419 3291 487 3359 ipsis
505 3291 639 3359 deputare
658 3291 829 3356 mandamus,
847 3296 879 3344 ut
897 3307 969 3361 quae
989 3308 1006 3344 a
1025 3291 1112 3344 Nobis
1129 3291 1258 3360 superius
1276 3291 1527 3350 constitutaesint,

337 3413 471 3468 peragere
490 3398 592 3466 possit;
611 3397 635 3450 si
655 3401 749 3453 autem
770 3399 853 3452 ludex
872 3397 901 3451 in
920 3399 1043 3451 secunda
1061 3397 1198 3452 instantia
1216 3398 1271 3452 erit
1289 3399 1374 3453 ludex
1388 3397 1527 3452 Commis-

335 3505 437 3569 sarius,
457 3503 500 3556 cni
521 3521 538 3556 a
556 3503 626 3557 Sede
646 3503 809 3572 Apostolica
834 3520 936 3558 causae
955 3504 1080 3572 cognitio
1101 3503 1269 3558 demandata
1286 3505 1339 3571 sit,
1359 3509 1389 3559 et
1405 3505 1453 3576 qui
1472 3504 1551 3558 tri-⁸

335 3611 429 3676 hunsl,
443 3614 472 3665 et
485 3609 705 3666 iurisdictionem
725 3609 894 3664 ordinariam
914 3627 968 3664 non
986 3610 1098 3675 habeat,
1111 3616 1140 3664 et
1153 3615 1301 3681 propterea
1314 3618 1411 3668 careat
1424 3612 1527 3667 Defen-

334 3735 396 3774 sore
428 3717 615 3781 matrimonii,
643 3715 785 3780 volumus,
814 3721 845 3770 ut
873 3716 924 3771 illo
952 3715 1105 3771 Defensora
1133 3717 1306 3771 matrimonii
1334 3722 1445 3782 utatur,
1473 3719 1522 3787 qui

334 3827 503 3880 constitutus
522 3826 607 3880 siverit
626 3827 661 3880 ab
675 3825 831 3890 Ordinario,
845 3825 874 3877 in
887 3825 967 3878 cuius
987 3824 1113 3879 Diuecesi
1132 3841 1245 3878 causam
1263 3828 1422 3893 cognoscet,
1434 3825 1521 3878 etiam

333 3933 355 3986 si
376 3931 446 3987 idem
467 3931 630 3986 Ordinarius
649 3931 701 3995 sit,
720 3931 767 4000 qui
787 3930 905 3999 primam
929 3929 1101 3984 senteutiam
1120 3929 1148 3982 in
1168 3928 1265 3983 eadem
1291 3946 1375 3982 causa
1400 3945 1524 3998 pronun·

333 4040 459 4092 ciaverit.

351 4161 354 4164 ·
421 4147 438 4207 ἓ
459 4142 506 4196 Xl.
526 4142 665 4196 Instructo
684 4146 778 4196 avitam
798 4142 826 4194 in
847 4141 921 4194 hunc
940 4140 1051 4194 modum
1070 4140 1180 4208 iudicio,
1198 4141 1222 4192 si
1239 4141 1361 4195 secunda
1377 4140 1519 4195 sententia

332 4250 414 4304 alteri
434 4251 583 4304 conformis
601 4250 696 4314 interit,
716 4248 768 4303 hoc
788 4253 839 4314 est,
858 4249 882 4302 si
901 4249 929 4301 iu
949 4249 1071 4302 secunda
1090 4265 1180 4319 aeque
1198 4265 1232 4301 ac
1250 4248 1279 4301 in
1299 4249 1388 4316 prima
1406 4247 1516 4302 nullum

331 4371 363 4410 ac
382 4358 492 4410 irritum
511 4357 721 4410 matrimonium
741 4357 894 4437 iudicatum
913 4357 1007 4421 tuterit,
1020 4362 1051 4411 et
1068 4358 1103 4410 ab
1117 4373 1151 4410 ea
1171 4355 1248 4421 Pars,
1260 4356 1305 4410 vel
1320 4356 1452 4411 Defensor
1466 4370 1518 4422 pro
