3350 5100
327 287 393 358 104
736 319 740 324 ’
849 255 936 360 'rans
962 315 983 360 1.

412 438 466 503 76.
492 439 706 504 Nihilominus
731 437 932 505 D'nnntbale
955 441 977 504 l.
1002 461 1029 506 c.
1055 443 1204 526 opinatur
1229 462 1292 504 nnn
1317 461 1411 528 posse
1434 463 1506 528 pro-

322 563 393 628 bari
415 563 493 630 itae
514 565 669 630 naturali
688 583 758 629 esse
777 565 891 630 vetitas
917 585 1040 630 usuras.
1058 565 1208 632 Advertit
1231 570 1316 632 enim
1342 565 1503 652 (11‚533).

324 689 444 754 (Sane
468 690 552 774 quod
574 691 638 755 hoc
661 692 733 756 iure
756 676 860 776 urget.
878 711 977 756 unum
1002 698 1060 765 est,
1079 691 1253 758 dominium
1270 695 1317 758 rei
1342 699 1504 758 mutuatae

322 817 356 878 iu
368 815 580 900 accipientem
595 818 753 891 transire;
770 815 931 880 dominum
945 822 1051 881 autern
1065 815 1104 880 ob
1119 819 1166 882 rei
1183 837 1260 882 suae
1273 839 1364 882 usum
1377 817 1504 902 quidvis

321 941 378 1004 alii
401 947 570 1025 praestare
594 947 627 1006 et
649 942 791 1024 iniquum
815 949 848 1004 et
871 941 1044 1006 absurdum
1069 961 1150 1007 esse.
1176 944 1223 1006 lta
1247 963 1364 1027 porro:
1388 961 1502 1007 verum

320 1067 376 1148 q'ui
399 1084 469 1130 rem
492 1071 635 1130 mutuam
658 1065 711 1128 alii
736 1065 790 1130 dat
814 1067 843 1128 ei
868 1067 983 1150 procul
1007 1065 1102 1130 dubio
1132 1064 1323 1132 beneficium
1348 1072 1501 1152 praestat,

321 1189 479 1258 beneficia
502 1192 686 1257 mercedem
711 1193 859 1276 recipere
884 1193 1021 1257 naturali
1046 1194 1116 1257 iure
1140 1213 1233 1278 posse
1249 1195 1320 1276 quis
1344 1192 1499 1278 negetl›

321 1313 415 1388 Quod
431 1317 624 1401 principium
640 1315 782 1399 explicat
800 1316 957 1400 exemplis
981 1315 1065 1380 idem
1081 1316 1200 1381 Ductor
1217 1319 1236 1380 l.
1256 1337 1283 1382 o.
1301 1316 1358 1382 sub
1375 1337 1407 1380 n.
1425 1319 1500 1388 439,

321 1445 386 1504 not.
404 1441 435 1520 3,
453 1440 572 1504 docens
594 1459 689 1524 posse
713 1441 814 1525 recipi
838 1439 1021 1505 mercedem
1046 1461 1103 1506 seu
1126 1444 1265 1526 pretium
1289 1443 1329 1507 ob
1353 1443 1502 1526 officum

309 1557 499 1630 'tronestum
515 1585 573 1629 seu
590 1565 789 1650 beneficium
805 1567 898 1650 qnod
913 1567 989 1650 quis
1005 1566 1106 1631 atteri
1125 1573 1281 1648 praestat
1298 1568 1399 1632 etiam
1416 1567 1501 1632 citro

321 1708 422 1754 omne
434 1689 602 1755 damnum
613 1691 666 1755 vel
678 1671 933 1757 incommodant
940 1711 954 1772 ;
971 1696 1082 1774 utputa
1094 1693 1126 1754 in
1140 1691 1348 1776 sequentibus
1360 1692 1500 1757 casibus:

321 1883 504 1952 permutando
522 1883 669 1952 pecuniam
688 1890 864 1952 praesentem
883 1900 945 1937 cum
964 1882 1022 1938 alia
1040 1884 1165 1939 diuersae
1178 1885 1289 1955 speciei,
1302 1890 1370 1954 puta
1388 1902 1500 1940 auream

319 2005 384 2042 cum
397 1993 547 2058 argentea3
557 1989 602 2044 vel
616 1991 786 2045 numerando
799 1991 935 2060 campsori
949 1992 1096 2060 pecuniam
1109 1993 1139 2046 iu
1153 2007 1207 2045 uno
1224 1993 1293 2058 loco,
1308 1997 1375 2060 puta
1387 1992 1502 2058 Romae,

320 2093 522 2148 restituendam
534 2094 564 2147 in
577 2093 642 2160 alio,
655 2099 723 2164 puta
736 2095 864 2159 Parisiis3
884 2095 927 2150 vel
941 2101 1040 2148 contra
1059 2095 1220 2165 accipiendo
1238 2097 1273 2149 ab
1287 2096 1347 2166 ipso
1358 2112 1501 2165 campsore

320 2200 467 2269 pecuniam
481 2201 587 2255 Romae
599 2205 632 2255 ut
644 2200 695 2255 illa
711 2202 800 2256 eidem
814 2201 981 2256 restituatur
994 2203 1117 2256 Parisiis.
1132 2232 1147 2242 -
1162 2202 1191 2256 ln
1205 2208 1350 2256 contractu
1364 2204 1502 2264 societatis

320 2307 490 2377 impenditur
507 2309 542 2362 ab
562 2325 617 2363 uua
636 2313 716 2378 parte
734 2309 861 2378 pecunia,
877 2325 911 2364 ex
931 2309 1021 2366 altera
1040 2311 1120 2364 labor
1138 2315 1167 2365 et
1186 2311 1323 2365 industria
1342 2311 1413 2365 unde
1432 2311 1498 2364 socii

320 2415 429 2469 lucrum
447 2419 568 2484 sperant
582 2445 596 2456 -
610 2415 662 2470 Sed
675 2415 795 2471 societas
807 2421 851 2471 est
864 2422 1027 2472 contractus
1045 2419 1212 2482 alectorias,-
1226 2417 1291 2471 inde
1309 2418 1439 2472 iuventus
1458 2427 1501 2472 est

320 2521 483 2593 iampridem
502 2522 613 2578 celeber
632 2503 791 2578 condamus
810 2539 913 2579 rursus
932 2525 979 2596 qui
1000 2529 1096 2579 tantas
1112 2524 1246 2579 excitavit
1265 2525 1319 2578 DD.
1339 2530 1500 2580 coutrover-

318 2632 382 2697 sias,
396 2632 499 2702 quique
511 2631 659 2686 damnatus
671 2632 725 2686 fuit
737 2650 754 2685 a
768 2632 847 2686 Sixto
861 2632 886 2684 V
899 2632 992 2686 Coust.
1004 2634 1181 2687 Detestabilis
1192 2635 1345 2699 avaritiue;
1364 2638 1393 2687 at
1407 2632 1499 2687 Consi.

319 2740 498 2809 quaestiones
516 2755 571 2793 nou
590 2755 606 2794 a
626 2738 717 2793 medio
735 2740 854 2793 abstulit
873 2741 938 2810 quia
958 2739 1013 2794 llll.
1030 2757 1091 2794 eam
1110 2740 1289 2808 interpretati
1305 2747 1371 2794 suut
1389 2744 1421 2794 ut
1440 2745 1501 2794 tau·

319 2844 462 2900 tummodo
481 2848 566 2900 istum
578 2845 701 2901 uoluerit
713 2847 845 2901 damnare
858 2848 1087 2918 quotiescumque
1099 2848 1186 2902 tuterit
1200 2850 1326 2901 larvatus
1343 2858 1500 2903 contractus

319 2954 477 3006 usurarius
503 2952 629 3007 Habetur
652 2952 700 3007 hic
725 2956 817 3007 trinus
842 2958 1018 3017 contractus,
1040 2953 1153 3025 ¹quando
1177 2955 1333 3008 contractui
1359 2953 1501 3008 societatis

320 3058 452 3111 adiicitur
469 3057 572 3127 duplex
591 3064 751 3114 contractus
763 3062 985 3114 assecurationis.
999 3060 1029 3114 ln
1043 3060 1178 3115 societate
1190 3060 1266 3114 enim
1287 3058 1312 3130 l)
1331 3064 1375 3113 est
1386 3060 1500 3114 dubium

320 3162 438 3226 lucrum,
456 3164 484 3231 2)
503 3168 533 3217 et
551 3162 706 3233 periculum
719 3165 802 3218 sortis
814 3164 888 3233 apud
901 3164 1041 3219 dominum
1055 3168 1156 3220 manet
1172 3166 1213 3219 nd
1227 3164 1299 3219 hanc
1311 3167 1406 3221 alsam
1425 3168 1502 3221 aufe

320 3268 442 3335 rendam,
461 3270 524 3339 quis
541 3270 571 3338 a)
590 3285 640 3340 pro
659 3268 737 3323 lucro
756 3271 864 3324 incerto
882 3272 997 3336 maiore,
1016 3277 1123 3326 certum
1142 3271 1189 3325 sed
1213 3272 1304 3325 minus
1322 3270 1431 3325 lucrum
1450 3270 1501 3325 eli·

319 3376 417 3444 gabat3
437 3373 472 3445 bl·
482 3375 547 3430 dein
560 3378 592 3429 ut
604 3375 781 3446 propulsaret
799 3394 816 3430 a
834 3394 864 3431 se
883 3377 1038 3446 periculum
1050 3378 1134 3431 sortis
1147 3393 1181 3432 ex
1194 3378 1255 3447 ipso
1268 3378 1319 3432 illo
1331 3377 1410 3432 lucro
1423 3388 1499 3433 certo

321 3480 405 3533 aliam
429 3486 538 3551 partem
564 3482 681 3536 cedebat
699 3487 730 3536 ut
748 3483 777 3535 iu
796 3483 882 3536 alium
907 3482 1061 3551 periculum
1086 3484 1171 3538 sortis
1193 3485 1361 3540 refunderet,
1382 3484 1452 3545 Quia
1470 3484 1500 3539 iu

318 3586 404 3642 danto
421 3588 569 3658 pecuniam
587 3589 687 3643 exinde
704 3588 844 3644 habentur
861 3591 969 3644 fructus
988 3590 1058 3645 certi
1077 3592 1180 3662 absque
1201 3590 1325 3661 periculo
1343 3591 1426 3645 sortis
1444 3568 1499 3645 non

319 3708 399 3746 secus
417 3710 449 3747 ac
468 3693 497 3745 in
516 3698 678 3760 mutuante,
699 3694 763 3748 inde
789 3711 844 3748 nou
871 3695 1012 3749 immerito
1036 3694 1206 3750 Canonistae
1228 3697 1256 3749 iu
1276 3696 1329 3750 hoc
1353 3701 1501 3751 contractu

318 3802 487 3856 damnarunt
505 3800 629 3857 larvatas
647 3819 758 3868 usuras3
777 3802 851 3875 quod
870 3808 899 3858 at
912 3809 1008 3859 tenere
1020 3803 1131 3858 videtur
1144 3803 1245 3859 Bened.
1260 3803 1327 3859 XVI
1346 3806 1367 3857 l.
1388 3806 1433 3859 cit.
1452 3804 1498 3858 ubi

320 3907 467 3962 historiam
485 3910 558 3964 texit
575 3908 658 3963 huius
676 3911 857 3981 quaestionis.
877 3908 1008 3966 Ceterum
1028 3927 1062 3966 ex
1081 3910 1164 3965 dictis
1181 3914 1268 3980 patet,
1281 3911 1325 3965 ius
1337 3910 1503 3965 canonicum

284 4025 288 4031 ’
319 4028 375 4069 uon
393 4014 552 4085 impediisse
571 4033 664 4071 rarum
681 4017 880 4071 commercium
899 4022 928 4072 at
946 4016 1090 4071 bominum
1108 4017 1273 4071 industriam
1292 4018 1394 4087 quibus
1413 4015 1503 4087 expli·

318 4122 414 4177 caudis
442 4140 529 4194 usquc
553 4128 665 4194 praesto
688 4124 743 4178 fuit
768 4126 894 4191 societas,
914 4140 1012 4179 census
1036 4124 1133 4189 realis,
1158 4126 1305 4178 cambiunt
1326 4124 1366 4178 De
1394 4122 1501 4177 mutuis

317 4228 401 4283 factis
419 4247 437 4282 a
454 4230 596 4284 Montibus
609 4231 724 4301 pietatis
742 4230 882 4284 acerrima
900 4231 954 4284 fuit
973 4230 1109 4301 quaestio,
1127 4230 1175 4285 sed
1194 4230 1300 4284 concil.
1320 4229 1383 4284 Lst.
1400 4227 1425 4282 V
1444 4232 1502 4283 sta-

318 4334 375 4387 tuit
393 4350 473 4403 posss
491 4336 567 4405 exigi
586 4335 720 4406 quosdam
736 4336 846 4389 fructus
865 4352 900 4415 ex
919 4336 1038 4403 mutuis,
1057 4337 1093 4390 ob
1111 4336 1251 4405 impensas
1269 4332 1451 4399 necessarias,
1471 4333 1502 4389 iu

318 4444 416 4514 primis
434 4461 484 4516 pm
502 4445 630 4500 mercede
647 4446 797 4500 tribuenda
815 4446 1092 4500 administratoribus
1109 4447 1258 4501 Montium.
