3350 5100
536 334 580 379 na
604 334 743 381 runicus
766 334 1009 381 narumamnus
1294 316 1359 380 323

179 459 207 522 si
232 466 379 543 negatur.
404 457 487 522 haec
511 459 685 542 propositio
708 455 744 523 dt
766 458 933 523 articulus
955 456 1030 526 litis.
1048 477 1147 543 super
1166 477 1229 543 quo
1247 458 1359 543 proba·

179 586 285 649 tiones
308 588 406 648 erunt
427 582 468 647 ab
492 602 540 652 eo,
558 584 649 647 ouius
665 584 810 663 interest,
826 579 1022 648 afferendae.
1043 618 1060 631 -
1081 584 1117 647 ln
1135 604 1171 648 re
1188 584 1360 650 criminali

179 708 255 791 qnia
277 707 453 791 simplicior
476 710 525 771 est
548 707 704 790 quaestio,
730 710 838 790 utpote
869 706 1039 789 quaeritur
1061 726 1102 771 an
1125 714 1297 774 accusatus
1319 710 1361 772 sit

180 831 324 896 criminis
338 836 462 901 auctor,
479 836 512 894 et
527 831 582 894 vix
599 830 798 914 expostulari
814 831 948 914 possita
965 850 1021 894 reo
1038 836 1073 895 ut
1088 832 1156 917 ipse
1171 832 1360 915 simpllciter

181 955 244 1019 hoc
267 956 418 1027 fateatur,
443 954 519 1019 inde
544 962 717 1020 accusator
747 974 810 1019 noo
843 955 971 1039 profert
997 956 1197 1038 posticam,
1221 962 1254 1021 et
1284 957 1358 1022 dein

181 1080 357 1162 attactos
368 1079 425 1146 sed
437 1080 626 1164 simpliciter
641 1078 791 1161 capitula
802 1100 859 1143 seu
872 1077 1003 1144 totidem
1017 1080 1123 1164 capita
1135 1082 1359 1161 accusationis,

181 1224 263 1287 qnae
279 1210 480 1269 contestatur
495 1213 647 1270 accusato
670 1212 705 1269 ut
720 1224 756 1269 se
770 1204 933 1284 defendat,
954 1206 1057 1288 prouti
1079 1210 1173 1269 cavet
1193 1212 1296 1289 caput
1310 1206 1360 1271 al

181 1326 232 1392 Dc
242 1346 352 1393 accus
366 1328 401 1391 X
413 1349 432 1390 ‹
445 1326 546 1392 Debet
560 1327 661 1412 igitur
672 1347 743 1392 esse
755 1346 911 1411 praesens
926 1327 962 1407 is,
978 1335 1196 1411 contraquam
1213 1329 1360 1393 iacienda

182 1460 231 1517 est
256 1454 428 1536 inquisitio,
453 1456 515 1519 nisi
537 1474 573 1517 se
596 1474 657 1539 per
679 1456 912 1518 contumaciam
936 1452 1167 1534 absentaverit,
1195 1462 1227 1519 et
1254 1474 1358 1539 eupo-

181 1580 297 1645 nendu
311 1586 390 1645 suat
413 1580 444 1645 ei
465 1580 527 1646 itta
549 1580 701 1662 capitula
723 1580 767 1643 de
788 1578 911 1663 quibas
931 1579 1038 1661 fucrit
1054 1580 1299 1664 inquirendum
1322 1589 1358 1645 ut

181 1702 380 1785 facultatem
396 1703 519 1769 halect
532 1703 739 1785 defendendi
752 1692 902 1784 scipsum
917 1724 948 1767 t.
969 1706 1147 1769 Accusatus
1163 1724 1206 1769 ex
1220 1706 1358 1770 adverso

182 1828 313 1911 opponit
327 1826 490 1893 mucules
505 1825 716 1909 deserueritis
738 1845 796 1892 seu
819 1827 907 1890 lacta
922 1826 973 1890 vel
998 1827 1074 1891 lacti
1098 1826 1259 1898 adiuncta,
1277 1849 1358 1913 qnae

181 1949 316 2035 spondet
345 1970 382 2015 se
405 1950 614 2035 probaturum
645 1970 705 2035 per
733 1956 833 2016 testes
857 1948 948 2035 (quos
976 1952 1131 2037 nominat)
1156 1950 1358 2019 deducendos

166 2079 237 2161 ⁸aut
259 2095 318 2160 per
341 2075 555 2140 instrumenta
578 2080 634 2139 aut
656 2076 721 2139 alia
743 2082 945 2160 argumenta.

273 2198 407 2264 lndein
430 2218 583 2284 processu
605 2174 714 2265 mtato
741 2234 758 2247 -
781 2198 924 2281 scrutati
950 2234 966 2247 -
993 2206 1064 2283 post
1087 2200 1251 2284 expletum
1282 2221 1356 2286 pro-

180 2342 307 2389 cessum
329 2325 548 2409 inquisitirum
572 2330 605 2389 et
627 2344 685 2390 reo
708 2328 772 2391 iam
794 2328 988 2397 examinato,
1006 2326 1104 2391 index
1119 2327 1262 2411 assignat
1285 2346 1357 2411 pro·

181 2449 324 2513 curatori
355 2446 456 2513 flscali
487 2455 614 2532 tempus
643 2448 684 2513 ad
713 2448 997 2531 cupituluadum5
1019 2467 1101 2532 quae
1131 2449 1292 2531 capitata,
1316 2449 1357 2513 ad

180 2573 350 2639 formalem
375 2575 442 2640 titis
464 2577 748 2655 contractiorem,
772 2593 868 2658 quum
892 2561 991 2639 iudex
1020 2579 1171 2642 ascusam
1194 2573 1358 2640 denuntia·

135 2742 139 2750 .
180 2699 274 2765 verit.
298 2699 471 2763 coniuncta
493 2699 743 2793 cumappositis
765 2697 989 2783 probationum
1017 2700 1227 2784 argumentis,
1251 2701 1357 2783 prouti

180 2827 391 2892 continentur
406 2826 437 2888 in
451 2824 624 2908 publicato
640 2842 804 2906 processu
819 2824 989 2906 offcorivo.
1006 2823 1061 2888 dat
1075 2825 1250 2889 terminum
1267 2843 1359 2889 accu-

151 2959 158 2966 '
180 2953 251 3012 sato
273 2949 314 3013 ad
333 2949 590 3015 articulundum
613 2969 670 3012 seu
693 2947 733 3012 ad
757 2966 793 3012 se
814 2946 1061 3012 defendendum.
1084 2949 1235 3032 Acceptis
1250 2953 1356 3013 autem

179 3073 343 3146 articulis,
358 3073 455 3138 index
475 3074 619 3156 assignat
641 3071 739 3137 alium
763 3073 938 3136 terminum
962 3090 1018 3136 seu
1041 3073 1214 3137 terminum
1235 3072 1357 3154 probu-

126 3214 132 3224 ·
181 3197 307 3263 tetiam
330 3199 363 3262 in
387 3217 450 3281 quo
474 3217 549 3262 reus
573 3197 687 3282 probet
709 3197 880 3262 articulos,

270 3322 333 3386 Alii
354 3321 423 3388 duo
442 3322 573 3386 termini
590 3322 815 3406 assignantur;
831 3321 919 3385 alter
935 3339 997 3403 quo
1016 3319 1147 3404 delapso
1170 3318 1358 3384 decernitur

178 3444 364 3527 publicatio
384 3465 574 3530 processus,
591 3448 651 3510 nisi
674 3451 782 3512 tamen
806 3451 917 3530 partes
940 3447 1026 3510 intra
1049 3445 1210 3510 dilationis
1234 3451 1359 3529 tempus

181 3567 334 3652 probent,
362 3568 509 3634 deveniri
541 3569 647 3634 adhuc
676 3588 740 3633 non
771 3587 864 3653 posse
898 3567 938 3634 ad
969 3567 1251 3650 publicationes,
1284 3569 1359 3651 quia

182 3693 326 3777 reliquae
355 3699 430 3759 sunt
457 3694 663 3779 probationes
690 3692 906 3758 deducendae.
931 3693 1028 3758 Alter
1053 3693 1212 3758 terminus
1237 3695 1283 3774 (et
1309 3698 1358 3757 est

180 3819 312 3884 ultimus
334 3821 367 3884 in
391 3819 523 3905 periodo
547 3819 746 3906 probatoria)
770 3821 954 3904 assignatur
981 3817 1171 3885 communis
1197 3823 1268 3883 tam
1297 3837 1357 3885 reo

181 3959 288 4024 quam
315 3942 507 4024 promoturi
535 3941 577 4006 ad
607 3940 829 4006 disserendum
852 3948 920 4007 tum
943 3941 977 4004 in
1000 3939 1092 4012 iure,
1117 3945 1185 4004 tum
1210 3939 1243 4004 in
1264 3938 1357 4022 facto

180 4065 285 4149 quoad
311 4071 389 4132 acta
420 4071 453 4130 ot
478 4065 636 4148 probato.
671 4065 849 4150 Pellegrini
880 4083 934 4148 cp.
963 4064 1016 4129 cit.
1046 4059 1130 4129 Sect.
1155 4063 1216 4136 IX,
1239 4081 1273 4126 a.
1298 4061 1357 4127 56.

182 4191 267 4256 Istae
282 4192 517 4276 assignationes
536 4191 747 4256 terminorum
770 4188 876 4274 quoad
897 4157 1102 4253 durationem
1125 4192 1200 4251 sunt
1221 4185 1359 4251 arbitra·

180 4316 260 4386 riae.
283 4315 341 4380 sed
368 4316 574 4380 necessariae
597 4335 656 4400 pro
679 4314 889 4381 solennitate
911 4320 1012 4386 actus,
1037 4316 1205 4396 qnatenus,
1230 4313 1263 4377 in
1286 4331 1358 4398 pro

180 4459 274 4506 cessu
296 4440 448 4523 formali,
465 4441 517 4505 isti
533 4439 654 4505 diversi
678 4439 815 4505 termini
837 4438 1012 4505 distinctim
1028 4436 1214 4523 assignandi
1236 4443 1322 4504 sunt.
1339 4485 1357 4500 .
