3350 5100
559 1000 870 1091 Auuuoaruu
894 999 965 1087 Ill

184 1320 387 1387 lnsrauorro
419 1338 520 1386 sorra
553 1341 573 1385 a
604 1339 708 1386 sacua
739 1338 1022 1386 conoaacamoun
1053 1337 1200 1385 coucrnu
1232 1337 1291 1385 om
1315 1318 1359 1384 22

273 1461 416 1509 suuusrr
437 1442 522 1507 1840
536 1462 601 1509 rao
618 1461 847 1509 oonrromons
862 1461 1046 1508 raocsssus
1063 1462 1099 1507 ru
1116 1460 1228 1508 caus1s
1241 1460 1359 1508 narru-

275 1586 488 1635 MONlALIBUS.

255 1816 323 1869 Cum
342 1823 455 1870 moneat
473 1814 571 1869 Glossa
589 1816 618 1867 in
637 1832 697 1885 cap.
715 1817 763 1885 fin.
777 1817 812 1869 de
830 1815 899 1886 stip.
912 1823 938 1869 rt
950 1816 1059 1884 males.)
1073 1815 1102 1868 in
1115 1815 1206 1869 causis
1218 1814 1362 1869 matrimo-

184 1918 305 1972 nialibus
323 1936 432 1975 omnem
451 1918 590 1975 cautelam
610 1936 670 1975 esse
688 1919 872 1975 adhibendam
892 1924 1006 1989 propter
1024 1918 1179 1989 periculum
1194 1920 1358 1983 animarum,

184 2029 256 2099 quod
275 2034 304 2083 et
322 2029 418 2083 docuit
436 2016 559 2083 Sancbss
577 2031 624 2097 (ds
642 2032 764 2084 matrim.
784 2029 831 2083 ua
847 2030 877 2095 7,
895 2028 1096 2099 diap.107)et
1114 2026 1194 2083 card.
1210 2018 1361 2097 Argeuvil-

185 2134 252 2190 liare
270 2134 310 2205 (in
335 2138 444 2190 dissert.
466 2138 640 2191 matrimonii
657 2138 739 2191 relat.
762 2140 836 2191 inter
860 2147 925 2191 vota
946 2136 1117 2191 Constantini
1133 2134 1166 2190 P.
1185 2137 1217 2197 5,
1235 2136 1292 2189 ool.
1309 2136 1361 2189 cit.

183 2259 211 2293 n.
231 2240 279 2310 16)
298 2239 378 2310 plura
397 2239 462 2295 binc
480 2258 498 2293 a
516 2240 608 2295 Sacris
626 2241 784 2297 Canonibus
802 2242 912 2296 sancita
929 2246 1010 2307 sunt,
1030 2246 1061 2295 ut
1078 2245 1172 2295 tutum
1196 2257 1229 2294 ac
1254 2246 1361 2295 rectum

185 2347 317 2401 iudicium
337 2347 476 2402 efformari
501 2352 594 2419 queat.
614 2348 656 2403 Ad
685 2349 869 2404 removendas
895 2365 962 2403 raro
979 2348 1097 2416 fraudes,
1116 2364 1189 2419 quaa
1212 2348 1360 2417 coniugum

185 2452 294 2509 malitia
312 2455 356 2509 rcl
382 2454 536 2511 collusione
559 2472 642 2525 saepe
667 2456 845 2523 criebantur,
864 2456 892 2509 S.
912 2457 950 2510 M.
971 2456 1072 2512 Beued.
1090 2454 1159 2510 xlv
1181 2455 1229 2522 (In
1250 2456 1362 2510 Consta.

183 2579 200 2615 c
213 2565 265 2618 Dai
273 2566 451 2620 miseratione
461 2563 490 2637 a)
501 2580 659 2634 processum
669 2565 872 2620 conficiendum
885 2581 946 2620 ease
959 2564 1102 2634 praecepit
1113 2565 1164 2618 sub
1178 2580 1267 2633 poena
1279 2564 1362 2619 nulli-

183 2671 250 2725 tatis
268 2673 391 2728 omnium
411 2676 546 2736 actorum,
566 2676 597 2726 ut
614 2673 826 2740 probationibus
846 2672 1029 2742 undequaque
1047 2671 1256 2727 accuratissime
1268 2689 1363 2726 cumu-

185 2777 250 2831 latis
269 2779 297 2832 in
316 2780 408 2832 causis
427 2777 584 2833 huiusmodi
603 2779 726 2832 omnium
746 2779 930 2848 gravissimis,
947 2779 975 2832 in
995 2779 1096 2849 quibus
1108 2779 1203 2848 agitur
1215 2778 1249 2832 ds
1262 2777 1361 2833 Sacra-

185 2885 271 2936 menti
300 2882 445 2937 validitate
469 2883 513 2936 vel
539 2882 680 2947 nullitate,
700 2900 734 2938 ac
755 2883 789 2938 de
814 2883 990 2940 dissolvendo
1013 2883 1127 2938 viuculo
1150 2882 1363 2947 matrimoniali,

186 2989 290 3042 iudices
308 2989 344 3041 iu·
365 2989 530 3058 proterendo
557 2989 659 3044 iudicio
683 2991 738 3044 tuti
763 2990 961 3061 conquiescere
985 2995 1105 3060 possent.
1124 2993 1164 3044 at
1189 2990 1256 3061 quia
1281 3005 1363 3059 saepe

185 3098 214 3150 in
233 3094 285 3148 boc
303 3095 467 3150 difficillimo
485 3111 615 3165 processu
634 3103 697 3150 acts
716 3097 807 3152 minus
820 3101 906 3162 recte,
917 3102 946 3152 st
960 3101 1025 3166 apte
1044 3097 1078 3150 ad
1098 3097 1246 3152 vamtatem
1264 3112 1364 3152 eruen-

186 3205 247 3258 dam
267 3205 495 3270 conficiebantur,
509 3203 535 3258 8.
548 3204 737 3274 Congregatio
750 3206 862 3274 saepius
873 3205 1074 3259 instructiones
1085 3203 1181 3270 edidit,
1192 3221 1226 3258 ac
1238 3220 1362 3258 normam

186 3312 365 3382 praescripsit
383 3329 466 3382 quam
486 3311 614 3381 Episcopi
634 3317 825 3396 sequerentur.

257 3419 325 3472 Cum
345 3419 441 3489 itaqua
456 3419 485 3472 iu
498 3417 654 3472 huiusmodi
674 3419 765 3472 causis
778 3434 831 3473 non
846 3418 880 3475 ds
894 3419 954 3473 iure
967 3416 1132 3473 alterutrius
1145 3419 1233 3487 partis
1244 3423 1364 3484 mutum,

185 3523 233 3578 sad
253 3511 453 3592 praecipue'ds
472 3521 673 3576 Sacramentali
695 3522 806 3577 vinculo
825 3521 1001 3576 dissolvendo
1019 3526 1129 3591 agatur,
1142 3538 1285 3591 processus
1301 3530 1365 3576 acta

186 3647 242 3685 nou
260 3630 294 3683 ad
313 3631 402 3685 instar·
421 3629 540 3686 aliorum
560 3628 734 3694 iudiciorum,
754 3630 918 3699 praesertim
934 3629 1070 3696 civilium,
1089 3629 1138 3684 sed
1155 3629 1236 3682 iuxta
1253 3628 1300 3681 SS.
1314 3628 1363 3682 Ca·

187 3753 281 3803 nones,
299 3739 415 3791 citatam
434 3737 461 3790 S.
474 3737 513 3791 M.
528 3737 629 3793 Baued.
643 3736 708 3790 xlv
722 3737 1005 3800 constitutionem
1018 3740 1193 3806 praesentem
1205 3736 1365 3789 instructio-

188 3860 251 3898 nem
269 3849 352 3898 eruut
370 3844 549 3898 efformanda.
568 3844 608 3898 Ea
627 3845 723 3914 itaque
741 3860 797 3899 non
810 3843 963 3898 vernaculo
974 3842 1024 3898 sed
1035 3843 1124 3897 latino
1136 3857 1265 3898 sermone
1280 3848 1363 3897 eruut

187 3950 395 4018 conscribenda,
415 3952 540 4020 exceptis
558 3955 652 4005 tamen
671 3951 851 4020 excipiendis,
870 3951 1000 4004 nimirum
1021 3949 1158 4014 articulis,
1175 3949 1365 4017 interrogato·

188 4057 249 4122 riis,
273 4059 500 4125 responsionibus
527 4058 560 4112 ad
586 4075 633 4122 aa,
653 4063 681 4113 st
705 4059 860 4127 peritorum
885 4057 1084 4121 relationibus3
1110 4056 1274 4125 praesertim
1298 4071 1366 4110 raro

187 4162 308 4228 decreta,
328 4167 357 4216 et
374 4164 523 4228 sententia,
542 4178 613 4234 quae
635 4164 714 4216 iuxta
740 4163 846 4233 priscos
870 4179 961 4218 mores
985 4164 1040 4216 erit
1064 4161 1253 4227 conficienda,
1277 4159 1365 4216 latina

188 4267 285 4337 lingua
304 4269 501 4322 exarabuntur.
522 4269 673 4323 Praeterea
692 4285 754 4322 cum
771 4285 788 4320 a
800 4268 886 4322 Sacro
899 4267 982 4322 Gonc.
996 4267 1071 4321 Trid.
1084 4269 1163 4334 (sess.
1178 4266 1229 4332 24,
1242 4283 1303 4335 cop.
1316 4267 1365 4329 20,

189 4377 230 4431 De
243 4380 328 4447 rsfig
347 4377 385 4429 od
402 4377 491 4442 hoec),
504 4391 537 4428 ac
549 4375 635 4430 etiam
653 4392 671 4428 a
689 4376 715 4427 S.
731 4375 768 4429 M.
783 4375 885 4430 Bened.
897 4375 962 4430 xlv
975 4377 1017 4443 (in
1030 4381 1073 4429 cit.
1090 4376 1234 4430 Coactis«
1249 4374 1301 4428 Dei
1312 4375 1367 4428 Mi·
