3350 5100
453 336 496 381 nn
521 336 659 382 runicus
683 334 925 381 caruissemus
950 335 983 380 iu
1008 335 1125 381 sercin
1308 316 1374 380 343

200 460 289 526 mica
320 480 415 544 quum
444 462 582 545 attingat
610 459 851 527 solemnitatem
882 460 1012 523 minime
1043 479 1122 524 varo
1149 460 1371 525 substantiam

199 594 356 667 acui-um,
372 586 451 651 nihil
476 590 577 651 mutat
600 587 632 648 in
658 587 782 650 ratione
802 604 972 669 processus
994 585 1104 649 minti.
1123 620 1141 633 ·
1158 585 1234 651 Iure
1257 587 1373 649 merila

199 713 262 777 hae
288 713 414 778 formae
444 720 604 779 vocantur
633 713 738 795 potius
768 712 1004 777 oeconomieae
1025 730 1120 795 quam
1143 710 1372 785 nummariae,

199 835 325 919 quippe,
342 838 465 900 attento
484 835 556 898 iure
576 834 736 898 communi
760 834 931 897 constituto
955 852 1014 917 per
1030 831 1245 897 Clementinas
1263 832 1371 914 Saepe

199 958 370 1046 omilinpil.
391 959 442 1025 Da
462 958 552 1025 verb.
569 958 684 1043 sipnif.
702 963 736 1024 et
755 958 1016 1040 Dispendiosam
1041 992 1058 1005 ·
1081 957 1130 1023 De
1153 957 1233 1029 incl„
1255 976 1371 1021 causae

199 1084 385 1149 criminales
411 1087 496 1175 inter
526 1104 641 1149 causas
670 1086 859 1150 summario
885 1102 1049 1165 processu
1079 1081 1275 1147 definiendas
1307 1102 1371 1145 non

200 1206 529 1292 comprehenduntur.

289 1331 364 1397 271.
389 1333 422 1398 Si
446 1351 526 1397 vero
549 1337 726 1415 quaeratur
748 1333 781 1395 in
805 1352 868 1415 quo
891 1332 1045 1395 consistat
1066 1330 1261 1397 solemnitas
1284 1329 1373 1395 iudi-

199 1456 333 1524 ciorum
347 1457 561 1521 criminalium
584 1474 627 1521 ex
647 1458 718 1520 iure
734 1456 915 1529 communi,
933 1456 977 1520 ita
992 1450 1166 1539 respondet
1183 1454 1372 1539 Pellegrini.

199 1601 253 1665 op.
277 1584 330 1648 cit.
353 1581 449 1647 Part.
474 1582 522 1657 ll,
539 1618 554 1629 -
567 1581 619 1647 De
642 1581 754 1647 causis
775 1600 899 1646 summ.
915 1614 932 1627 -
945 1598 978 1643 n.
1001 1579 1042 1645 18
1060 1580 1223 1645 «Farina
1246 1584 1326 1644 vero
1351 1596 1373 1641 a

200 1709 275 1773 iure
287 1707 450 1774 canonico
466 1713 496 1772 el
511 1706 602 1773 civili
616 1706 757 1790 inducta
769 1704 816 1788 (in
831 1704 948 1769 iudicio
963 1704 1104 1788 formali)
1117 1708 1167 1769 est
1177 1704 1371 1770 solemnitas

199 1838 354 1899 actorum
377 1851 466 1929 quae
479 1830 518 1898 in
531 1831 668 1897 iudiciis
682 1830 871 1897 ordinariis
892 1831 987 1914 fiunt,
1003 1835 1043 1895 ut
1055 1834 1136 1895 sunt
1150 1827 1290 1901 libellus,
1307 1828 1375 1893 litis

199 1959 404 2039 contestatio,
423 1957 620 2041 publioatio‚
644 1956 814 2023 conclusio
837 1960 870 2021 et
890 1955 1062 2020 similia».

291 2084 389 2148 Neruo
412 2102 476 2147 non
500 2081 588 2146 videt
610 2082 703 2147 nimis
733 2079 920 2165 generalem
944 2086 976 2143 et
999 2061 1277 2145 indeterminatam
1301 2094 1373 2143 esse

199 2209 284 2272 hanc
299 2200 547 2292 descriptionem
563 2212 597 2272 et
610 2205 790 2270 addendum
810 2224 891 2277 esse,
908 2206 1011 2289 ipsum
1035 2206 1084 2269 ius
1106 2223 1275 2269 commune
1298 2223 1374 2267 non·

199 2332 288 2396 nulla
310 2334 446 2418 exigere
461 2330 501 2395 ad
524 2332 760 2397 solemnitatem
784 2331 816 2394 in
833 2330 1027 2413 prolatione
1049 2328 1253 2411 sententiam
1273 2328 1373 2391 nihilo

199 2459 314 2536 secius,
330 2457 528 2541 potissimum
552 2457 585 2519 in
610 2475 647 2519 re
670 2454 829 2520 criminali
846 2459 970 2518 certum
995 2461 1052 2533 est,
1070 2453 1128 2517 has
1152 2452 1371 2517 solemnitates

198 2583 428 2649 determinatas
459 2583 559 2648 fuisse
589 2603 631 2646 ex
662 2581 748 2667 stylo
772 2583 936 2646 curiarum
967 2601 1023 2644 seu
1052 2581 1129 2646 iure
1154 2579 1373 2662 particulari.

200 2707 359 2774 Audiatur
377 2707 460 2771 idem
478 2708 665 2792 Pellegrini‚
681 2707 918 2772 versatissimus
937 2703 975 2772 in¹
991 2703 1239 2789 iurisprudentia
1262 2705 1371 2768 crimi-

199 2834 274 2904 nali,
299 2833 419 2898 docens
440 2852 493 2915 op.
517 2833 570 2898 cil.
594 2833 635 2897 P.
652 2833 673 2896 I
684 2832 714 2905 V,
733 2830 937 2902 Sect.10,n.
955 2831 982 2895 1.
1001 2827 1151 2894 ‹Praxis
1175 2828 1371 2914 procedendi

200 2958 232 3021 in
258 2959 364 3022 causis
386 2957 608 3022 criminalibus
634 2977 700 3021 uon
728 2963 778 3021 est
804 2956 915 3021 eadem
946 2958 978 3020 in
1010 2955 1157 3020 omnibus
1183 2957 1285 3040 curiis¹
1304 2961 1369 3019 tam

122 3069 127 3076 ’
199 3082 425 3147 ecclesiasticis
456 3101 549 3166 quam
580 3079 813 3156 saecularibus
840 3080 910 3146 ideo
940 3099 1004 3144 non
1035 3084 1140 3164 potest
1170 3077 1251 3144 tradi
1280 3085 1372 3143 certa

201 3205 314 3288 regula
338 3203 407 3269 nisi
432 3205 470 3268 in
501 3203 654 3269 terminis
677 3197 954 3269 substantialibus
981 3208 1013 3267 et
1040 3203 1093 3286 qui
1121 3201 1295 3266 secundum
1325 3202 1374 3264 ius

199 3329 389 3391 canonicum
404 3329 530 3392 servari
554 3325 672 3392 debent
688 3348 717 3389 a.
739 3327 782 3390 at
804 3327 866 3392 loc.
892 3326 944 3390 cil.
964 3326 1005 3390 'in
1029 3325 1113 3390 Secl.
1132 3323 1172 3396 V,
1195 3344 1226 3386 n.
1244 3323 1287 3388 68
1310 3326 1371 3388 ait:

200 3474 220 3514 ‹
235 3449 435 3519 Semanous
455 3459 504 3518 est
529 3453 636 3538 stylus
658 3452 783 3521 curiae.
800 3452 837 3516 in
860 3424 931 3534 pua
953 3451 1007 3516 ius
1030 3450 1155 3516 dicitur
1178 3454 1209 3514 et
1232 3465 1373 3514 consue-

199 3576 280 3642 tudo
304 3578 457 3642 locorum
483 3577 521 3640 in
546 3573 668 3660 quibus
690 3574 818 3641 iustitia
848 3573 1121 3654 administratur,
1146 3572 1206 3656 qui
1232 3571 1373 3656 quidem

196 3701 304 3784 stylus
325 3705 357 3766 et
378 3701 408 3766 si
430 3702 468 3765 in
490 3699 643 3766 ciuilibus
664 3699 855 3765 seruandus
876 3697 987 3770 estin
1002 3696 1236 3764 criminalibus
1257 3700 1371 3759 lamen

196 3826 334 3909 fortiori
356 3827 490 3893 uinculo
509 3846 578 3909 pro
601 3828 674 3912 lcpe
695 3826 828 3892 seruari
851 3824 946 3890 debet
963 3844 993 3889 ›.
1019 3825 1100 3890 ltem
1123 3823 1240 3888 docent
1262 3823 1375 3887 Meno·

198 3953 290 4016 chius
315 3952 364 4017 De
383 3958 598 4035 praesumpl.
623 3951 677 4017 lib.
694 3951 729 4023 2,
750 3970 866 4035 praes.
885 3949 917 4022 8,
930 3935 972 4014 'et
991 3948 1179 4014 Mascardus
1202 3947 1252 4012 De
1270 3947 1372 4030 prob.

198 4079 343 4144 conclus.
369 4075 448 4143 133.

224 4231 227 4236 ·
286 4201 362 4265 272.
387 4201 492 4273 Ratio,
516 4200 556 4264 ob
579 4220 674 4284 quam
697 4201 813 4266 fortius
836 4200 957 4284 obligat
980 4199 1048 4264 sive
1072 4197 1277 4264 consuetudo
1302 4197 1371 4262 sive

198 4326 255 4390 lex
270 4327 393 4411 scripta
402 4326 629 4410 particularis
645 4327 677 4390 in
690 4345 727 4390 re
742 4326 913 4405 criminali,
927 4326 1012 4390 haud
1024 4322 1152 4388 difficile
1168 4322 1372 4408 intelligitur.

198 4449 326 4514 Etenim
350 4451 486 4514 crimina
508 4449 676 4535 detegere,
701 4451 890 4514 criminosos
919 4468 1125 4534 compescere
1152 4451 1297 4533 apprime
1325 4447 1374 4511 in·
