3350 5100
301 283 366 350 126
827 301 911 352 enee
935 303 957 350 1.

300 426 394 491 intra
408 444 560 492 mensem
580 427 788 510 faciendam,
805 427 884 494 atiis
898 427 1001 494 etiarn
1019 429 1142 511 poenis
1157 429 1257 495 intuta
1276 431 1387 498 Const.
1405 451 1481 500 con·

299 551 370 616 citii
390 569 467 637 pen.
491 551 742 639 andanensia
764 572 854 638 qnae
876 553 995 636 incipit
1019 589 1037 604 ·
1061 555 1190 622 Exrorr
1216 591 1233 604 -
1258 555 1386 642 absque
1406 558 1479 622 atta

299 694 360 758 spe
380 676 704 743 oeniaemntctetnr
720 697 749 741 a.
775 679 820 743 At
842 679 875 743 in
899 677 962 743 hac
986 678 1092 744 Ooust.
1118 683 1257 746 statutae
1283 686 1379 749 erant
1402 701 1480 747 cen·

295 821 398 868 ‘surae
420 805 477 868 tat.
499 807 595 877 sent,
620 823 702 887 quae
724 803 821 868 hodie
843 783 1068 870 exoleverunt.

389 927 442 992 91.
467 929 648 993 Praeterea
669 928 864 1014 prohibitum
886 935 945 1003 est,
962 931 1111 1015 recipere
1129 951 1271 996 munera
1293 952 1313 996 a
1337 933 1479 1018 Regula-

301 1050 399 1126 ribus‚
417 1053 462 1117 uti
482 1054 591 1119 sanxit
613 1053 721 1118 Gonst.
746 1054 846 1120 Olera.
866 1054 947 1120 VIII
972 1025 1163 1140 itatipiosae
1187 1056 1478 1142 Conpreyationis,

294 1197 417 1263 ‘nempe
439 1198 479 1244 ea
501 1199 638 1244 munera
659 1200 742 1263 quae
765 1179 946 1264 Regulares
970 1181 1133 1246 iuxtasius
1157 1199 1336 1253 commune,
1361 1182 1479 1267 quippe

302 1322 413 1368 rerum
429 1322 493 1367 non
505 1303 636 1371 domini
650 1303 707 1368 sed
719 1303 1025 1386 administratam,
1038 1306 1206 1391 impertire
1222 1325 1287 1369 non
1302 1306 1428 1390 valent;
1447 1312 1480 1372 et

300 1427 416 1512 probat
438 1427 641 1499 Tbesanmas,
659 1428 680 1492 t.
697 1428 750 1494 cit.
770 1447 799 1492 c.
816 1429 858 1498 X,
877 1428 1076 1494 Clementem
1092 1430 1176 1496 VIII
1194 1448 1312 1494 novum
1335 1428 1477 1494 noluisse

301 1550 351 1614 ius
374 1547 537 1623 inducere,
555 1550 610 1615 sed
630 1553 743 1636 poenis
762 1551 848 1616 istud
864 1553 1029 1626 sanxisse;
1053 1553 1159 1638 prouti
1175 1551 1355 1617 declaravit
1370 1551 1478 1618 Consi.

302 1673 425 1741 Urbani
440 1676 525 1742 VIII
543 1675 697 1760 «Nuper
711 1695 735 1741 a
753 1678 952 1765 concrepa
970 1679 1013 1744 16
1020 1678 1097 1745 aa.
1114 1679 1215 1743 1640.
1232 1713 1250 1726 -
1265 1679 1355 1744 Haec
1371 1685 1479 1744 autem

301 1818 437 1864 munera
460 1801 608 1884 recipere
631 1801 752 1866 nemini
775 1801 826 1867 fas
850 1809 908 1876 est,
926 1823 1031 1887 neque
1051 1803 1144 1888 Regi,
1168 1803 1375 1887 Imperatori,
1400 1803 1479 1869 (tar-

300 1925 411 2000 dinali,
428 1927 597 2010 Episcopo,
614 1928 818 2010 quantumvis
837 1927 1049 1994 benefactori.
1066 1965 1083 1978 ·
1100 1928 1190 2004 Quod
1208 1931 1235 1993 si
1251 1931 1367 1994 contra
1389 1948 1481 2013 prae-

300 2051 417 2116 dictam
440 2051 689 2137 prohibitionem
711 2052 833 2118 tactum
862 2053 977 2126 luerit,
1002 2055 1154 2119 statuitur
1176 2060 1212 2120 ut
1235 2055 1320 2120 dicta
1343 2073 1480 2118 munera

229 2178 234 2190 ’
301 2176 505 2263 recipientes,
523 2195 581 2241 sue
602 2196 668 2241 non
690 2176 822 2251 faciant,
841 2183 873 2242 et
895 2182 971 2242 ante
994 2197 1120 2243 omnem
1143 2180 1336 2244 sententiam
1356 2183 1422 2242 tam
1447 2180 1479 2242 in

301 2307 449 2374 externo,
462 2320 557 2385 quam
573 2303 605 2366 in
621 2302 749 2366 interno
766 2301 837 2365 foro
852 2303 1024 2368 restituere
1035 2307 1220 2377 teneantur,
1234 2323 1340 2388 neque
1356 2303 1477 2368 absolvi

301 2429 424 2513 possint
445 2429 506 2492 nisi
528 2429 618 2511 prius
640 2427 846 2494 restitutione
863 2429 997 2493 realiter
1018 2428 1112 2502 fecta,
1131 2429 1221 2494 nulla
1243 2430 1480 2496 condonatione

299 2572 359 2617 seu
375 2554 564 2618 remissione
579 2548 787 2639 suffragante.
806 2553 989 2639 Religiosae
1005 2533 1112 2619 autem
1136 2574 1294 2640 personae
1311 2556 1479 2639 utriusque

296 2697 399 2742 sexus
430 2679 711 2743 contravenientes
739 2678 927 2763 praedictae
957 2680 1183 2765 prohibitioni,
1211 2683 1380 2746 incurrant
1410 2684 1479 2766 ipso
1552 2754 1555 2759 ,

300 2798 387 2863 facto
409 2799 623 2883 privationem
647 2800 788 2864 omnium
810 2800 1021 2885 dignitatum,
1046 2799 1215 2886 graduum,
1240 2820 1421 2873 munerum,
1446 2807 1479 2865 et

301 2921 342 2986 ad
365 2922 443 2986 talia
465 2921 640 2988 obtinenda
654 2923 904 3000 inhabilitatem;
921 2930 954 2989 et
970 2908 1185 3010 privationem
1201 2926 1290 2991 vocis
1305 2926 1432 2991 activae
1449 2932 1481 2990 et

301 3046 458 3130 passivae,
481 3050 514 3111 et
536 3046 701 3111 infamiam
724 3050 814 3120 iuris,
830 3048 951 3133 absque
973 3049 1038 3113 alia
1060 3051 1219 3116 sententia
1243 3049 1479 3125 declaratoria;

301 3177 335 3235 et
364 3170 444 3233 furti
474 3176 507 3235 et
536 3172 693 3236 simoniae
722 3176 834 3258 poenis
865 3170 1057 3239 afficiantur.
1087 3176 1126 3239 ln
1157 3194 1216 3241 sua
1240 3176 1345 3241 Const.
1375 3175 1479 3241 Urba-

301 3313 362 3358 nus
385 3292 470 3359 VIII
494 3293 582 3361 iubet
605 3296 732 3361 Bullam
755 3296 998 3371 clementinam,
1023 3302 1056 3363 et
1078 3298 1140 3364 hoo
1162 3296 1271 3365 &aaa
1287 3298 1480 3379 Decretum,

300 3419 366 3505 legi
396 3421 530 3505 singulis
560 3422 654 3486 annis
685 3423 801 3495 semel,
830 3442 941 3488 mense
964 3426 1132 3497 Ianuario,
1157 3424 1190 3487 in
1221 3424 1329 3507 aliqua
1352 3422 1480 3509 publica

302 3547 564 3631 congregatione,
581 3545 633 3610 vel
658 3547 771 3611 saltem
794 3547 828 3610 in
852 3546 978 3631 publica
994 3567 1114 3621 mensa,
1133 3548 1191 3613 sub
1207 3568 1312 3633 poena
1328 3551 1479 3634 privatio

300 3670 351 3734 nis
374 3667 482 3751 officii,
502 3674 536 3733 et
558 3670 647 3735 roais
669 3670 795 3734 activae
819 3676 852 3735 et
875 3671 1022 3754 passivae
1045 3672 1113 3757 ipso
1137 3672 1224 3737 facto
1248 3673 1478 3739 incurrendae.

391 3794 578 3859 Huiusmodi
610 3793 799 3859 donauones
830 3800 1006 3860 censentur
1036 3795 1117 3862 adeo
1147 3816 1277 3882 graves,
1301 3804 1336 3863 ut
1366 3800 1480 3883 poenis

300 3914 461 3982 obnoxiae
490 3919 564 3991 sint,
588 3919 616 3983 si
644 3938 799 3983 summam
830 3924 995 3983 scutorum
1028 3918 1138 3985 decem
1169 3920 1330 3987 excedant
1355 3921 1479 4001 (Consi.

303 4042 374 4107 lnn.
398 4044 464 4109 XII
495 4042 673 4110 Romanus
699 4042 864 4124 Pontisen
894 4062 922 4108 a.
950 4042 1059 4130 1692),
1090 4044 1186 4110 hodie
1214 4064 1294 4110 vero
1321 4064 1479 4111 summam

301 4164 484 4232 libellarum
509 4166 551 4232 70
574 4164 797 4252 (D'Annibale,
822 4168 889 4239 111,
915 4165 1003 4254 352)
1027 4165 1083 4255 (l).

390 4319 433 4394 (1)
456 4321 533 4378 inter
556 4340 659 4392 poenas
683 4323 822 4378 recenseri
848 4321 920 4377 solet
943 4326 1099 4380 reservatio
1120 4327 1303 4381 absolutionis
1327 4326 1365 4396 (S.
1386 4324 1481 4396 Alph,

302 4427 347 4494 Vl,
359 4427 433 4499 580),
445 4430 493 4485 sed
507 4431 616 4500 proprie
629 4430 791 4496 reservatio,
809 4431 946 4497 absolata,
959 4447 1014 4486 non
1027 4432 1155 4487 habetur.
1169 4432 1239 4487 Nam
1259 4433 1400 4488 absolutio
1419 4434 1479 4489 davi
