3350 5100
305 314 376 381 614·
765 330 974 379 nausearum
997 329 1033 376 v.

303 452 411 508 ratibus
429 454 613 523 praestitutis,
632 453 706 507 baud
725 469 789 507 raro
808 468 890 507 casus
908 452 1054 513 eveniunt,
1072 451 1102 503 in
1120 452 1224 523 quibus
1235 448 1491 505 ecclesiasticorum

303 560 461 631 praesidum
479 560 582 615 iudicia
600 559 716 615 haerere
734 558 826 615 solent
839 560 868 613 in
886 576 953 614 vere
971 560 1102 629 iustaque
1120 558 1285 628 probatione
1303 556 1491 627 dignoscenda

303 683 337 721 ac
354 668 519 735 statuenda3
538 668 603 735 imo,
623 684 674 739 pro
693 684 802 722 summa
820 668 873 721 illa
889 666 1038 734 facilitate,
1051 684 1124 739 quae
1140 670 1235 722 aetate
1248 670 1347 719 nostra
1358 664 1434 717 isam
1445 668 1490 718 est

302 776 503 830 remotissimas
521 792 645 847 quasque
663 776 794 845 regiones
813 774 942 841 adeundi,
961 776 991 829 in
1009 791 1107 830 omues
1125 776 1185 829 fere
1203 772 1280 828 orbis
1295 778 1389 843 partes
1401 771 1491 825 homi·

301 898 351 936 nes
368 882 543 953 divagentur,
557 882 693 938 eiusmodi
712 898 826 936 casuum
846 881 994 935 multituto
1013 882 1083 935 adeo
1101 880 1252 942 succrevit,
1272 884 1305 932 ut
1322 878 1492 949 frequentis·

300 989 364 1043 simi
383 986 436 1043 hac
454 989 489 1043 de
509 990 591 1045 read
611 1004 770 1059 supremam
794 988 868 1043 banc
893 989 1150 1060 congregationem
1174 987 1335 1042 habeantur
1351 1002 1490 1051 recursus,

302 1110 357 1150 non
382 1096 444 1152 sine
467 1112 551 1167 porro
576 1098 698 1167 partium
723 1096 913 1163 incommodo,
937 1096 1039 1167 quibus
1063 1096 1139 1149 iuter
1163 1094 1377 1149 informationes
1403 1110 1421 1146 s
1453 1110 1490 1147 ue

301 1202 511 1270 instructiones,
529 1220 599 1274 quas
617 1219 667 1273 pro
686 1220 716 1257 re
736 1206 811 1269 nats,
829 1208 862 1257 ut
880 1203 969 1268 aiunt,
989 1203 1047 1271 peti
1069 1202 1201 1272 mittique
1225 1217 1339 1257 necesse
1356 1205 1409 1265 est,
1427 1199 1491 1268 plu·

302 1306 403 1363 simum
422 1310 518 1365 defluit
537 1310 678 1379 temporis,
697 1309 764 1380 quin
784 1309 893 1378 possint
911 1308 946 1361 ad
963 1313 1064 1377 optate
1081 1312 1151 1362 vota
1169 1306 1327 1361 convolare,

389 1429 407 1471 t
425 1416 600 1486 Quapropter
612 1414 639 1468 S.
654 1415 750 1470 eadem
769 1414 799 1468 C.
813 1413 970 1468 huiusmodi
991 1415 1207 1469 necessitatibus
1225 1429 1373 1468 occurrere
1390 1428 1492 1481 percu·

301 1521 388 1591 piens,
407 1520 546 1591 simulque
564 1518 738 1590 perpendens
757 1518 785 1572 in
804 1518 910 1573 dissitis
935 1519 1101 1589 praesertim
1126 1518 1290 1571 missionum
1310 1515 1381 1571 locis
1398 1514 1492 1569 eccle·

300 1628 428 1682 siasticos
447 1627 589 1697 praesides
607 1626 771 1696 opportunis
789 1625 905 1682 destitui
929 1624 1069 1691 subsidiis,
1087 1626 1190 1696 quibus
1207 1640 1243 1679 ex
1261 1624 1395 1693 gravibus
1417 1622 1491 1675 diffr-

300 1734 453 1788 cultatibus
472 1734 610 1789 extricare
623 1751 653 1788 ss
665 1734 789 1799 valeant,
808 1750 823 1788 e
843 1749 874 1787 re
892 1750 953 1788 esse
972 1734 1083 1787 censuit
1101 1732 1260 1785 uberiorem
1278 1729 1362 1785 edere
1380 1730 1489 1783 instru-

298 1842 430 1908 ctionem,
448 1841 478 1896 in
496 1858 552 1913 qua
570 1841 604 1895 iis
623 1857 695 1912 quae
714 1840 771 1895 iam
790 1840 896 1894 tradite
913 1844 980 1894 suut
998 1839 1078 1893 nullo
1097 1842 1180 1909 pacto
1198 1837 1352 1908 abrogatis,
1371 1836 1490 1905 regulae

299 1946 494 2016 indigiteutur,
513 1964 582 2019 quas
600 1948 629 2001 in
648 1946 785 2002 eiusmodi
804 1946 918 2000 casibus
936 1946 1007 2001 baec
1027 1945 1129 2015 ipsas.
1144 1945 1174 1998 G.
1188 1946 1267 2015 sequi
1284 1943 1368 2009 solet,
1380 1942 1491 1997 utilia·

299 2070 360 2109 rum
379 2070 440 2125 ope,
459 2054 504 2108 vel
523 2057 628 2125 absque
645 2054 814 2109 necessitate
828 2068 958 2107 recursus
969 2052 1005 2107 ad
1018 2050 1046 2107 S.
1061 2052 1161 2107 Sedem
1174 2051 1283 2121 possint
1294 2050 1398 2103 iudicis
1409 2049 1490 2113 ferri,

299 2160 346 2216 vel
363 2166 450 2228 certe,
468 2162 491 2214 si
511 2161 708 2216 recurrendum
727 2161 774 2225 sit,
792 2164 884 2214 status
896 2160 1070 2231 quaestionis
1081 2160 1124 2213 ita
1135 2158 1258 2213 dilucide
1275 2160 1442 2227 exponatur,
1456 2160 1490 2209 ut

298 2268 428 2340 impediri
446 2269 566 2339 longiori
586 2285 665 2323 mora
682 2268 825 2324 sententia
844 2283 900 2321 non
919 2268 1028 2322 debeat
1048 2267 1163 2338 ltaque:

388 2376 450 2431 gl,
469 2376 537 2430 Cum
563 2376 597 2431 de
621 2376 748 2445 coniugis
773 2380 865 2430 morte
889 2376 1019 2445 quaestio
1037 2373 1205 2438 instituitur,
1222 2372 1376 2427 notandum
1396 2372 1489 2441 primo

297 2485 369 2552 loco,
387 2484 460 2556 quod
479 2488 675 2554 argumentum
694 2500 711 2537 a
729 2481 791 2537 sola
808 2483 897 2552 ipsius
913 2482 1042 2537 absentia
1055 2487 1281 2553 quantacumque
1295 2478 1375 2552 (licet
1386 2497 1404 2533 a
1416 2479 1489 2550 legi·

299 2593 351 2646 bus
364 2591 494 2646 civilibus
505 2591 565 2645 fere
578 2591 682 2662 ubique
701 2591 890 2659 admittatur),
903 2607 921 2643 a
933 2589 1021 2643 sacris
1039 2589 1194 2642 canonibus
1211 2588 1327 2642 minime
1345 2585 1489 2642 sufficiens

298 2697 333 2753 ad
350 2697 454 2752 iustam
474 2699 666 2768 probationem
691 2697 821 2752 habetur.
842 2697 923 2753 Unde
942 2715 964 2749 s.
983 2713 1019 2750 ru.
1040 2697 1108 2750 Pius
1127 2696 1165 2750 Vl
1184 2696 1219 2749 ed
1238 2694 1487 2764 Archiepiscopum

298 2807 477 2876 Pragensem,
495 2808 541 2861 die
561 2807 593 2860 11
612 2805 684 2861 lutis·
703 2805 792 2872 1789,
813 2805 965 2874 rescripsit,
980 2805 1069 2858 solam
1082 2803 1212 2872 coniugis
1230 2802 1387 2856 absentiam
1400 2807 1487 2872 atque

288 2913 486 2987 omnimodum
505 2914 565 2968 eius
583 2911 728 2968 silentium
747 2913 817 2966 satis
835 2918 1033 2982 argumentum
1059 2928 1115 2965 non
1133 2927 1195 2966 esse
1214 2910 1247 2964 sd
1266 2914 1385 2964 mortem
1410 2925 1488 2963 com·

298 3019 480 3088 probandam,
506 3036 541 3073 ne
567 3023 627 3072 turn
653 3017 764 3089 quidem
790 3034 853 3072 cum
878 3017 972 3072 edicto
997 3017 1077 3087 regio
1102 3016 1205 3070 coniux
1229 3017 1330 3070 absens
1351 3019 1488 3070 evocatus

298 3125 437 3197 (idemque
455 3115 538 3195 porro
557 3125 703 3180 dicendum
723 3127 776 3190 est,
794 3125 817 3178 si
837 3139 887 3194 per
906 3123 1033 3194 publicas
1052 3122 1245 3195 ephemerides
1263 3122 1290 3176 id
1308 3123 1413 3175 sactum
1425 3121 1487 3190 sit),

297 3229 405 3283 nullum
430 3231 532 3286 suimet
556 3231 689 3285 indicium
715 3230 831 3286 dederit.
858 3199 937 3291 Quod
961 3229 1037 3284 enim
1056 3244 1112 3283 uon
1130 3227 1328 3299 comparuerit,
1345 3227 1419 3281 idern
1442 3227 1488 3280 ait

297 3335 437 3401 Pontifex,
456 3352 511 3390 non
530 3337 621 3406 magis
638 3352 713 3391 mors
735 3338 764 3390 in
784 3351 869 3391 causa
887 3352 949 3392 esse
968 3335 1071 3406 potuit,
1088 3352 1172 3407 quarn
1191 3335 1252 3388 eius
1269 3331 1456 3387 contumacia.

387 3461 403 3497 a
421 3445 445 3497 2.
466 3443 547 3510 Hinc,
565 3444 601 3497 ad
619 3445 822 3513 praescriptum
842 3443 1003 3498 eorumdem
1021 3457 1164 3497 sacrorum
1177 3457 1325 3505 canonum,
1336 3439 1489 3520 documen-

296 3551 356 3602 tum
376 3545 569 3603 authenticum
588 3549 681 3602 obitus
699 3547 829 3618 diligenti
849 3548 942 3602 studio
961 3547 1072 3619 exquiri
1090 3549 1205 3601 omnino
1222 3546 1318 3612 debet3
1337 3548 1485 3600 exaratum

295 3654 406 3710 scilicet
430 3672 465 3709 ex
490 3655 608 3724 regestis
630 3655 786 3725 paroeciae,
805 3654 851 3709 vel
870 3655 1047 3720 xenodochii,
1066 3654 1112 3709 vel
1133 3653 1261 3720 militiae,
1280 3651 1440 3715 ueletiam,
1459 3652 1484 3704 si

296 3760 394 3817 haberi
413 3765 537 3832 nequest
554 3761 589 3815 ab
608 3761 779 3816 auctoritate
798 3760 1001 3826 ecclesiastica,
1022 3779 1040 3815 a
1058 3761 1201 3817 Gubernio
1213 3759 1291 3814 cirili
1310 3757 1365 3813 loci
1377 3760 1486 3829 inquo,

297 3871 328 3924 ut
346 3869 520 3940 supponitur,
539 3885 660 3938 persona
678 3869 790 3923 obierit.

384 3975 446 4034 (3.
467 3978 554 4031 Porro
578 3975 743 4047 quandoque
767 3974 821 4030 hec
848 3975 1046 4029 documentum
1071 3973 1171 4028 heberi
1196 3973 1306 4044 nequit3
1332 3986 1389 4042 quo
1414 3987 1483 4026 casu

297 4084 409 4139 testium
428 4083 648 4153 depositionibus
672 4081 858 4152 supplendum
878 4083 943 4137 erit.
962 4081 1061 4136 Testes
1078 4095 1147 4136 vero
1164 4081 1219 4134 duo
1236 4078 1337 4134 saltem
1356 4093 1419 4134 esse
1435 4077 1500 4132 dev

295 4191 372 4256 bert,
389 4191 485 4257 iurati,
503 4189 557 4244 lide
576 4189 661 4260 digni,
675 4189 765 4260 etqui
778 4189 812 4244 de
825 4189 902 4242 facto
916 4188 1029 4258 proprio
1042 4187 1191 4257 deponant,
1203 4187 1364 4241 defunctum
1376 4197 1483 4254 cogno-

294 4295 395 4362 verint,
414 4310 448 4348 ac
465 4295 523 4349 sint
540 4295 616 4350 inter
633 4310 663 4351 se
682 4293 832 4350 concordes
850 4292 941 4365 quoad
960 4292 1052 4346 locum
1067 4294 1097 4346 et
1109 4307 1222 4346 causam
1240 4291 1344 4358 obitus,
1354 4286 1483 4360 aliasque

295 4400 496 4458 substantiales
513 4403 748 4457 circumstantias.
769 4401 822 4464 Qui
842 4401 964 4471 insuper,
983 4401 1007 4453 si
1026 4399 1153 4454 defuncti
1176 4399 1325 4474 propinqui
1347 4398 1413 4464 sint,
1430 4399 1483 4451 sut
