3350 5100
423 342 466 389 DE
490 340 630 389 tumens
654 340 898 391 olttmnamssns
922 342 958 388 IN
982 341 1099 389 senem
1286 324 1352 390 565

170 464 275 520 dolibst
288 469 438 533 exemptos.
453 462 550 519 Itidem
563 480 659 519 omnes
671 464 830 521 sacerdotes
843 464 879 519 ad
893 464 1044 519 audiendas
1056 480 1150 519 sacres
1166 465 1353 521 confessiones

171 570 326 636 constituti,
344 568 417 623 sicut
436 574 519 624 antea
537 585 648 640 quoque
667 570 870 639 praescriptum
889 574 959 636 erat,
976 569 1140 638 obligentur
1157 586 1270 629 monere
1288 588 1352 625 suos

171 680 356 749 poenitentes,
364 683 396 732 ut
405 676 591 733 sollicitantes
600 676 766 744 huiusmodi,
777 678 980 749 quamprimum
991 682 1130 747 poterunt,
1141 680 1352 751 inquisitoribus

170 789 220 839 sut
232 783 357 838 locorum
369 783 523 838 Ordinariis
541 783 683 851 deferant,·
695 782 860 854 eosdemque
879 783 1055 853 poenitentes
1067 800 1124 840 non
1137 785 1292 852 absolvere,
1304 788 1351 857 qui

170 888 235 943 huic
253 887 429 959 adimplendo
443 888 552 943 muneri
571 905 669 959 parere
682 895 818 944 recusent.
840 890 991 944 Praetores
1009 890 1094 944 tertio
1107 889 1169 945 loco
1181 890 1351 959 spostolicae

170 994 234 1050 Sedi
253 1000 419 1062 reservatur,
438 1000 555 1065 excepto
574 997 672 1050 mortis
690 996 819 1062 articulo,
836 1011 932 1050 eorum
950 1013 1031 1050 casus
1049 997 1095 1067 qui
1115 996 1243 1052 innoxios
1261 1014 1353 1053 sacer·

168 1104 247 1159 dotes
265 1102 338 1172 spud
356 1102 561 1157 ecclesiasticos
585 1104 690 1157 iudices
708 1103 780 1157 falso
798 1102 1008 1157 sollicitationis
1032 1103 1212 1171 insimulant,
1231 1104 1276 1159 vel
1294 1121 1354 1159 sce·

169 1208 240 1265 leste
259 1212 410 1281 procurant
429 1214 459 1263 ut
473 1208 500 1263 id
514 1211 549 1264 ab
561 1209 625 1263 aliis
644 1211 702 1265 fiat.
721 1208 826 1270 Quarto
838 1210 957 1281 denique
976 1210 1114 1264 sacerdoti
1126 1209 1245 1265 cuilibet
1261 1211 1352 1265 omnis

168 1316 288 1369 isoniltas
300 1321 329 1370 et
341 1315 497 1370 iurisdictio
515 1315 550 1369 sd
567 1315 785 1370 sacramentales
803 1315 994 1371 confessiones
1013 1332 1148 1383 persuum
1167 1315 1311 1386 complicis
1322 1318 1351 1370 in

169 1427 285 1491 peccato
303 1422 376 1491 turpi
396 1426 494 1477 contra
518 1426 628 1477 sextum
653 1422 778 1491 decalogi
800 1427 978 1492 praeceptum
1004 1424 1151 1477 commisso
1176 1423 1352 1492 excipiendas

168 1526 314 1592 adimitur,
332 1526 385 1581 nisi
411 1531 536 1581 extrema
562 1544 672 1597 prorsus
699 1533 799 1597 urgeat
823 1529 990 1595 necessitas,
1009 1528 1141 1585 nimirum
1164 1529 1187 1582 si
1210 1528 1241 1583 iu
1264 1529 1351 1598 ipsius

168 1634 266 1689 mortis
284 1632 403 1688 articulo
422 1633 495 1688 alter
513 1634 642 1689 sacerdos
660 1634 739 1701 desit,
758 1634 806 1705 qui
825 1632 989 1690 conimmrii
1008 1650 1122 1689 munere
1144 1636 1287 1703 fungatur,
1305 1635 1349 1691 vel

168 1741 228 1795 siue
256 1741 334 1810 gravi
360 1739 454 1811 aliqua
481 1740 625 1794 exoritura
652 1740 768 1794 infamia
792 1739 837 1794 vel
863 1739 996 1794 scandalo
1022 1741 1115 1795 vocari
1143 1745 1193 1794 sut
1219 1740 1351 1796 secedere

96 1860 101 1871 ·
168 1853 289 1919 nequeat
302 1845 350 1919 (l).
372 1848 408 1901 Et
426 1846 596 1929 apostolicae
615 1846 678 1902 Sedi
705 1851 865 1902 reservatur
884 1862 981 1901 sertim
1005 1847 1237 1902 confessariorum
1262 1863 1349 1914 casita,

168 1957 216 2026 qui
235 1954 398 2025 complicem
417 1954 447 2009 in
466 1959 581 2024 peccato
600 1955 674 2023 turpi
695 1953 840 2009 absoluere
859 1955 919 2008 ansi
938 1956 1051 2009 inerint.

257 2058 371 2114 Nullum
396 2075 464 2114 saue
488 2059 601 2114 dubium
627 2063 686 2124 est,
704 2060 771 2131 quin
791 2058 845 2113 hae
871 2060 1120 2129 praescriptiones,
1139 2059 1349 2129 prohibitiones,

166 2167 371 2234 reservationes
389 2183 486 2222 omues
504 2173 533 2223 ot
552 2167 681 2237 singulae
701 2167 729 2221 in
748 2170 865 2221 cunctas
883 2167 1011 2222 nationes
1030 2167 1181 2223 universim
1197 2168 1271 2223 vires
1286 2185 1351 2222 susa

169 2264 329 2339 extendant,
339 2279 368 2329 et
381 2275 483 2345 ubique
496 2277 634 2328 terrarum
648 2275 811 2329 inconcusse
823 2291 857 2327 oc
868 2274 1072 2328 inviolabiliter
1084 2274 1273 2329 observandae
1285 2274 1349 2329 sint.

169 2374 244 2437 Quod
270 2377 379 2449 quidem
399 2376 444 2432 rel
463 2376 569 2445 legenti
591 2374 720 2446 Gregorii
739 2376 807 2442 XV,
827 2382 856 2431 et
882 2371 1025 2431 Benedicti
1044 2376 1111 2430 xlv
1133 2376 1351 2431 constitutiones

167 2484 373 2541 evidentissima
387 2490 479 2556 patett
495 2490 525 2541 et
537 2484 656 2555 idipsum
675 2484 906 2556 consequentium
925 2483 1094 2539 Pontificum
1112 2484 1256 2553 suffragio,
1267 2488 1350 2554 prout

166 2609 196 2648 se
215 2594 291 2650 dedit
309 2595 427 2661 occasio,
439 2594 474 2648 ad
493 2592 565 2647 hanc
585 2609 670 2663 usque
689 2593 762 2648 diem
780 2594 976 2648 confirmatum
995 2597 1044 2646 est
1065 2593 1101 2647 Et
1117 2609 1147 2647 re
1159 2592 1271 2663 quidem
1283 2610 1350 2649 vera

169 2701 281 2755 Vicario
299 2700 453 2770 apostolico
466 2700 632 2754 Cociucinae
650 2699 817 2754 sciscitanti.
841 2701 863 2755 l.
877 2702 923 2754 An
940 2701 1095 2754 constitutio
1108 2701 1255 2756 Benedicti
1268 2699 1317 2754 XI
1321 2701 1349 2765 V,

166 2813 303 2864 odocrm
321 2810 505 2888 sollicitantes
529 2809 634 2878 oblinet
660 2809 742 2862 etium
761 2810 953 2862 missioncmos
976 2809 1181 2877 franciscanos,
1200 2811 1248 2879 qni
1265 2811 1348 2862 mini·

165 2918 284 2970 sterium
309 2925 440 2969 eoeercent
458 2918 487 2968 in
509 2913 675 2969 Cocinct'na?
694 2916 719 2967 2.
740 2918 783 2968 An
803 2918 903 2970 eadem
928 2918 1086 2971 constitutio
1104 2918 1239 2988 restrinpi
1259 2919 1349 2986 possit

166 3039 200 3076 cc
212 3022 358 3076 moderari
370 3022 398 3073 in
411 3021 505 3092 aliquo
520 3036 588 3075 caen
600 3022 633 3074 ob
646 3038 778 3090 mannam
792 3023 1030 3092 confessariorum
1044 3024 1196 3092 penuriam
1208 3026 1238 3077 in
1250 3025 1348 3078 eodem

166 3142 255 3196 rayno
278 3125 462 3180 Cocincinoe?
480 3127 556 3180 iussu
575 3125 617 3180 Pii
639 3124 685 3191 Vl,
698 3141 773 3180 anuo
788 3126 858 3180 1775
869 3131 1027 3197 opportuna
1037 3128 1223 3185 instructione
1236 3145 1348 3198 respon·

166 3250 227 3287 sum
245 3233 312 3286 fuit:
332 3234 369 3286 nd
389 3233 438 3286 1m,
458 3232 641 3304 affirmative:
658 3235 696 3286 od
715 3234 772 3287 2⁰⁸.
791 3237 930 3304 nepotioe.
949 3233 986 3288 Et
1004 3235 1129 3304 proxime
1150 3232 1250 3288 SSffius
1268 3235 1299 3290 D.
1313 3235 1347 3290 N.

164 3341 233 3396 Pius
251 3341 329 3409 Papa
347 3339 395 3406 lx,
414 3340 526 3395 decreto
545 3339 628 3394 huius
649 3357 795 3409 supremae
816 3339 1008 3411 Inquisitionis
1026 3343 1078 3396 sub
1096 3340 1168 3396 feris
1185 3340 1231 3409 tv,
1249 3341 1294 3397 die
1312 3344 1346 3397 27

167 3444 238 3499 lunii
260 3461 334 3498 anno
354 3443 422 3498 1866
441 3444 542 3509 edixit,
561 3446 590 3497 in
609 3446 808 3515 facultatibus,
826 3447 925 3516 quibua
944 3445 1077 3516 Episcopi
1095 3446 1201 3516 aliique
1221 3448 1348 3501 locorum

159 3551 315 3606 -Ordinurii
327 3568 364 3606 coc
376 3553 551 3607 concessione
569 3553 723 3622 apostolica
737 3553 852 3624 pollent
869 3553 1034 3608 absolvendi
1045 3554 1081 3606 ob
1093 3554 1220 3606 omnibus
1239 3555 1347 3608 casibus

165 3659 335 3727 apostolicae
354 3659 421 3712 Sodi
438 3661 598 3724 reservatis,
617 3660 797 3728 complendos
815 3675 930 3730 temper
947 3659 1153 3730 inposterum,
1174 3669 1201 3714 et
1218 3668 1347 3730 exceptos

165 3766 305 3820 habendos
324 3781 383 3820 esse
402 3781 483 3820 cotue
500 3775 659 3821 reservatos
671 3768 700 3820 in
714 3767 804 3820 Bulla
817 3767 964 3821 Benedicti
978 3766 1024 3822 xl
1031 3767 1054 3818 V
1068 3782 1141 3836 pune
1158 3767 1283 3836 incipit«
1299 3766 1346 3820 Sa·

166 3879 338 3925 crumentum
357 3873 544 3940 poenitentioe
556 3887 581 3928 n.
602 3872 661 3926 Hoc
685 3872 829 3929 decretum
851 3888 918 3927 vero
935 3873 1065 3926 omnibus
1082 3871 1187 3943 ubique
1208 3875 1346 3927 terrarum

165 3976 318 4031 Ordineriis
342 3977 484 4045 praedicta
509 3964 668 4034 absolvendi
693 3978 829 4033 facultate
852 3978 963 4033 donatis
982 3981 1086 4050 absque
1105 3979 1164 4034 ulls
1181 3979 1347 4049 exceptione

164 4083 375 4153 significandum
395 4084 546 4140 mandavit.
600 4061 601 4064 Ἴ

252 4189 437 4251 Quamobrem
456 4191 585 4244 omnibus
604 4191 728 4246 locorum
748 4189 903 4245 Ordinsriis
920 4192 1082 4248 enitendum
1100 4207 1276 4262 summopere
1294 4197 1346 4258 est,

164 4313 199 4352 ne
217 4311 312 4351 eorum
334 4294 428 4365 vigor,
446 4310 519 4366 quse
537 4295 565 4348 in
591 4296 732 4364 praedicta
757 4297 958 4382 constitutione
983 4297 1135 4352 salubriter
1157 4297 1345 4367 providentur,

252 4472 282 4525 (lt
297 4471 377 4514 Cenat.
392 4469 492 4514 eiusdem
507 4473 531 4516 S.
547 4473 573 4515 P.
589 4470 671 4515 Bened
686 4472 742 4515 le
757 4473 905 4528 :apostotici
917 4476 1053 4529 muneris»,
1067 4474 1129 4518 dtas
1144 4475 1260 4520 Februarii
1276 4474 1334 4518 1745.
