3350 5100
295 269 338 332 40
814 287 898 334 raas
922 287 945 334 1.

295 409 378 494 qnia
401 409 465 492 o'pc
488 409 734 476 intercessionis
757 409 952 476 huiusmodi
979 410 1027 474 od
1056 409 1235 492 spiitnate
1263 410 1393 478 directo
1414 411 1472 477 oto

295 533 493 616 pennen-iton
508 556 538 597 s.
1209 503 1212 508 ¹
1304 512 1307 534 '

385 658 512 724 Glorior
536 657 654 723 exinde
677 662 726 722 est
749 658 832 722 ratio
855 656 1068 722 damnationis
1092 658 1198 723 editae
1220 658 1261 722 ab
1278 659 1348 723 lnn.
1366 657 1414 722 XI
1438 659 1473 722 in

296 784 414 849 thesim
430 783 483 858 46,
496 786 541 848 ita
552 790 757 868 conceptam:
778 783 853 848 «Et
866 781 904 847 id
918 801 1053 867 quoqne
1067 785 1180 849 iocum
1195 782 1302 856 tabet,
1315 784 1376 848 etsi
1392 789 1473 850 wm-

292 911 416 992 porote
439 910 481 976 sit
500 909 696 992 principale
718 910 882 976 motionnn
897 908 1015 980 dnnm.
1032 909 1101 975 imo
1121 909 1182 974 etsi
1204 909 1247 974 sit
1269 909 1347 994 finis
1366 908 1474 991 ipsius

298 1034 349 1098 rei
372 1033 570 1117 spiritualis,
588 1033 636 1098 ito
654 1039 692 1097 nt
714 1032 800 1098 illud
819 1032 934 1114 pluris
957 1032 1154 1099 aestimetur
1171 1052 1277 1118 qaam
1299 1052 1356 1098 res
1376 1031 1475 1115 spiri·

299 1157 401 1222 tontis
417 1178 446 1221 t.
465 1156 727 1240 Quandoquidem
744 1175 837 1220 nemo
857 1176 923 1219 non
938 1155 1036 1228 videt.
1053 1158 1177 1220 crimen
1193 1158 1356 1230 constitui,
1368 1157 1402 1220 in
1416 1175 1476 1220 sua

289 1256 425 1347 ¹ratione
436 1279 576 1352 formali,
589 1299 631 1344 ex
642 1279 795 1346 studioso
811 1279 993 1353 voluntate,
1008 1297 1065 1344 seu
1077 1299 1119 1343 ex
1131 1280 1315 1347 intentione
1324 1281 1474 1346 hominis.

299 1405 411 1472 Veluti
436 1407 460 1469 si
486 1407 660 1470 canonicus
684 1406 811 1470 intersit
829 1403 941 1477 choro,
958 1404 1125 1471 dumtaxat
1146 1413 1182 1470 ut
1204 1406 1351 1470 lucretur
1366 1405 1475 1470 distri·

298 1530 453 1603 badonas,
470 1549 549 1614 quas
565 1531 666 1615 pluris
688 1529 775 1600 facit.
797 1548 893 1613 quam
909 1529 1050 1593 divinum
1074 1527 1224 1604 officium,
1250 1535 1356 1615 patrat
1378 1532 1475 1595 simo·

298 1658 382 1720 niam
406 1655 493 1720 iniis
516 1654 642 1734 divin..
656 1659 688 1719 et
710 1654 840 1738 planum
865 1660 922 1718 est.

385 1780 439 1845 28.
464 1779 575 1854 Quoad
599 1779 764 1844 simoniam
788 1778 876 1844 ioris
899 1779 1051 1859 humani,
1068 1779 1149 1844 baec
1168 1780 1327 1864 principia
1342 1785 1474 1844 tenean-

298 1905 361 1968 tur.
380 1904 456 1968 Oum
474 1903 569 1968 huius
592 1903 752 1968 obiectum
775 1903 840 1966 sint
859 1921 914 1966 res
937 1902 1133 1987 temporales
1147 1902 1366 1985 spiritualibus
1381 1902 1476 1967 adue

298 2047 370 2108 nae,
388 2027 567 2094 huiusmodi
592 2047 644 2092 res
667 2031 883 2093 accensentur
900 2027 996 2091 rebus
1015 2031 1070 2091 aut
1086 2026 1304 2112 spiritualibus
1318 2032 1375 2091 aut
1393 2032 1476 2091 tem·

299 2151 470 2236 poralibus.
488 2150 687 2237 proindeque
709 2150 870 2215 habentur
894 2170 947 2214 res
965 2151 1018 2215 vel
1042 2158 1139 2216 extra
1160 2153 1401 2232 commercium,
1422 2151 1475 2216 vel

299 2277 558 2343 accommodatae
574 2277 767 2341 commercio
783 2275 958 2349 hominum.
976 2296 1035 2361 pro
1059 2278 1212 2360 qualitate
1234 2296 1317 2362 quae
1340 2277 1373 2340 in
1399 2277 1476 2361 ipsis

174 2429 175 2434 ¹
299 2401 404 2484 potior
420 2405 452 2464 et
475 2400 684 2485 principalior
701 2404 758 2478 est,
775 2401 866 2464 iuxta
890 2399 1035 2483 regulam
1058 2400 1139 2464 iuris
1154 2401 1197 2466 42
1211 2401 1248 2464 in
1264 2400 1303 2464 6:
1322 2423 1339 2460 «
1357 2401 1474 2465 Acces-

300 2524 430 2591 sorinin
454 2529 617 2590 naturam
640 2523 736 2608 sequi
758 2523 917 2609 oonprntc
933 2523 1185 2607 principalis».
1210 2522 1377 2588 Iamvero:

435 2647 466 2733 l)
498 2650 545 2712 in'
563 2648 698 2714 adnexis
728 2650 974 2717 antecedenter.
999 2649 1178 2734 principale
1208 2654 1258 2713 est
1280 2646 1475 2733 temporale;

299 2780 410 2860 utputa
441 2776 472 2839 in
503 2776 605 2839 sacris
635 2773 902 2859 supellectilibus,
938 2776 970 2837 in
1002 2774 1104 2838 calice
1135 2778 1342 2847 consecrat03
1375 2792 1476 2856 quare

299 2899 361 2963 ista
385 2900 463 2971 emi,
489 2897 584 2961 vendi
608 2903 748 2982 possunt,
774 2898 835 2963 nisi
863 2897 920 2961 lex
946 2917 1101 2981 expresse
1124 2902 1220 2961 vetet.
1248 2932 1264 2944 -
1292 2898 1421 2961 Revera
1443 2898 1477 2961 in
1561 2982 1566 2989 Ι

304 2994 386 3087 Con.
404 3023 431 3094 1.
448 3020 600 3089 Dudum.
617 3041 708 3087 cous.
726 3024 752 3095 1,
770 3042 802 3105 q.
815 3022 848 3095 6.
865 3020 1055 3107 prohibetur
1071 3024 1230 3107 Episcopo
1246 3021 1389 3086 vendere
1404 3042 1477 3106 opo·

300 3146 477 3211 balsamum
502 3164 563 3229 quo
587 3146 729 3211 chrisma
745 3144 931 3220 conficitur;
956 3152 989 3210 et
1012 3167 1054 3210 ex
1071 3166 1141 3231 cap.
1161 3147 1211 3220 13,
1230 3148 1278 3212 De
1293 3149 1411 3230 sepult.
1434 3146 1474 3218 X.

302 3270 375 3357 (Ill.
392 3270 448 3353 28)
468 3270 658 3354 prohibetur
674 3273 746 3343 emi.
763 3270 860 3334 vendi
878 3277 971 3336 terro
988 3272 1020 3334 in
1038 3272 1185 3336 Ecclesia
1201 3271 1253 3335 vel
1270 3272 1474 3344 coemeterio,

302 3397 460 3462 destinata
479 3397 613 3460 mortuis
636 3394 836 3480 sepeliendis.
855 3396 974 3458 Tamen
1000 3396 1185 3479 sepulcrum
1208 3397 1271 3459 iam
1291 3401 1476 3462 extructum

268 3566 271 3571 -
301 3520 405 3604 pretio
421 3518 617 3583 aestimabile
629 3526 692 3592 est;
709 3522 742 3583 et
756 3519 861 3602 pretio
874 3519 983 3583 locum
996 3537 1052 3581 seu
1069 3523 1198 3583 ternans
1210 3517 1270 3582 sibi
1286 3538 1476 3603 comparare

302 3642 342 3708 ad
367 3642 548 3728 sepulcrum
573 3640 797 3713 extruendum,
818 3641 1009 3725 permissum
1034 3646 1091 3705 est.
1109 3641 1270 3715 Quocirca
1293 3640 1477 3710 eminendi

300 3787 366 3833 non
382 3771 486 3852 potest
501 3773 594 3830 terro
611 3766 673 3829 iam
690 3764 730 3829 ab
749 3764 898 3829 Ecclesia
912 3770 1103 3829 consecrata
1117 3763 1158 3829 ad
1175 3772 1319 3832 mortuos
1334 3747 1477 3831 conden-

302 3890 374 3967 dos;
394 3896 551 3975 qnatenus
567 3890 795 3955 coemeterium
813 3894 862 3953 est
879 3890 969 3955 locus
983 3908 1082 3954 sacer
1096 3895 1129 3956 et
1144 3892 1344 3963 communis,
1361 3874 1478 3975 quique
1513 3910 1516 3915 ·

302 4013 338 4079 fit
361 4021 455 4080 extra
478 4016 714 4087 commercium.
732 4015 764 4078 vi
788 4015 1041 4080 consecrationis
1063 4019 1120 4080 aut
1134 4013 1375 4087 benedictionis.
1394 4015 1477 4081 unde

301 4140 479 4205 destinatur
501 4140 534 4203 in
559 4138 699 4204 fidelium
723 4158 849 4203 sacram
872 4138 1079 4222 sepulturam.
1106 4140 1229 4203 Verum
1253 4139 1405 4224 quidquid
1427 4143 1477 4205 in·

302 4266 402 4331 servit
426 4265 609 4350 sepulturae
633 4264 874 4337 subornandae,
891 4270 947 4327 aut
966 4263 1098 4349 speciali
1115 4264 1213 4329 cultui
1239 4266 1272 4329 in
1294 4267 1478 4352 sepulcrum

301 4392 504 4477 qentititiuan
530 4397 589 4457 ant
610 4390 786 4473 familiare
810 4388 989 4461 tribuendo.
1014 4388 1096 4453 haec
1119 4389 1223 4474 pretio
1246 4396 1406 4455 emuntur.
