3350 5100
389 321 432 366 us
458 320 595 368 runicus
620 320 863 369 cururusursus
887 322 922 366 iu
946 322 1063 368 sPEctE
1251 305 1311 369 361
1407 327 1413 332 ·

123 462 213 506 nam
240 442 363 508 debere
386 445 548 528 praemitti
572 451 698 508 certum
722 452 780 508 est.
802 446 877 528 quia
900 447 977 509 satis
992 455 1106 530 aperte
1122 448 1315 531 rescriptum

123 565 188 630 fuit
212 585 237 629 a
254 565 287 630 S.
305 567 404 652 Gong.
423 566 544 632 Concil.
562 568 595 630 in
619 568 827 651 responsione
851 568 919 632 diei
933 567 986 632 20
1000 573 1082 651 sept.
1098 570 1189 634 1878
1204 569 1261 656 (l),
1286 578 1318 634 et

123 694 203 776 quia
218 692 378 758 eiusmodi
391 693 530 760 rnonitio
543 694 727 777 aequivalet
739 694 900 765 citationi,
910 712 973 777 qua
984 693 1128 760 subditus
1136 695 1318 761 advertitur

124 827 159 884 ut
184 819 302 882 valeat
325 838 361 882 se
384 817 572 888 defendere,
596 821 621 883 si
648 825 761 902 potest.
781 854 798 866 -
815 817 939 885 Sufficit
962 826 1071 885 autem
1093 839 1166 884 una
1186 823 1317 887 monitio

124 964 190 1010 uec
211 945 311 1010 nana
335 944 558 1027 expostulatur
580 946 686 1029 prouti
711 945 743 1008 in
769 946 918 1009 censuris
941 944 1142 1011 obseratur.
1167 945 1318 1012 Ceterum

125 1077 161 1132 ut
185 1067 453 1134 cavillationibus
475 1069 704 1154 praecludatur
727 1068 842 1140 aditus,
859 1076 1003 1153 praestat
1018 1072 1051 1134 in
1067 1069 1186 1135 litteris
1208 1091 1317 1137 moni-

128 1192 233 1260 tionis
250 1192 436 1271 advertere,
453 1191 633 1258 monitioni
648 1191 895 1258 subsecuturum
913 1213 986 1258 esse
1001 1196 1108 1259 statim
1126 1197 1317 1262 remedium

126 1319 295 1399 morale.
321 1319 346 1382 si
371 1317 427 1381 illa
459 1319 491 1380 in
523 1320 650 1384 irritum
674 1318 769 1385 cedat
805 1353 823 1368 ·
850 1319 1023 1392 Secundo,
1058 1340 1122 1384 non
1140 1323 1318 1404 requiritur

129 1437 242 1502 forma
266 1443 463 1523 praecepti,·
487 1440 642 1524 siquidem
674 1444 849 1506 instructio
872 1450 933 1506 art.
961 1441 1008 1505 lV
1039 1443 1204 1508 exercitia
1232 1446 1315 1527 spir.

129 1562 304 1648 distinguit
330 1571 562 1647 apraecepto.
591 1565 676 1631 Sane
699 1567 864 1631 eoeereitia
885 1567 969 1648 spir.
993 1575 1061 1631 tota
1083 1570 1260 1632 consistunt
1284 1572 1316 1633 in

128 1687 296 1770 spirituali
319 1687 535 1752 saluberrimo
554 1707 654 1774 opere
670 1689 750 1754 adeo
774 1699 808 1754 ut
830 1690 993 1759 sacerdos,
1014 1691 1075 1754 nisi
1095 1691 1318 1775 perditissimis

129 1813 170 1875 sit
200 1810 357 1882 moribus.
383 1811 503 1896 absque
534 1813 668 1878 solemni
698 1816 876 1897 praecepti
906 1817 1155 1882 comminatione
1184 1817 1224 1881 ad
1257 1821 1318 1882 ista

131 1935 323 2020 peragenda
353 1936 449 2000 facile
478 1936 666 2011 inducatui·;
698 1937 738 2001 ad
766 1937 849 2003 haec
871 1937 1063 2003 advertatur
1086 1940 1168 2023 quod
1199 1948 1318 2008 crescit
1397 2032 1400 2038 Ι

131 2061 216 2124 ratio
241 2079 367 2145 poenae
390 2081 486 2144 quum
511 2062 728 2146 praemittitur
746 2071 981 2146 praeceptum.

222 2186 302 2251 290.
329 2187 420 2252 Haec
445 2189 551 2252 omnia
566 2195 599 2252 et
614 2189 679 2252 alia
701 2187 733 2252 id
757 2207 861 2272 genus
884 2191 1028 2254 remedia
1046 2194 1315 2273 praeservativa.

133 2317 245 2393 utpote
266 2312 439 2393 poenalia,
464 2314 573 2397 impeti
597 2319 731 2398 possunt
752 2311 792 2376 ab
817 2333 855 2378 eo
871 2315 976 2396 quise
1000 2314 1178 2380 arbitretur
1201 2317 1317 2380 iniuste

133 2440 317 2517 gravatum,
334 2457 394 2521 per
411 2456 589 2509 recursum,
605 2437 871 2520 appellationem
886 2440 1184 2506 serraradieiatem
1201 2443 1321 2505 instauz

136 2570 239 2628 ratam
265 2566 352 2629 iutra
376 2564 487 2628 decem
511 2564 580 2628 dies
604 2584 624 2628 a
647 2566 762 2629 notitia
785 2564 908 2629 decreti
934 2565 985 2629 vel
1004 2567 1095 2631 inlati
1118 2569 1317 2653 gravaminis
1374 2560 1378 2567 ’

135 2688 371 2761 numerandos,
396 2696 429 2753 et
453 2690 515 2754 lroc
544 2690 706 2772 explorati
731 2690 811 2752 iuris
833 2696 893 2753 est.
919 2694 962 2754 At
986 2710 1045 2774 per
1067 2692 1315 2777 appellationem

137 2830 199 2875 non
222 2813 397 2898 impeditur
419 2814 587 2893 executi0‚
612 2812 729 2898 quippe
757 2832 800 2877 ex
826 2814 1043 2898 appellatione
1067 2834 1087 2880 a
1109 2816 1250 2883 decretis
1276 2818 1316 2883 ad

137 2938 375 3001 crurectionem
396 2956 521 3001 morum
538 2937 695 3003 ordinatis
714 2956 794 3003 unus
810 2938 938 3003 derivat
952 2936 1087 3005 effectus
1106 2941 1318 3009 devotationes

138 3078 205 3145 arg.
230 3080 307 3144 cap.
323 3062 367 3126 12
384 3060 437 3127 De
459 3063 513 3145 off
531 3062 605 3127 ord.
631 3063 664 3125 X
686 3065 792 3146 prouti
816 3062 913 3127 edicit
933 3062 1054 3130 concil.
1075 3066 1162 3130 Trid.
1179 3086 1257 3132 sess.
1274 3068 1318 3133 13

140 3202 211 3266 cap.
235 3186 254 3249 1
280 3186 328 3251 De
350 3185 549 3268 reformet
572 3156 750 3252 declaravit
773 3188 804 3253 S.
830 3189 930 3274 Oong.
955 3188 1076 3255 Concii.
1099 3193 1132 3255 in
1152 3212 1215 3256 una
1233 3194 1317 3257 Sur-

141 3307 253 3376 diniae
278 3310 320 3375 16
342 3311 429 3375 Maii
451 3311 554 3375 1700.
580 3312 654 3376 Vol.
680 3312 704 3382 Ι,
730 3331 761 3376 u.
786 3312 861 3377 63-1.

226 3486 265 3557 (1)
280 3486 334 3539 co.
348 3486 474 3541 Litterae
493 3488 660 3553 Encyclicae
678 3488 846 3541 Pontificum
864 3489 1014 3543 Alexandri
1035 3491 1090 3555 Vll,
1108 3492 1260 3546 lnrroesnlii
1277 3494 1315 3546 Xl

142 3598 167 3642 at
181 3590 240 3657 xil,
254 3592 395 3647 Benedicti
408 3594 474 3647 XIV
488 3594 534 3665 qui
550 3594 730 3649 vehementer
743 3594 858 3649 laudaut
877 3599 1037 3667 spiritualia
1052 3600 1186 3652 exercitio
1206 3607 1235 3652 et
1249 3598 1317 3654 haer

142 3697 246 3752 clericis
270 3702 357 3753 sacris
382 3701 525 3755 ordinibus
551 3702 696 3755 initiandis
719 3703 901 3771 praecipiunt.
925 3704 981 3757 ista
1002 3705 1168 3759 documenta
1191 3714 1318 3775 prostant

143 3805 209 3871 apud
229 3806 324 3861 anidi
346 3810 387 3861 De
414 3810 572 3863 visitatione
600 3810 647 3863 SS.
668 3810 723 3862 tt.
747 3820 821 3879 part.
842 3811 857 3862 1
875 3829 891 3864 e
908 3812 939 3863 3.
966 3811 1032 3864 Pius
1052 3812 1091 3865 lx
1110 3815 1239 3866 omnibus
1263 3815 1317 3867 ista

144 3912 341 3965 commendavit
367 3912 433 3967 Litt.
453 3914 556 3985 Encyc.
582 3916 635 3973 Qui
657 3916 796 3985 pluribus.
819 3944 829 3954 ·
852 3916 1027 3985 Rescriptum
1047 3917 1073 3969 S.
1093 3916 1180 3987 cong.
1199 3918 1316 3971 Consilii

143 4020 228 4081 primo
247 4020 389 4088 respondit
408 4020 574 4091 Episcopum
594 4022 706 4091 adigere
727 4038 805 4090 posse
824 4023 983 4077 sacerdotes
1007 4030 1035 4076 ut
1062 4024 1148 4078 semel
1175 4026 1201 4077 in
1227 4026 1317 4093 spatio

144 4128 257 4185 quatuor
275 4140 411 4178 annorum
429 4144 469 4195 sp.
487 4104 629 4180 exercitiis
649 4132 796 4188 vacarenn
818 4133 847 4180 et
866 4128 900 4179 ad
920 4130 972 4178 2ιηιὶ
991 4131 1036 4181 An
1053 4131 1141 4197 possit
1162 4130 1317 4199 Episcopus

146 4241 187 4279 eos
207 4230 370 4285 Sacerdotes
387 4236 435 4301 qui
453 4202 513 4286 sine
534 4234 659 4303 lepitima
678 4251 762 4288 causa
776 4238 911 4288 interesse
924 4237 1081 4288 detrectent
1093 4236 1191 4304 atique
1207 4236 1317 4288 modica

142 4346 228 4397 poena
246 4338 398 4403 mulctnr03
419 4338 574 4407 respondit:
592 4352 609 4393 tt
629 4338 812 4409 Affirmatiue,
829 4342 949 4409 praeuio
969 4350 1061 4392 tamen
1077 4349 1197 4408 peter-nn
1218 4343 1317 4393 admo-

148 4440 280 4498 uidone».
299 4444 340 4497 01.
361 4448 430 4499 Acta
451 4445 477 4499 S.
499 4446 579 4500 Sedis
605 4448 663 4501 Vol.
686 4449 729 4509 12,
745 4466 772 4516 p.
796 4448 865 4499 609.
