3350 5100
363 268 431 334 328
880 289 962 335 rnns
991 290 1026 335 11.

297 427 299 430 ·
364 413 455 484 solet,
481 414 714 496 pronunciatur
734 385 900 478 non‘essc
923 414 1032 478 locum
1060 386 1204 479 indicta
1227 413 1309 478 Item
1331 414 1365 477 in
1389 433 1535 498 processu

364 556 445 621 pure
467 536 689 611 matoria,
705 510 802 619 quum
821 544 992 601 accusator
1015 535 1172 602 nonnulla
1186 536 1314 623 profert
1327 538 1537 603 accusationis
1621 548 1622 569 ¹

358 668 557 761 argumenta
585 682 644 727 seu
678 661 805 733 iudicia,
829 681 912 745 quae
935 662 1029 746 plene
1064 662 1189 727 diluere
1223 666 1327 729 nescit
1360 670 1536 729 accusatus.

365 786 540 870 eademque
569 792 676 851 tamen
707 786 900 853 sufficientia
928 806 992 851 non
1023 787 1160 853 suntad
1191 789 1438 855 instaurandum
1468 810 1537 873 pro·

366 932 493 978 cessum
514 913 761 993 accusatorium,
777 918 948 978 accusatus
962 911 1140 979 absolvitur
1163 912 1203 978 ab
1226 914 1391 981 instantia
1407 914 1464 981 sed
1480 934 1537 979 non

367 1056 390 1101 a
412 1037 565 1102 nimine.
590 1038 628 1101 ln
652 1056 804 1122 processu
826 1038 936 1105 minio
960 1058 1023 1103 non
1047 1035 1083 1104 lit
1104 1038 1197 1103 locus
1218 1040 1343 1107 indicio
1367 1060 1427 1105 seu
1449 1058 1538 1103 accu-

345 1179 348 1188 ’
365 1159 483 1225 sationi
498 1159 625 1225 formali
650 1169 815 1245 postquam
840 1162 873 1225 in
897 1179 1050 1246 processu
1066 1162 1260 1246 inquisition
1276 1182 1339 1227 non
1356 1164 1436 1227 satis
1451 1160 1539 1226 firma
1622 1226 1623 1257 p

364 1281 475 1349 habita
498 1289 572 1348 sunt
594 1282 714 1348 indicia
728 1282 768 1347 de
783 1289 918 1349 auctore
934 1285 1087 1349 criminis.
1106 1284 1138 1350 Si
1162 1304 1241 1349 vero
1258 1286 1438 1352 instaurata
1452 1304 1540 1350 accu·

364 1384 498 1479 satione,¹
523 1428 598 1473 reus
621 1409 716 1493 plura
738 1410 880 1494 excipiat
895 1428 976 1493 quae
992 1415 1180 1490 extenuant,
1194 1415 1245 1475 ast
1266 1430 1329 1476 non
1353 1411 1541 1476 convellunt

365 1534 430 1626 vim
446 1532 659 1598 adversarum
675 1531 909 1618 probationum.
926 1535 1086 1599 sententia
1101 1554 1165 1599 non
1186 1533 1291 1599 editur
1310 1537 1438 1617 plaiae
1453 1534 1539 1601 abso

365 1659 506 1725 tutionis
527 1659 582 1724 sed
606 1659 792 1726 declaratur
815 1678 858 1724 ex
883 1660 1035 1727 nancte
1050 1679 1120 1727 non
1142 1660 1226 1725 satis
1240 1666 1395 1727 constare
1421 1660 1462 1725 de
1485 1662 1539 1724 rei·

366 1788 435 1848 tate
458 1786 610 1849 accusati.
636 1785 686 1848 Ita
708 1784 824 1849 desinit
846 1784 1019 1849 instantia.

452 1906 529 1971 257,
556 1908 722 1991 Requisita
744 1908 937 1973 eoetrinseca
960 1908 1140 1972 sententiae
1164 1908 1468 1975 condemnationes
1488 1914 1538 1971 aut
1623 1972 1624 2005 ᾖ

364 2032 581 2098 absolutorias
604 2032 795 2117 definitione
817 2052 874 2097 seu
899 2033 1097 2112 animine,
1121 2035 1330 2099 continentur
1359 2034 1390 2097 in
1422 2032 1537 2118 regulis

364 2158 632 2242 protestantibus,
656 2157 770 2242 quibus
795 2160 957 2223 sententia
988 2156 1134 2223 redditur
1166 2164 1259 2225 certa
1289 2164 1321 2223 et
1347 2158 1536 2225 anthentica

365 2284 605 2366 pronunciatio
627 2284 759 2350 iudicis.
785 2284 946 2350 Videlicet
967 2282 1105 2365 scriptis
1130 2284 1327 2371 proterenda
1350 2288 1410 2355 est,
1436 2282 1536 2348 addita

364 2410 420 2475 die
443 2431 499 2475 seu
523 2412 606 2475 data
629 2430 702 2476 cum
725 2408 946 2494 designatione
977 2409 1147 2475 tribunalis
1170 2428 1227 2473 seu
1257 2409 1319 2474 loci
1343 2414 1376 2474 et
1399 2408 1535 2475 subscri-

365 2536 474 2620 ptione
497 2535 609 2600 iudicis
632 2539 688 2599 aut
710 2534 859 2605 iudicum.
878 2536 902 2600 si
924 2534 1034 2619 plures
1056 2537 1121 2600 sint
1144 2536 1175 2599 in
1200 2535 1370 2621 collegium
1399 2534 1534 2612 adunati,
1624 2577 1625 2588 2

364 2660 540 2744 eademque
563 2659 754 2746 publicanda
775 2667 833 2726 est.
852 2658 1084 2727 Publicationis
1106 2660 1219 2726 modus
1233 2662 1318 2728 alius
1341 2667 1391 2726 est
1414 2662 1449 2726 in
1473 2680 1535 2745 pro

364 2805 458 2851 cessu
481 2804 563 2869 pure
584 2785 790 2869 inquisition,
805 2787 889 2851 alius
912 2786 1181 2852 in'acctnatorio
1199 2791 1255 2850 aut
1273 2787 1393 2852 misto.
1412 2787 1534 2850 Etenim

363 2910 398 2973 in
420 2908 615 2992 inquisitiva
639 2906 811 2992 publicatio
826 2909 972 2972 consistit
994 2909 1028 2971 in
1044 2907 1245 2990 depomndo
1267 2908 1454 2973 sententiae
1476 2908 1535 2974 ori·

368 3036 477 3120 qinnti
493 3036 524 3097 in
542 3033 745 3100 cancellaria
759 3035 850 3098 cuius
863 3033 1031 3118 exemplar
1042 3033 1264 3098 authenticum
1279 3031 1421 3098 traditur
1436 3033 1475 3098 ad
1490 3033 1535 3096 in-

367 3159 517 3224 stantiam
543 3160 691 3242 partium.
717 3160 766 3222 lta
789 3158 981 3224 observatur
996 3160 1030 3222 in
1045 3157 1261 3224 tribunalibus
1276 3159 1307 3224 S.
1323 3159 1534 3242 inquisitionis

364 3287 398 3347 et
421 3283 504 3368 apud
528 3284 559 3349 S.
576 3283 853 3369 congregationes
877 3284 1048 3348 Romanas.
1068 3283 1114 3347 Gt.
1132 3283 1206 3346 Vol.
1224 3283 1266 3358 ΙΙ,
1285 3303 1315 3345 n.
1344 3281 1407 3347 109
1431 3301 1476 3365 sq.
1500 3282 1532 3344 ln

365 3427 520 3492 processu
537 3409 746 3476 monoteta
762 3416 818 3473 aut
831 3409 941 3474 mutato
953 3409 1113 3473 sententia
1120 3406 1318 3490 publicatur
1332 3427 1405 3472 curn
1422 3408 1534 3492 legatur

366 3550 386 3597 a
401 3533 505 3598 iudice
521 3532 718 3598 adstantibus
735 3537 948 3617 procuratore
964 3531 1075 3606 fiscali,
1093 3553 1150 3598 reo
1166 3534 1297 3616 eiusque
1316 3532 1487 3598 defensore
1504 3534 1532 3592 et

365 3659 573 3724 cancellario.
599 3657 690 3723 Haec
721 3657 807 3724 iubet
833 3658 931 3723 Glem.
956 3657 988 3738 2,
1017 3658 1066 3722 De
1089 3658 1178 3723 verb.
1203 3656 1318 3743 siqnis.
1343 3663 1376 3723 et
1398 3655 1532 3741 caputii

364 3781 415 3846 De
435 3788 519 3848 sent.
544 3788 575 3847 et
597 3801 637 3847 re
657 3781 729 3848 ind.
742 3781 791 3856 ¹in
814 3781 838 3845 6
861 3781 944 3864 quod
969 3781 1125 3846 decernit.
1153 3781 1256 3845 «Etsi
1281 3782 1442 3846 sententia
1463 3775 1532 3843 defl-

364 3907 466 3971 nitiva
488 3906 666 3992 (postquam
697 3907 820 3992 scripta
848 3904 960 3989 fuerit)
983 3905 1098 3971 debeat
1127 3925 1147 3970 a
1176 3905 1282 3970 iudice
1312 3924 1375 3970 non
1406 3905 1446 3970 ab
1474 3903 1530 3968 alio

364 4029 529 4117 dejscripti
547 4031 737 4096 recitatione
752 4029 893 4115 proferri
910 4028 1002 4114 (alias
1018 4047 1078 4094 nec
1096 4047 1210 4094 nomen
1226 4029 1406 4093 sententiae
1419 4045 1529 4092 merca·

364 4155 563 4221 turbabere
586 4175 647 4220 nec
669 4155 709 4220 ab
736 4175 776 4220 ea
802 4157 844 4219 sit
870 4155 1035 4239 appellare
1062 4153 1219 4241 nemeae),
1244 4153 1404 4239 Episcopo
1430 4158 1528 4220 nmen

365 4282 542 4346 senteniam
565 4280 606 4346 ab
630 4301 668 4345 eo
691 4279 859 4344 ferendam
891 4279 1001 4345 licebit
1030 4278 1071 4344 ad
1102 4281 1205 4346 instar
1230 4279 1402 4344 illustrium
1433 4296 1528 4364 perse

363 4425 479 4471 uarum
510 4406 693 4490 paralium
720 4407 871 4470 recitare.
902 4403 1075 4470 Sententia
1103 4401 1211 4489 'quum
1241 4403 1404 4486 scriptam
1432 4401 1484 4468 edi
1508 4419 1526 4463 u
