3350 5100
425 312 469 359 οε
493 311 632 359 runicus
656 306 900 359 carumloreos
924 306 960 353 m
984 306 1101 353 ersom
1290 286 1353 351 471

175 435 252 500 eiiii.
277 470 297 481 -
321 434 384 501 Sed
407 434 525 501 sufficit
552 436 647 500 etiam
671 430 1010 518 quasi-domicilium,
1036 430 1127 494 iuxta
1153 447 1355 493 communem

177 557 238 621 llll.
256 558 465 632 sententiam
489 556 684 642 (Schmalzg.
708 558 756 621 tit.
774 554 823 619 De
836 553 904 636 sor.
925 570 1034 635 comp.
1051 572 1085 617 a.
1101 551 1154 631 17,
1172 547 1266 615 Reid.
1283 550 1315 615 n.
1334 556 1354 616 i.

175 702 208 746 n.
232 680 282 746 37
304 700 369 765 rq.;
393 682 468 745 Vol.
493 682 532 764 Ι).
557 648 687 765 inquor-
710 679 750 745 de
773 678 979 764 separatione
1009 676 1160 762 lepiiimq
1183 696 1203 740 a
1225 686 1300 744 toro
1325 680 1358 741 ei

175 824 294 871 memo
317 824 400 889 quae
422 824 468 872 eoo
494 816 597 888 parte
625 804 748 871 umoris
769 810 862 871 certe
885 802 1037 889 lepitimo
1065 806 1218 867 censetur
1245 806 1356 886 utpote

175 930 379 1003 necessario,
403 930 467 996 hoc
490 931 587 995 etiarn
611 932 644 995 in
667 950 762 1002 casu.
786 948 903 1016 nempe
926 929 953 993 si
976 928 1028 993 vir
1051 926 1220 993 damnatus
1244 930 1294 991 est
1316 926 1356 991 ad

176 1074 350 1121 eamerem
371 1059 427 1121 aut
448 1053 490 1119 ad
513 1056 625 1121 iocum
646 1054 874 1141 reteqationia
894 1054 1047 1137 quocirca
1068 1056 1148 1117 tunc
1171 1070 1256 1117 uxor
1279 1050 1356 1117 iudi·

176 1196 247 1243 cem
270 1180 404 1245 sortitur
434 1184 667 1264 competentem
691 1181 725 1243 in
749 1180 830 1261 loco,
854 1177 908 1244 ubi
931 1180 1001 1263 ipsa
1023 1176 1218 1244 domicilium
1246 1175 1355 1243 habet.

58 1384 65 1399 ⁹
178 1302 268 1369 Haec
282 1306 427 1387 quaestio
443 1310 529 1369 moia
544 1305 641 1369 estin
658 1303 796 1387 quadam
815 1304 974 1369 Parisien.
992 1302 1075 1388 apud
1092 1302 1123 1369 S.
1142 1302 1175 1367 0.
1193 1302 1228 1368 Ο.
1246 1322 1356 1367 mense

178 1426 281 1511 Aprili
308 1426 393 1493 1902
416 1427 473 1491 sed
496 1428 614 1493 mansit
636 1446 702 1491 non
726 1428 876 1492 resoluta.
903 1426 969 1491 Pro
992 1426 1089 1513 oaqis
1110 1424 1208 1491 iudex
1232 1441 1356 1511 compe·

176 1556 248 1613 tens
271 1554 321 1615 est
343 1548 440 1614 iudex
463 1549 526 1615 loci
550 1550 836 1617 commorationis.

266 1672 404 1739 Praeter
414 1674 635 1747 domicilium,
649 1674 689 1739 ad
706 1675 952 1760 competentiam
970 1673 1211 1741 ieraiiorioiem
1226 1649 1355 1757 praesto

177 1804 224 1861 est
249 1796 361 1862 titulus
383 1798 436 1863 rei
458 1798 559 1872 siloe,
583 1806 616 1863 θῖ
639 1805 842 1864 contractus.
869 1834 886 1847 -
912 1798 980 1865 Res
1008 1798 1073 1863 sita
1104 1802 1137 1861 et
1163 1801 1356 1863 contractus

177 1920 299 1987 faciunt
320 1922 460 1987 iudicem
490 1926 727 2009 competentem
750 1943 811 2009 pro
839 1925 944 1987 causis
975 1920 1122 1987 civilibus
1144 1926 1177 1987 et
1201 1923 1355 2005 patrimo-

177 2046 314 2111 cialibus
336 2048 518 2132 coniugum,
542 2049 648 2132 prouti
673 2048 835 2132 explorati
859 2048 938 2113 iuris
954 2054 1013 2113 θεῖ.

265 2172 340 2237 436.
365 2172 542 2248 Quaeritur
572 2192 613 2238 an
644 2175 727 2238 ratio
762 2154 956 2271 oontrqctus
987 2173 1086 2237 iaciat
1120 2176 1354 2257 competentem

177 2292 370 2377 Episcopum
393 2294 457 2358 loci
473 2292 526 2359 ubi
550 2295 788 2359 matrimonium
812 2292 1014 2360 celebratum
1038 2300 1095 2359 est.
1114 2328 1132 2341 -
1152 2294 1257 2357 Porro
1273 2293 1356 2357 haec

178 2419 259 2482 ratio
287 2419 524 2505 competentiae
553 2419 586 2483 in
614 2418 665 2483 his
696 2421 802 2484 causis
831 2419 921 2484 nullo
952 2420 1024 2483 iure
1055 2417 1255 2503 prohibetur,
1279 2416 1358 2489 hinc,

175 2542 374 2610 admittenda
389 2551 448 2610 est.
470 2544 517 2612 cf.
535 2543 609 2610 Vol.
629 2546 653 2618 l,
671 2565 702 2610 n.
719 2544 795 2610 339.
821 2543 885 2610 Sed
901 2544 1036 2610 ulterius
1052 2542 1252 2615 advertatur,
1269 2542 1356 2608 huno

176 2673 378 2733 contractum
409 2669 570 2735 celebrari
602 2670 637 2733 in
666 2669 738 2735 loco
771 2669 823 2734 ubi
852 2671 923 2754 quis
954 2669 1149 2734 domicilium
1179 2674 1235 2733 aut
1265 2669 1355 2750 quasi

177 2791 371 2858 domicilium
393 2792 502 2874 habet,
526 2799 558 2858 et
581 2794 659 2858 hino
688 2813 783 2859 unam
815 2796 974 2860 rationem
1005 2794 1141 2861 alteram
1168 2791 1355 2857 absorbere.

179 2916 246 2978 lmo
269 2919 358 2982 iuvat
379 2917 493 2983 titulus
515 2923 708 2985 contractus
730 2918 858 3003 quando
881 2919 1023 2984 dubium
1046 2919 1147 2983 luerit
1161 2915 1355 2981 domicilium

176 3044 344 3124 autquasi
375 3041 571 3109 domicilium
595 3048 629 3108 θῖ
651 3042 725 3107 inde
754 3044 994 3108 matrimonium
1026 3041 1225 3108 celebratum
1258 3041 1358 3106 luerit

177 3181 223 3229 em
244 3163 465 3250 deieqctione.
490 3199 508 3212 -
534 3163 618 3239 Quid
641 3165 722 3230 iuris
744 3165 771 3226 si
790 3165 1031 3229 matrimonium
1055 3183 1101 3230 sn
1117 3181 1356 3230 nannonmona

177 3289 305 3354 ineatur
315 3287 401 3372 apud
417 3288 594 3374 parochum
611 3295 699 3355 cerie
714 3307 780 3353 non
795 3290 963 3375 proprium
979 3289 1108 3354 ratione
1123 3287 1286 3354 domicilii
1300 3293 1357 3352 aut

176 3412 276 3496 quam
291 3409 477 3478 domicilii?
500 3412 704 3480 Dicendusne
720 3418 769 3478 est
784 3413 962 3498 Episcopus
978 3413 1012 3476 in
1027 3415 1117 3478 cuius
1134 3413 1272 3478 dioecesi
1295 3413 1354 3475 ini·

177 3541 243 3599 tum
260 3541 312 3602 est
326 3539 520 3622 coniugium,
538 3542 724 3623 competens
747 3539 875 3604 ratione
898 3532 1113 3602 comiraciaioi
1135 3536 1230 3601 Modo
1250 3555 1354 3600 meam

176 3662 370 3741 seqientiam
394 3663 548 3746 aperiam,
573 3681 647 3726 nam
672 3662 892 3745 quaestionem
909 3681 929 3724 a
945 3662 1009 3725 Dll.
1033 3681 1099 3726 non
1121 3661 1186 3725 vidi
1203 3661 1356 3734 solutam;

177 3791 211 3852 ct
231 3785 413 3871 respondeo
435 3786 514 3850 mihi
537 3785 758 3853 difficultatem
782 3787 895 3852 facere
918 3787 1020 3871 ipsam
1044 3785 1298 3872 deiepaiionem,
1319 3787 1354 3852 vi

176 3911 268 3976 ouius
290 3916 477 3976 contractus
493 3913 590 3976 initus
608 3919 667 3984 est,
684 3931 748 3976 non
764 3914 837 3976 iure
849 3911 994 3996 proprio
1010 3911 1281 3988 contrahentium,
1299 3909 1355 3976 sed

177 4053 219 4100 ex
242 4037 464 4103 antecessione.
488 4037 587 4121 Atqui
602 4036 768 4122 deiepaiio
792 4033 891 4101 efficit
912 4040 1036 4100 tantum
1061 4040 1262 4100 contractum
1285 4053 1357 4122 esse

176 4160 331 4226 validum
353 4162 429 4244 quia
451 4161 626 4248 deleqatus
647 4163 715 4246 agit
739 4161 879 4227 moratiue
909 4160 1118 4246 deleqaniie5
1145 4155 1261 4244 quare
1277 4179 1356 4226 con·

175 4289 303 4348 tractus
324 4285 359 4348 in
382 4305 441 4350 sua
463 4287 495 4349 vi
519 4286 676 4358 invidiae,
702 4287 804 4371 magis
827 4285 945 4369 pendet
968 4304 987 4349 a
1013 4285 1191 4370 deiepanie
1214 4303 1309 4368 quam
1335 4303 1356 4348 a

177 4408 340 4493 deieqato,
357 4408 555 4493 proindeque
579 4429 621 4474 ex
644 4415 811 4475 contractu
835 4413 1071 4493 competentem
1095 4407 1238 4474 dicemus
1261 4407 1357 4474 Ordi-
