3350 5100
335 220 404 286 712
762 238 871 287 tnuax
893 238 1096 287 ernorrrous

333 360 396 413 430.
416 364 460 415 Au
479 361 632 431 Episcopus
650 360 754 415 habeat
772 366 943 429 potestatem
962 361 1116 429 dclcpandi
1134 360 1184 413 has
1202 376 1301 413 causas
1339 397 1347 413 .
1382 376 1449 429 pap.
1466 360 1510 413 tot

333 468 395 522 431.
415 466 535 529 Quiusm
554 468 592 523 sit
609 468 693 524 iudex
710 467 913 539 appellationis
932 485 948 521 a
967 468 1115 523 sententiis
1134 468 1348 537 Episcoporum.
1389 506 1397 518 .
1436 482 1454 521 s
1479 469 1508 519 ib.

332 576 396 632 432.
418 577 456 633 De
475 575 672 640 tribunalibus,
690 592 763 647 quse
781 574 833 629 has
853 593 951 629 causas
971 582 1144 645 cognoscunt
1155 576 1228 645 apud
1240 574 1269 629 S.
1281 575 1393 629 Sedem.
1433 576 1507 629 »459

332 682 394 737 433
415 684 571 739 Ῑηιῑωῑίω
589 684 624 738 de
640 683 849 753 disponsatione
868 702 886 737 a
904 694 986 737 matr.
998 694 1062 737 rato
1082 694 1109 737 ct
1126 701 1183 738 non
1201 692 1394 739 commata

442 790 660 847 introducendae
678 794 745 845 suut
762 796 792 845 et
809 790 985 847 definiendae
1003 790 1077 861 apud
1096 789 1123 845 S.
1142 790 1250 859 sedem,
1262 791 1394 861 quumvis

440 913 585 966 processus
602 896 756 967 detegetur-
768 896 959 951 conficiendus
978 884 1013 951 ab
1033 896 1188 951 Ordiuariis
1206 897 1347 951 locorum.
1384 936 1394 951 .
1430 912 1449 951 a
1476 898 1511 947 ib.

332 1000 394 1056 434
415 1002 455 1057 De
475 1004 665 1073 competentis
683 1004 793 1058 rstioue
812 1004 947 1059 territorii
979 1040 1392 1057 ..........
1428 1004 1512 1059 »470

332 1106 395 1163 435.
414 1108 558 1169 Quomodo
577 1109 734 1178 applicetur
752 1108 823 1163 hsec
842 1108 955 1177 reguis:
974 1119 1055 1163 actor
1072 1113 1200 1179 sequitur
1217 1115 1313 1179 sorum
1330 1110 1394 1163 rei.
1430 1123 1450 1164 )
1478 1109 1511 1160 ib.

331 1214 394 1269 4³6.
414 1218 457 1270 An
477 1216 641 1271 attendetur
660 1218 738 1271 locro
757 1226 917 1271 cataractus
935 1254 1391 1270 ...........
1428 1232 1446 1269 s
1463 1214 1508 1266 471

331 1320 394 1376 437.
415 1321 453 1377 De
472 1324 638 1393 exceptione
656 1323 897 1393 incompetentiae
914 1328 964 1377 eut
982 1327 1149 1394 suspicionis
1157 1360 1390 1377 ......
1428 1337 1446 1373 a
1463 1322 1512 1373 472

332 1427 394 1481 438.
413 1428 517 1484 Utrum
535 1430 619 1485 iudex
637 1446 767 1486 recusare
786 1431 875 1501 possit
894 1434 1099 1485 accusationem
1112 1431 1237 1499 recipere
1250 1430 1278 1483 iu
1291 1429 1391 1483 matri·

441 1536 565 1591 monium
616 1574 1389 1593 ..................
1427 1537 1510 1591 sib.

593 1698 656 1761 §2
676 1698 718 1751 De
736 1700 889 1769 assonare
907 1700 1082 1752 matrimonii
1099 1715 1136 1753 cor
1154 1696 1251 1767 officio.

330 1853 392 1909 439.
412 1854 532 1917 Quinem
542 1872 627 1925 egere
637 1856 860 1911 velesutmunus
870 1856 1024 1913 defensoris
1036 1855 1209 1913 matrimonii
1220 1874 1256 1913 err
1265 1856 1364 1927 officio.
1375 1873 1443 1927 pap.
1462 1854 1513 1907 473

329 1961 391 2014 440.
412 1961 476 2017 Nou
495 1964 652 2017 uecessmio
669 1964 882 2019 constituendus
901 1969 945 2019 est
964 1980 1027 2019 cum
1046 1963 1142 2019 stabili
1161 1964 1260 2021 officio.
1280 1964 1312 2017 Ei
1334 1963 1389 2017 uti·

437 2068 504 2123 liter
521 2069 673 2138 deputatur
689 2072 839 2125 munaus
858 2088 906 2125 seu
926 2074 1088 2125 submittatur
1111 2110 1386 2127 .......
1424 2086 1443 2125 a
1461 2071 1511 2122 474

329 2175 391 2231 441.
411 2176 442 2229 lu
459 2192 635 2248 quecumque
652 2178 788 2233 instantia
805 2179 867 2234 eius
885 2196 971 2247 opera
990 2180 1147 2235 nscewm
1165 2185 1209 2234 est
1245 2218 1253 2232 .
1290 2220 1296 2231 .
1335 2216 1343 2233 .
1380 2218 1388 2233 .
1427 2195 1445 2229 s
1476 2180 1511 2231 ib.

329 2282 390 2335 442.
411 2281 554 2344 Quomodo
572 2284 695 2355 suppleri
714 2287 802 2355 possit
822 2287 884 2339 eius
904 2286 1047 2355 legittima
1064 2288 1192 2341 absentis
1202 2325 1388 2340 .....
1427 2302 1446 2343 r
1476 2288 1510 2339 iti.

328 2387 391 2441 443.
409 2386 609 2465 Quodnameit
627 2391 688 2447 eiua
705 2392 827 2445 officium
841 2430 1384 2445 .............
1422 2406 1441 2447 a
1461 2393 1512 2443 475

298 2478 388 2546 'tit
410 2494 564 2568 Praecipue
581 2497 673 2569 quoad
690 2515 792 2552 munus
811 2498 1030 2568 appellationem
1050 2497 1242 2568 interponendi
1290 2537 1297 2552 .
1335 2536 1342 2552 .
1380 2537 1386 2551 .
1425 2515 1442 2551 s
1476 2501 1510 2552 ib.

327 2602 389 2656 445.
410 2603 506 2659 Poena
523 2604 664 2660 uuilitstis
682 2611 809 2660 actorum
829 2607 985 2660 constituta
1003 2612 1060 2672 est,
1079 2607 1102 2659 si
1125 2613 1189 2660 acta
1208 2607 1385 2662 instruantur

435 2727 491 2767 uou
510 2714 565 2766 rite
582 2714 672 2767 citato
688 2713 834 2769 defensore
853 2719 927 2768 matr
929 2749 1381 2768 ...........
1420 2729 1439 2770 a
1458 2717 1509 2768 477

326 2815 390 2868 tto.
410 2818 454 2870 An
472 2816 602 2870 defensor
618 2823 700 2871 matr.
719 2817 908 2872 iuramentum
935 2821 1079 2887 pressisse
1102 2817 1204 2873 debeat
1227 2819 1278 2872 sub
1300 2818 1384 2874 initio

436 2897 582 2991 processus
614 2963 1384 2982 ..................
1422 2945 1440 2978 a
1473 2927 1508 2980 ib.

326 3029 388 3082 447.
409 3027 450 3084 De
468 3017 674 3086 eiue'mercede
702 3068 1385 3087 ................
1422 3049 1441 3090 a
1472 3035 1508 3086 ib.

325 3131 388 3185 448.
408 3131 581 3194 Quibusnam
599 3134 628 3188 iu
646 3136 739 3188 causis
755 3135 885 3192 defensor
905 3141 986 3190 matr.
1006 3135 1118 3190 intersit
1135 3141 1247 3206 oportet
1283 3176 1290 3188 .
1329 3175 1336 3191 .
1374 3177 1382 3191 .
1418 3139 1508 3198 »478

325 3237 387 3292 449.
408 3239 511 3294 Utrum
529 3246 596 3311 agat
614 3248 708 3312 partes
726 3244 839 3310 actoris,
859 3247 908 3297 eut
927 3245 967 3297 rei
988 3253 1017 3298 et
1035 3244 1172 3314 quomodo
1196 3281 1381 3298 .....
1419 3263 1436 3300 a
1455 3246 1507 3298 479

528 3425 546 3484 5
566 3418 589 3473 3.
613 3422 654 3474 De
672 3423 715 3475 hie
733 3425 782 3491 qui
798 3413 1010 3475 matrimonium
1029 3439 1163 3478 usmaro
1179 3431 1302 3494 possunt.

324 3563 388 3616 450.
407 3561 515 3618 (ianuae
537 3568 618 3617 matr.
638 3565 831 3618 instaurantur
852 3565 896 3620 val
922 3565 957 3619 ad
984 3565 1146 3620 instantiam
1170 3567 1275 3635 priuati
1298 3582 1381 3621 accu-

433 3674 534 3726 tatoris
553 3673 600 3726 ool
618 3689 655 3727 cot
672 3671 772 3742 officio,
789 3673 904 3742 praevie
923 3673 1105 3743 inquisitione
1150 3710 1336 3728 .....
1366 3689 1433 3744 pap.
1452 3675 1505 3728 480

323 3776 385 3831 451.
405 3775 450 3830 lus
468 3777 615 3833 accusandi
634 3794 688 3833 uon
707 3795 817 3847 semper
834 3780 970 3848 competit
983 3780 1082 3850 cecique
1094 3779 1315 3850 depopulant
1327 3779 1381 3834 ali·

431 3884 541 3956 quaudo
559 3885 673 3955 utrique
691 3886 803 3954 coniugi
822 3891 873 3940 eut
893 3901 927 3940 ex
946 3883 990 3939 hie
1008 3885 1091 3940 elteri
1101 3924 1377 3942 .......
1414 3905 1432 3942 s
1451 3888 1500 3941 481

322 3993 383 4045 452
404 3990 519 4053 Quando
538 4008 670 4047 accusare
689 3995 830 4061 pertineat
851 3995 961 4046 tantum
980 3993 1146 4064 coningibus
1194 4033 1380 4048 .....
1417 4009 1435 4048 r
1466 3995 1503 4048 io.

321 4099 385 4152 453.
405 4099 556 4154 Accusatio
574 4115 630 4153 aou
649 4099 735 4154 semel
754 4101 891 4168 competit
910 4103 1021 4154 tantum
1039 4105 1091 4154 uni
1109 4119 1146 4154 aa
1164 4103 1327 4172 ooniuyt'dus
1373 4141 1379 4155 .
1417 4119 1433 4154 s
1466 4103 1504 4156 ib.

323 4205 385 4258 454.
402 4205 434 4260 in
453 4205 596 4261 nonnullis
614 4212 709 4260 temen
727 4222 763 4260 ex
781 4205 859 4260 hisce
880 4207 991 4262 ossibus
1010 4209 1109 4278 cuique
1127 4208 1163 4264 dc
1178 4209 1284 4279 populo
1303 4223 1378 4263 coru-

430 4315 502 4384 petit
520 4315 698 4369 denunciatio
717 4314 740 4368 ei
760 4329 816 4369 nou
834 4331 903 4369 vera
921 4318 1061 4370 accusatio
1097 4355 1375 4374 .......
1412 4335 1430 4374 n
1449 4318 1502 4372 484
