3350 5100
340 256 403 323 144
853 281 937 328 raas
961 281 998 328 11.

335 403 448 485 sinat,
471 404 626 489 siquidem
656 410 854 472 commolere
875 425 946 472 noa
965 407 1134 489 probante
1164 426 1244 473 reus
1272 400 1466 475 absolvitur.
1494 446 1512 462 -

334 529 380 593 At
402 529 456 595 bic
481 549 576 612 opus,
601 529 654 596 bic
676 528 784 612 labor,
809 530 961 597 videlicet
983 531 1202 598 determinare
1232 534 1417 601 methodum
1449 555 1514 619 qua

334 655 544 720 instauranda
558 661 608 722 est
622 656 799 721 criminalis
813 657 984 723 acomotio
1000 659 1033 724 vi
1049 659 1141 723 cuius
1157 658 1197 724 ab
1220 666 1413 727 accusatore
1429 681 1514 727 com-

333 784 492 862 parantur
504 784 536 843 et
551 780 745 844 evincuntur
760 777 966 863 probationes
982 781 1014 844 in
1028 799 1182 864 processu
1198 783 1368 856 criminali,
1382 782 1462 848 adeo
1478 790 1515 852 ut

333 902 455 966 veritas
468 903 630 968 elucescat
641 908 672 967 et
685 902 968 967 calumniatoribus
981 903 1209 988 praecludatur
1221 905 1335 971 aditus.
1350 907 1513 991 Siquidem

332 1044 503 1111 processus
521 1027 706 1099 criminalis,
727 1046 791 1092 uon
811 1028 918 1093 minus
941 1021 1035 1111 quam
1054 1029 1143 1112 ipsae
1167 1049 1300 1114 poenae,
1321 1032 1512 1116 prospicere

333 1151 428 1218 debet
455 1153 585 1219 iuriam
615 1153 785 1240 lepitimoe
814 1152 1003 1235 defensioni
1031 1173 1088 1219 seu
1117 1154 1296 1220 defensioni
1320 1175 1431 1221 eorum
1455 1159 1512 1242 qui

331 1297 391 1362 per
413 1281 538 1343 crimen
565 1279 649 1364 passi
676 1284 750 1343 sunt
779 1278 965 1352 laesionem,
993 1285 1027 1343 at
1049 1279 1180 1356 insimul*
1209 1281 1380 1346 consulere
1411 1281 1511 1350 debet

332 1401 511 1468 defensioni
536 1404 685 1470 commati
708 1423 749 1467 ne
772 1402 869 1468 facile
899 1408 931 1469 et
962 1404 1091 1488 impune
1114 1405 1288 1470 calamato
1318 1407 1508 1491 praevaleat

330 1526 486 1593 adversus
501 1529 689 1593 innocentes
700 1530 798 1594 cives.
812 1560 828 1576 -
842 1527 966 1592 Verum
979 1528 1069 1614 leges
1084 1530 1316 1614 processuales‚
1333 1532 1366 1594 in
1382 1532 1509 1617 primis,

331 1652 492 1718 moderari
514 1652 632 1719 debent
654 1658 762 1738 partes
785 1653 1002 1728 accusatoris,
1020 1659 1133 1739 utpote
1155 1656 1210 1738 qni
1226 1655 1333 1722 active
1348 1675 1382 1721 se
1399 1656 1509 1722 habet.

422 1777 495 1842 104.
520 1777 604 1843 Sane
629 1777 716 1842 illius
738 1785 787 1842 est
809 1797 1004 1863 promovere
1031 1797 1154 1864 poenae
1182 1779 1429 1864 applicationem
1453 1783 1510 1865 qui

329 1894 474 1967 criminis
507 1903 657 1967 damnum
692 1894 870 1988 persentiit.
906 1903 938 1969 Si
972 1904 1058 1968 euim
1092 1904 1126 1967 in
1162 1903 1308 1969 civilibus
1343 1923 1511 1970 mensura

329 2024 471 2090 actionis
493 2030 542 2091 est
561 2025 730 2098 interesse,
754 2026 787 2090 in
811 2025 1030 2090 criminalibus
1053 2045 1179 2110 quoque
1209 2026 1294 2092 illius
1321 2028 1384 2092 erit
1409 2047 1508 2092 accu-

328 2168 402 2214 sare
425 2150 516 2215 cuius
537 2151 674 2215 interest
695 2151 819 2215 crimen
844 2169 907 2216 non
930 2168 1064 2215 manere
1097 2153 1296 2236 impunitum.
1330 2153 1428 2236 Atqui
1459 2155 1509 2219 uti

328 2271 493 2338 docuimus
515 2292 573 2338 suo
595 2273 677 2346 loco,
703 2292 747 2338 ex
773 2274 909 2338 crimine
941 2271 1091 2337 damnum
1122 2279 1294 2358 promanat
1324 2275 1507 2342 immedia-

312 2403 399 2464 tam
422 2399 456 2463 in
478 2400 582 2464 civem
605 2399 658 2482 qui
682 2398 805 2464 directe
827 2400 950 2484 patitur
972 2399 1149 2464 laesionem
1168 2400 1250 2464 iuris
1273 2419 1316 2464 ex
1331 2401 1509 2467 criminoso

327 2523 473 2590 facinore
501 2529 536 2589 at
565 2543 630 2589 una
659 2523 752 2590 simul
787 2523 938 2589 damnum
972 2525 1095 2609 patitur
1128 2523 1316 2591 medianam
1351 2525 1509 2593 universa

326 2651 473 2732 societas,
496 2648 542 2735 (1)
569 2669 651 2734 quae
680 2668 740 2734 per
769 2650 958 2714 criminosos
990 2650 1082 2715 cives
1111 2650 1200 2715 videt
1230 2648 1370 2715 convelli
1401 2652 1507 2735 ipsam

325 2775 426 2840 basim
448 2775 576 2840 socialis
596 2774 839 2859 tranquillitatis
854 2795 909 2839 seu
926 2774 1051 2839 auferri
1076 2776 1281 2840 securitatem
1298 2775 1504 2859 singulorum

325 2899 453 2972 civium,
466 2917 601 2981 quorum
624 2898 697 2962 iura
719 2896 925 2982 expostulant
946 2915 967 2960 a
987 2897 1098 2962 sociali
1119 2896 1312 2962 auctoritate
1336 2894 1504 2962 efficacem

325 3021 554 3089 defensionem.
576 3058 594 3071 -
615 3023 665 3087 Re
687 3042 766 3087 saue
788 3042 878 3103 vera,
901 3024 935 3086 in
958 3012 1113 3090 societate
1136 3022 1288 3106 religiosa
1311 3023 1338 3087 si
1362 3023 1505 3088 crimina

323 3152 476 3213 maneant
498 3148 654 3232 impunita
676 3151 901 3231 consequetur,
933 3144 1043 3213 fideles
1066 3147 1163 3233 louge
1187 3146 1345 3213 aberrare
1375 3166 1395 3211 a
1427 3166 1504 3213 san-

324 3272 435 3338 ctitate
457 3291 581 3336 morum
609 3270 722 3356 quibus
752 3276 920 3356 praestare
947 3271 1076 3347 debent,
1101 3276 1133 3337 et
1164 3271 1320 3336 universa
1351 3272 1501 3347 societas,

324 3396 408 3461 malo
435 3396 583 3481 exemplo
613 3395 735 3461 infecta
757 3400 789 3461 et
810 3396 916 3478 impiis
946 3395 1108 3469 moribus,
1132 3395 1232 3461 veluti
1263 3396 1396 3480 putrida
1425 3395 1502 3463 tabe

323 3540 449 3606 peresa,
465 3520 626 3586 catholico
647 3521 777 3584 nomine
799 3518 931 3605 indigna
954 3517 1010 3586 fiet
1034 3525 1066 3585 et
1090 3539 1148 3585 suo
1170 3522 1276 3605 impar
1295 3517 1361 3585 fini.
1378 3520 1501 3595 Quam-

322 3645 434 3713 obrem
449 3652 482 3712 et
497 3646 695 3731 singulorum
710 3642 851 3709 fidelium
874 3650 907 3710 et
930 3646 1104 3712 universae
1127 3646 1293 3720 societatis
1316 3645 1500 3714 catholicae
1572 3644 1575 3647 ’

322 3773 466 3843 interest,
482 3770 582 3835 malos
597 3769 744 3835 homines
759 3788 975 3854 compescere.
993 3768 1072 3835 Inde
1087 3770 1232 3854 sequitur
1248 3789 1406 3836 accusare
1423 3790 1497 3869 reos

323 3900 356 3960 et
378 3914 433 3959 eos
456 3896 488 3958 iu
511 3893 662 3960 iudicium
678 3911 805 3978 rapere,
822 3897 858 3957 ut
874 3892 913 3957 de
928 3912 986 3959 suo
1011 3893 1146 3958 crimine
1169 3894 1308 3959 convicti
1329 3898 1498 3979 praestent

411 4088 450 4158 (l)
470 4088 572 4142 Verum
584 4104 634 4142 suo
647 4087 709 4142 loco
727 4087 896 4142 advertimus
909 4086 983 4158 (Vol.
994 4087 1030 4141 lll
1044 4105 1069 4141 u.
1083 4087 1128 4159 al)
1144 4087 1282 4156 pertinere
1302 4086 1336 4141 ad
1355 4084 1496 4157 publicam

321 4194 518 4249 auctoritatem
541 4194 726 4250 determinare
746 4194 855 4265 quando
879 4194 953 4248 actio
975 4193 1080 4249 laesiva
1104 4193 1223 4248 alicuius
1247 4193 1319 4263 legis
1341 4192 1496 4248 constituat

319 4300 452 4356 delictum
471 4299 524 4355 hoc
542 4317 624 4356 sensu
643 4316 727 4371 penes
746 4301 887 4355 Romanos
905 4298 1081 4354 habebantur
1099 4298 1203 4355 delicta
1212 4304 1326 4372 priuato
1344 4304 1374 4355 st
1392 4298 1496 4355 delicta

318 4409 442 4482 publica.
