3350 5100
429 342 472 389 DE
496 340 636 389 tuotone
660 340 902 387 calummaris
927 340 963 385 ΙΝ
985 338 1103 386 eructu
1290 316 1356 383 455

178 466 259 531 nihil
280 465 396 537 refert,
420 485 463 529 an
485 461 644 530 benedoia
666 465 731 529 sint
753 464 912 558 simplicia
926 468 983 530 aut
998 461 1146 548 duplicia,
1171 466 1286 527 curata
1300 466 1357 526 aut

179 608 243 654 non
266 595 388 654 curata.
407 623 424 637 ·
442 587 561 655 Clerici
584 588 681 652 etism
704 587 828 653 arctati
847 585 888 652 ad
903 585 1034 651 ordines
1056 584 1223 670 prohiberi
1247 585 1357 650 valent

177 734 220 779 ne
243 718 505 799 promoveantur,
530 712 586 779 sed
609 715 740 794 iuterim
764 733 828 778 non
852 714 1026 801 incurrunt
1042 731 1171 797 poenas.
1196 730 1275 796 quas
1299 732 1357 797 pa·

176 842 301 906 tiuntur
334 840 458 905 arctati
491 838 622 904 ordines
656 838 820 923 suscipere
856 837 1078 922 negligentes;
1111 838 1158 902 uti
1189 836 1357 921 rescripsit

179 962 210 1029 S.
235 963 354 1049 Gongr.
378 964 413 1030 0.
437 963 493 1029 die
515 962 568 1028 22
590 962 684 1028 Iunii
705 962 819 1045 16823
842 961 925 1047 apud
949 960 1072 1027 Giraldi
1097 962 1118 1026 l.
1143 960 1196 1026 cit.

268 1085 343 1154 407.
370 1088 416 1151 De
439 1087 568 1152 clericis
596 1086 815 1169 reputassem
845 1087 927 1151 haec
957 1084 1056 1151 tradit
1087 1084 1211 1151 Gireldi
1238 1085 1259 1149 l.
1285 1084 1358 1150 cit:
1430 1116 1442 1141 s
1494 1135 1495 1143 ,

180 1210 326 1278 (Potest
348 1215 444 1277 etiam
467 1212 645 1297 Episcopus
668 1231 714 1278 eor
735 1210 798 1295 ias.
823 1230 914 1278 cons.
938 1209 1136 1295 suspendere
1158 1207 1200 1273 ab
1222 1208 1356 1275 andien-

94 1354 97 1359 ·
177 1338 226 1403 dis
256 1336 510 1403 confessionibus
541 1336 737 1422 segniores,
768 1335 887 1400 lioeta
914 1355 949 1401 se
979 1355 1052 1401 cum
1084 1332 1174 1399 nulla
1202 1334 1357 1417 temporis

176 1462 367 1527 limitatione
390 1459 594 1545 approbatos,
618 1480 661 1525 ex
683 1480 768 1524 nova
790 1461 1041 1545 superveniente
1065 1477 1163 1523 causa
1185 1457 1357 1523 confessio·

177 1606 236 1651 nes
258 1590 488 1655 concernente.
509 1582 630 1667 absque
653 1602 692 1647 eo
715 1582 799 1666 qnod
822 1588 973 1647 teneatur
996 1601 1067 1646 eum
1091 1582 1167 1667 ipsis
1184 1580 1356 1665 Regulari·

178 1709 237 1776 bus
259 1707 452 1795 significare.
477 1713 514 1774 ut
535 1707 715 1774 declaravit
738 1708 836 1773 Glem.
856 1708 887 1772 X
911 1707 1019 1774 const.
1038 1706 1207 1791 Superba,
1231 1706 1274 1771 21
1299 1706 1357 1772 Iu·

178 1835 229 1900 nii
256 1832 365 1913 1670,
396 1817 484 1917 §m
514 1851 579 1899 eos.
613 1834 693 1898 ltem
723 1851 767 1898 ex
798 1831 907 1898 Consi.
939 1832 1106 1897 Benedicti
1130 1830 1212 1897 XIV
1238 1831 1356 1913 Apost.

177 1957 414 2028 ministerium,
440 1955 491 2022 30
512 1956 601 2022 Maii
623 1956 726 2037 1752,
751 1961 856 2040 potest
885 1957 1038 2023 Vicarius
1070 1955 1273 2040 Apostolicus
1296 1974 1362 2039 pro

177 2080 382 2147 missionibus
404 2082 595 2167 Anglicauis
617 2080 788 2165 deputatus
810 2098 973 2157 amovere,
997 2079 1186 2144 inconsultis
1217 2078 1358 2164 superio·

177 2205 276 2277 ribus,
302 2204 483 2290 Regulares
505 2204 727 2269 Missionarios
748 2206 817 2269 sive
841 2206 965 2288 ineptos
988 2204 1057 2268 sive
1080 2202 1303 2286 delinquentes
1323 2202 1356 2265 in

178 2336 456 2394 sacramentorum
480 2327 776 2403 administratione;
799 2329 884 2392 sicut
907 2330 939 2391 et
957 2327 1150 2412 Superiores
1176 2326 1356 2411 Regulares

177 2452 359 2519 inconsulto
386 2453 521 2518 Vicario
537 2472 568 2516 ».
601 2451 648 2517 Cf.
674 2450 794 2517 Bened.
819 2451 913 2525 XIV,
937 2450 1045 2518 Const.
1074 2451 1308 2516 ‹Ftrwrandis
1323 2470 1353 2515 ».

179 2576 300 2643 croc
323 2577 422 2650 1744,
447 2579 469 2660 ἓ
494 2577 545 2643 11.

255 2808 279 2889 ὅ
300 2806 333 2871 3.
356 2807 407 2875 De
428 2807 562 2873 mrmis
583 2806 764 2874 secandis
785 2807 823 2874 in
847 2806 898 2873 bis
919 2807 1093 2874 sententiis
1114 2805 1277 2889 ferendo.

180 2996 396 3054 summarium.
414 3027 449 3040 -
468 3000 529 3052 408.
549 2998 758 3054 Praemittenda
780 3003 822 3053 est
846 2999 992 3070 inquisitio
1016 3000 1148 3070 spectatis
1166 3001 1195 3054 et
1212 2999 1356 3069 spectetis·

267 3105 338 3157 sirm
350 3105 385 3158 sd
402 3105 628 3160 informationem
647 3107 750 3160 curias.
764 3133 798 3147 -
812 3105 873 3159 409.
892 3104 1034 3167 Quomodo
1053 3121 1197 3175 processus
1212 3111 1357 3162 remaneat

267 3211 499 3265 extruiudiciclis.
507 3238 542 3253 -
552 3211 613 3266 410.
622 3213 665 3265 An
674 3212 975 3282 senteutiainscriptis
985 3211 1091 3266 edenda
1100 3212 1188 3266 sit-
1197 3211 1258 3267 411.
1269 3211 1357 3271 Quae·

267 3335 332 3371 nam
350 3319 502 3387 prudenter
520 3318 704 3388 significanda
722 3319 779 3372 sint
796 3319 825 3371 in
842 3319 992 3382 sententia,
1004 3321 1041 3384 et,
1054 3317 1082 3371 in
1096 3318 1193 3388 primis
1205 3334 1240 3371 au
1253 3317 1358 3372 denun-

267 3424 366 3478 ciando
377 3425 415 3478 sit
427 3441 512 3478 causa
524 3425 720 3494 suspensionis.
734 3425 774 3480 De
786 3427 942 3481 monitione
958 3436 1079 3497 poterim
1091 3423 1306 3495 praemittenda.
1320 3451 1357 3466 -

267 3530 328 3584 lla
342 3532 385 3584 Ab
399 3529 451 3585 hac
463 3533 604 3587 sententia
620 3532 698 3586 nulla
709 3534 844 3602 wmpetit
862 3532 1017 3603 appellatio
1034 3533 1081 3587 sed
1096 3537 1204 3586 tautum
1223 3547 1358 3586 recursus

267 3637 302 3690 ad
321 3637 348 3692 S.
368 3641 464 3708 Apost
477 3668 513 3681 -
532 3639 591 3694 413.
612 3639 665 3694 Sed
684 3639 867 3709 appellationi
886 3640 1044 3695 ordinariae
1063 3645 1106 3695 est
1123 3640 1202 3694 locus
1220 3639 1242 3692 si
1261 3637 1358 3709 aliqua

283 3746 359 3799 obsit
377 3746 555 3800 incidentctis
574 3763 667 3800 caum.
821 3722 826 3731 ⁸

269 3943 345 4008 408.
369 3943 489 4008 Mirum
520 3963 591 4008 esse
621 3962 685 4007 non
716 3942 811 4008 debet
833 3945 860 4010 si
883 3944 1053 4029 loquemur
1076 3943 1115 4008 de
1140 3945 1260 4030 regulis
1288 3963 1357 4008 ser-

177 4067 307 4142 vandis,
335 4069 410 4133 dum
438 4068 544 4134 editur
567 4071 728 4135 sententia
750 4089 796 4136 ecc
817 4069 880 4153 inf.
905 4089 994 4136 cons.
1020 4071 1103 4155 quia,
1129 4073 1188 4136 etsi
1213 4069 1294 4134 haec
1317 4069 1358 4134 sit

179 4193 461 4269 momudtctotic
474 4199 582 4259 tammr
599 4213 733 4259 normae
748 4193 925 4260 nonnullae
940 4194 1163 4260 observandae
1178 4201 1252 4260 sunt
1267 4213 1357 4260 acco·

179 4314 327 4382 modatae
353 4318 505 4400 gravitati
536 4317 666 4401 negotii.
692 4351 710 4364 -
736 4317 921 4401 Inprimis,
955 4317 1149 4384 Ordiuarius
1179 4317 1239 4383 sibi
1269 4338 1356 4384 coru·

179 4446 274 4526 paret
295 4445 423 4525 oportet
441 4461 498 4506 aas
520 4441 737 4524 probationes,
752 4440 867 4525 quibus
881 4444 1042 4509 instructa
1057 4446 1125 4510 eius
1141 4445 1356 4513 conscientia.
