3350 5100
315 284 383 349 322
682 328 686 336 =
829 312 912 359 eins
937 312 971 357 11.

315 431 447 496 directis
471 433 522 496 vel
545 432 702 498 adversus
724 436 891 501 actionem
907 436 959 499 vel
983 436 1139 501 adversus
1163 444 1239 503 acta
1261 439 1314 503 vel
1337 439 1492 503 adversus

312 575 490 638 personas.
515 559 560 622 uti
583 555 750 627 docuimus
773 560 835 623 vol.
863 561 887 625 l.
913 582 944 624 n.
972 560 1044 625 170.
1071 561 1232 627 Eiusmodi
1264 570 1372 629 autem
1396 584 1492 628 exce·

316 686 441 769 ptioues
464 685 516 748 vel
540 689 616 749 sunt
637 687 888 767 peremptoriae
909 687 961 751 vel
986 686 1176 757 dilatoriae,
1202 709 1317 773 nempe
1340 690 1392 753 vel
1418 710 1492 754 con-

316 808 451 872 tendunt
474 809 579 872 locum
603 828 674 873 esse
698 772 762 871 hon
786 829 879 891 posse
902 810 1119 875 acaosatioai.
1137 816 1193 875 aut
1216 811 1300 876 hanc
1324 812 1494 878 retardant

318 931 369 995 vel
400 933 598 1016 suspendunt
628 952 793 1016 quousque
823 934 947 998 sublata
971 936 1012 999 sit
1040 955 1139 999 causa
1162 938 1369 1021 exceptionis.
1397 939 1432 1000 ln
1458 958 1493 999 re

220 1085 224 1091 ·
317 1058 476 1122 criminali
497 1058 579 1122 haec
602 1059 751 1142 exceptio
774 1065 811 1123 ut
833 1060 1017 1143 plurimum,
1033 1060 1206 1125 adhibetur
1221 1062 1382 1127 dilatoria
1397 1082 1492 1145 quum

316 1182 498 1247 declinatur
513 1190 570 1247 aut
584 1202 723 1267 persona
738 1184 861 1250 iudicis.
879 1191 934 1249 aut
948 1186 1047 1249 testis.
1065 1190 1121 1249 aut
1136 1187 1323 1251 cancellarii
1341 1186 1381 1251 oh
1397 1188 1494 1271 suspi-

317 1307 442 1371 cionem
469 1316 525 1371 aut
552 1310 843 1392 incompetentiam.
870 1344 888 1355 -
914 1308 1152 1393 Peremptoria
1180 1313 1329 1394 exceptio
1353 1319 1401 1375 est
1428 1310 1492 1383 illa,

317 1450 400 1513 quae
430 1431 630 1496 demonstrat
659 1435 818 1498 actionem
849 1452 922 1497 esse
949 1434 1201 1517 praescriptam
1208 1456 1222 1516 ,·
1245 1435 1407 1501 dilatoria
1438 1454 1494 1499 seu

318 1554 543 1620 dedicatoria
565 1562 615 1620 est
627 1559 778 1642 exceptio
793 1559 1065 1641 incompetentius
1088 1564 1145 1624 aut
1167 1560 1355 1642 suspicionis
1371 1558 1493 1623 iudicis,

318 1682 471 1763 quocirca
493 1680 676 1746 declinatur
697 1701 837 1765 persona
860 1682 974 1747 iudicis
998 1681 1044 1767 (l)
1071 1691 1127 1748 aut
1150 1682 1301 1767 tribunal.

408 1805 550 1888 Repulsa
570 1808 702 1873 testium
725 1816 775 1873 est
796 1810 922 1892 species
945 1808 1146 1907 exceptionis
1168 1808 1357 1874 dilatoriae.
1376 1844 1394 1855 -
1413 1810 1494 1875 Item

318 1930 464 1995 defensio
487 1932 655 1998 indirecto
677 1938 829 1997 censetur
852 1952 1072 2016 quaecumque
1095 1932 1333 1999 animadversio
1348 1932 1494 1997 ordinata

320 2053 360 2118 ad
377 2054 622 2120 convellendam
637 2057 702 2119 vim
726 2056 949 2140 probationum
965 2056 1005 2122 ab
1021 2064 1211 2123 accusatore
1234 2055 1457 2123 deductarum.
1475 2088 1495 2103 -

322 2182 416 2246 luvat
438 2182 522 2245 enim
546 2188 727 2247 extenuare
743 2182 897 2246 adversas
913 2182 1127 2267 probationes.
1145 2184 1220 2267 quia
1243 2185 1302 2249 etsi
1325 2186 1496 2248 accusatus

320 2304 401 2368 nihil
427 2304 629 2388 probaverit,
661 2310 769 2371 tamen
791 2312 983 2372 accusatore
1011 2327 1074 2371 non
1098 2309 1193 2391 plene
1217 2314 1249 2372 et
1272 2309 1392 2371 invicte
1420 2324 1496 2390 pro-

320 2428 418 2495 bante
447 2449 537 2495 suam
568 2414 795 2499 intentionem.
819 2437 990 2497 accusatus
1020 2432 1228 2497 dimittendus
1251 2438 1299 2497 est
1321 2432 1494 2496 absolutus.

407 2553 483 2620 252.
510 2557 578 2618 Non
602 2573 652 2620 est
673 2557 798 2621 alienus
820 2575 841 2619 a
863 2558 1025 2641 praesenti
1050 2559 1242 2621 tractatione
1266 2578 1342 2621 usus
1360 2557 1495 2638 positio·

318 2700 413 2761 nam,
430 2682 665 2756 articulorum,
678 2681 916 2765 capitulorum.
934 2681 1068 2765 Legitur
1085 2681 1334 2748 inclementius
1351 2717 1368 2728 -
1388 2678 1496 2772 Saepe

322 2841 339 2853 -
355 2808 383 2872 2
397 2807 448 2874 De
462 2808 554 2874 verb.
570 2807 685 2893 sipais.
706 2809 783 2872 «Et
805 2809 888 2892 qaia
907 2807 1093 2890 positiones
1115 2809 1162 2873 od
1182 2808 1373 2890 faciliorem
1398 2825 1494 2890 eape-

320 2933 484 3000 ditioaem
507 2933 627 3012 litium,
647 2939 793 3014 propter
818 2930 974 3013 partiam
1006 2931 1248 3014 confessiones,
1273 2939 1304 2996 et
1334 2932 1497 2997 articulos

320 3060 368 3124 od
390 3059 572 3124 clariorem
590 3057 829 3138 probationem
844 3076 926 3121 aeas
946 3057 1131 3142 loaqaeuas
1153 3056 1191 3120 in
1213 3056 1326 3121 causis
1347 3055 1494 3120 admisit.

320 3177 393 3247 No⁸s
421 3201 523 3246 asum
546 3161 712 3248 eiusmodi
735 3181 915 3246 obsauare
937 3181 1085 3246 uolentes
1113 3179 1302 3253 statuimus,
1330 3185 1366 3244 ul
1388 3179 1496 3244 iudea

247 3363 253 3374 .
321 3308 370 3372 sic
391 3307 572 3390 depatmm
594 3326 617 3370 a
638 3305 745 3380 mois,
766 3306 814 3370 ad
836 3305 990 3370 dandam
1006 3305 1109 3368 amul
1124 3309 1295 3388 atrosque,
1313 3301 1495 3368 terminum
1602 3395 1608 3406 ι

321 3431 408 3497 darc
425 3433 532 3515 possit
549 3453 577 3495 ›.
595 3432 794 3515 Quamquam
811 3431 894 3494 haec
910 3429 1017 3494 const.
1034 3429 1158 3495 directe
1174 3434 1297 3514 spectet
1319 3427 1359 3492 ad
1383 3447 1496 3492 causas

321 3554 444 3637 ciuiles,
468 3554 554 3637 (Vol,
577 3559 601 3627 l,
627 3577 658 3620 n.
684 3555 761 3641 418)
785 3553 882 3620 hodie
904 3553 1098 3618 attendenda
1120 3558 1170 3618 est
1191 3555 1287 3617 etiam
1311 3555 1344 3616 in
1368 3572 1405 3615 re
1429 3551 1495 3617 cri·

320 3684 452 3749 minati.
480 3678 568 3745 Sane
599 3683 631 3744 in
662 3700 700 3745 re
731 3680 818 3744 civili
845 3679 970 3762 positio
1002 3685 1050 3743 est
1075 3677 1266 3760 propositio
1296 3681 1426 3742 asserta
1456 3673 1495 3740 ab

320 3815 432 3875 actore
447 3808 499 3872 vel
522 3826 543 3870 a
566 3826 632 3875 reo,
649 3825 689 3870 eo
708 3805 843 3869 consilio
866 3809 900 3868 ut
923 3804 949 3867 si
973 3802 1180 3867 adversarius
1197 3803 1288 3866 istam
1303 3821 1369 3865 non
1388 3805 1496 3884 neget,

198 3923 202 3930 ’
321 3953 375 3997 res
390 3931 468 3998 inibi
483 3938 608 3997 asserta
623 3935 796 3996 censeatur
812 3929 939 3992 versari
952 3933 1047 3991 extra
1062 3926 1327 3990 controversiam.
1343 3926 1368 3988 Ε
1383 3929 1496 3988 contra

408 4128 449 4198 (Ι)
468 4126 521 4182 Sed
539 4126 692 4196 Episcopus
710 4125 738 4177 in
757 4123 884 4194 generali
897 4121 1058 4175 visitatione
1077 4120 1212 4174 dioecesis
1230 4118 1381 4188 procedens
1399 4118 1494 4187 (etiam

320 4233 503 4305 iudicialiter)
516 4233 552 4287 ad
569 4248 677 4287 morum
698 4231 870 4301 punitionem
890 4235 918 4284 et
937 4229 1148 4294 correctionem,
1160 4229 1202 4281 ati
1213 4236 1357 4296 suspectus
1372 4225 1497 4295 allegari

321 4358 369 4395 seu
389 4342 517 4396 recusari
535 4358 591 4393 aaa
604 4350 702 4410 potest.
723 4339 764 4392 lta
783 4336 926 4405 rescripsit
945 4333 1031 4389 Clam.
1052 4333 1112 4387 Vlll
1131 4350 1165 4389 ex
1185 4337 1251 4387 voto
1271 4331 1297 4385 S.
1317 4331 1403 4400 (long.
1422 4331 1496 4385 Cori-

322 4446 380 4501 cilii
399 4447 437 4501 21
454 4447 526 4500 aas·
543 4446 628 4501 1603.
652 4443 766 4498 Richter
785 4443 857 4496 Edit.
878 4441 943 4495 Gon.
964 4440 1036 4494 Trid.
1057 4457 1119 4510 pag.
1138 4441 1182 4493 72.
