3350 5100
507 324 552 371 ns
575 323 715 371 runicus
738 324 993 375 caruissemus.
1270 310 1336 377 227

146 445 301 527 qualitas
323 462 540 539 personarum
561 445 602 511 ad
625 446 824 513 sortiendum
854 447 971 513 iorum.
997 449 1059 515 Sed
1083 450 1180 515 hodie
1207 452 1335 537 potissi·

148 588 241 633 mum
274 588 336 654 per
371 570 461 655 lepus
492 571 728 645 concordatas,
760 571 910 637 Ecclesia
940 574 1061 658 patitur
1094 574 1232 641 clericos
1269 578 1334 641 cri-

148 693 276 758 minum
292 690 459 779 'civilium
488 714 563 762 reos
595 696 756 781 compesci
772 714 847 787 ⁴per
877 702 1066 783 potestatem
1101 699 1263 775 laicalem
1296 704 1332 765 et

146 818 216 883 sibi
244 823 369 884 tantum
398 826 558 884 reservat*
577 820 895 887 animadversionem
926 824 959 887 in
986 824 1133 896 crimina,
1158 842 1240 907 quae
1267 824 1335 890 cle-

146 945 214 1008 rici
237 948 367 1028 patrant
390 944 648 1029 indisciplinam
663 946 927 1012 ecclesiasticam.
953 947 1045 1012 Haec
1069 950 1214 1022 crimina,
1228 950 1331 1034 expli·

144 1068 301 1132 cavimm
315 1086 416 1152 supra
431 1069 464 1131 in
479 1068 529 1133 tit.
544 1066 611 1132 ΧΗ
617 1068 641 1133 1.
661 1102 679 1117 ·
694 1069 760 1133 Pro
775 1069 868 1133 ltalia
883 1089 957 1135 oum
973 1089 1038 1135 non
1054 1070 1186 1156 vigeant
1201 1090 1334 1137 concor·

144 1192 239 1272 data,
263 1194 420 1278 speciales
430 1192 602 1258 facultates
618 1193 751 1260 concedi
766 1194 873 1259 solent
889 1194 1081 1266 Ordinariis.
1099 1197 1143 1261 uti
1158 1198 1327 1263 innuimus

149 1316 232 1381 Vol.
257 1318 282 1387 Ι,
307 1336 338 1380 n.
363 1316 438 1383 333.

248 1442 320 1507 162.
346 1443 485 1507 Ratione
506 1443 640 1529 proclus
664 1443 872 1517 hierarchici,
897 1443 1019 1509 iudices
1047 1443 1127 1509 liunt
1151 1447 1330 1531 respective

143 1573 374 1652 competentes
396 1568 451 1631 vel
473 1569 507 1632 in
529 1570 665 1653 primam
687 1568 741 1633 vel
765 1570 797 1633 in
820 1569 996 1635 secundam
1020 1569 1072 1633 vel
1089 1572 1121 1633 in
1142 1570 1331 1637 ulteriorem

146 1693 351 1757 instantiam.

243 1816 374 1882 Revera
385 1816 544 1883 ordinatio
560 1817 700 1883 iudicum
716 1820 750 1883 in
766 1818 914 1884 Ecclesia
930 1838 995 1883 non
1011 1819 1137 1884 aliaest
1153 1840 1212 1905 pro
1229 1822 1336 1885 causis

142 1941 311 2023 civilibus,
327 1943 393 2007 alia
407 1962 468 2028 pro
483 1942 719 2019 criminalibus;
742 1950 884 2009 attamen
907 1944 1027 2029 aliquid
1050 1946 1215 2031 singulare
1237 1946 1336 2046 habe·

146 2076 206 2134 tur
228 2072 263 2133 in
289 2090 326 2133 re
347 2069 475 2154 poenali
497 2070 591 2135 modo
615 2069 855 2155 explicandum.

291 2195 321 2281 l)
344 2196 481 2260 Interim
503 2195 704 2260 advertimus
721 2194 843 2260 iudices
867 2195 1008 2261 eiusdem
1024 2196 1156 2281 pradus
1171 2215 1229 2261 seu
1245 2197 1335 2263 inter

142 2340 187 2384 se
214 2338 280 2383 non
310 2318 567 2392 moereamus,
594 2321 695 2387 veluti
725 2321 903 2406 Episcopos
933 2323 1020 2385 inter
1050 2340 1094 2401 se,
1120 2326 1153 2386 et
1182 2320 1269 2385 inter
1300 2342 1335 2385 se

145 2444 374 2528 metropolitas
396 2462 468 2508 esse
488 2449 597 2509 tamen
614 2443 840 2516 coordinalos‚
854 2446 959 2529 prouti
981 2443 1189 2509 disseruimus
1206 2445 1280 2516 Vol,
1299 2445 1329 2511 11

146 2591 181 2633 n.
195 2570 333 2652 3l9sq.‚
347 2589 411 2634 non
426 2570 534 2634 minus
556 2571 589 2634 in
614 2569 762 2636 civilibus
785 2589 881 2653 quam
905 2571 937 2634 in
961 2569 1165 2654 poenalibus;
1180 2569 1330 2636 videlicet

143 2693 377 2766 coordinatos,
391 2700 427 2759 ut
441 2694 501 2759 sibi
516 2696 655 2760 invicem
671 2699 836 2778 praestent
855 2693 1044 2761 subsidium
1066 2694 1161 2769 iuris,
1179 2695 1211 2759 in
1228 2714 1324 2780 expe·

142 2818 275 2883 diendis
299 2818 413 2890 causis,
438 2820 578 2884 maxime
601 2819 635 2884 in
657 2818 825 2884 audiendis
848 2817 981 2884 testibus
1005 2827 1102 2884 extra
1124 2820 1325 2885 territorium

145 2943 265 3010 iudicis
287 2946 508 3009 attestationes
532 2946 732 3028 exquirentis
755 2944 1037 3014 commorantibus.
1063 2951 1096 3008 et
1118 2945 1152 3008 in
1177 2942 1259 3008 aliis.

285 3066 320 3151 2)
343 3068 449 3131 Porro
467 3087 585 3132 causae
600 3066 786 3133 criminales
801 3087 845 3132 ex
860 3068 899 3131 iis
914 3071 989 3132 sunt
1003 3087 1083 3152 quas
1099 3066 1220 3132 Concil.
1238 3066 1328 3132 Trid.

143 3211 229 3259 sess.
254 3191 313 3273 24,
338 3211 412 3275 cap.
429 3192 481 3258 20
496 3193 595 3272 iussit,
613 3193 646 3257 in
657 3193 776 3275 prima
790 3193 954 3258 instanlia
969 3195 1120 3278 cognosci
1141 3199 1175 3258 et
1197 3191 1329 3258 deliniri

146 3320 181 3382 in
206 3316 361 3382 tribunali
385 3317 550 3404 Episcopi:
577 3318 669 3383 «Aa
691 3319 775 3383 haec
799 3319 969 3403 (praecipit
993 3318 1115 3383 Concil.
1141 3318 1229 3382 Trid.
1251 3320 1272 3383 l.
1290 3318 1332 3402 c.)

143 3459 276 3509 caenae
298 3441 570 3508 matrimoniales
590 3447 623 3508 et
650 3442 845 3508 criminales
875 3461 944 3507 non
975 3441 1113 3514 Ducant,
1147 3442 1333 3507 Arcltidia-

143 3568 237 3641 coni,
260 3573 322 3634 aut
352 3568 502 3634 aliorum
531 3567 739 3650 inferiorum
768 3567 895 3633 indicio
926 3567 1029 3632 etiam
1059 3567 1238 3642 visitando,
1270 3568 1329 3632 sed

145 3695 313 3777 spiscopi
336 3699 468 3760 tantum
490 3691 646 3758 examini
668 3698 699 3758 el
720 3691 948 3759 iurisdictioni
970 3691 1249 3777 relinquantur»
1275 3689 1332 3775 (1).

145 3820 245 3886 Modo
268 3820 310 3885 ad
330 3839 444 3886 causas
460 3820 658 3887 criminales
680 3829 883 3885 coarctamus
900 3837 1094 3892 sermonem,
1111 3819 1185 3902 quia
1201 3818 1241 3882 de
1256 3837 1332 3884 ma-

143 3942 402 4011 trimonialibus
413 3961 545 4030 agemus
560 3945 749 4009 evolventes
764 3945 938 4030 specialem
951 3945 1110 4008 rationem
1124 3943 1332 4027 procedendi.

145 4071 306 4156 Equidem
330 4071 364 4134 in
386 4070 499 4154 primis
519 4069 688 4152 quaeritur
702 4089 743 4132 an
760 4087 806 4135 em
821 4069 872 4134 eit.
892 4074 985 4134 lenta
1002 4069 1143 4132 examini
1159 4073 1192 4132 et
1208 4067 1325 4134 iudicio

231 4358 275 4429 (l)
294 4357 326 4409 ln
346 4353 470 4410 editione
488 4353 606 4409 Richter
624 4353 731 4408 Concil.
751 4353 824 4407 Trid.
837 4369 867 4423 p.
882 4353 945 4405 tlt
959 4351 1084 4407 invenies
1102 4352 1211 4406 abunde
1227 4354 1331 4408 relatas

139 4465 361 4547 declarationes.
372 4460 460 4531 (long.
479 4461 585 4516 concil.
603 4462 633 4516 in
651 4462 723 4516 hanc
743 4479 810 4516 rem.
