<?xml version="1.0" encoding="UTF-8"?>
<!DOCTYPE html PUBLIC "-//W3C//DTD XHTML 1.0 Transitional//EN"
    "http://www.w3.org/TR/xhtml1/DTD/xhtml1-transitional.dtd">
<html xmlns="http://www.w3.org/1999/xhtml" xml:lang="en" lang="en">
 <head>
  <title>
</title>
<meta http-equiv="Content-Type" content="text/html;charset=utf-8" />
  <meta name='ocr-system' content='tesseract 3.04.00' />
  <meta name='ocr-capabilities' content='ocr_page ocr_carea ocr_par ocr_line ocrx_word'/>
</head>
<body>
  <div class='ocr_page' id='page_1' title='image "./praelectionesin00legagoog_0081.png"; bbox 0 0 3350 5100; ppageno 0'>
   <div class='ocr_carea' id='block_1_1' title="bbox 533 287 1340 356">
    <p class='ocr_par' dir='ltr' id='par_1_1' title="bbox 533 287 1340 356">
     <span class='ocr_line' id='line_1_1' title="bbox 533 287 1340 356; baseline -0.005 -2"><span class='ocrx_word' id='word_1_1' title='bbox 533 307 578 354; x_wconf 75' lang='lat' dir='ltr'><strong>DE</strong></span> <span class='ocrx_word' id='word_1_2' title='bbox 601 305 757 356; x_wconf 76' lang='lat' dir='ltr'><strong>ouulcrls</strong></span> <span class='ocrx_word' id='word_1_3' title='bbox 781 307 824 354; x_wconf 82' lang='grc' dir='ltr'><strong>ΕΤ</strong></span> <span class='ocrx_word' id='word_1_4' title='bbox 848 307 968 356; x_wconf 76' lang='lat' dir='ltr'><strong>Posala</strong></span> <span class='ocrx_word' id='word_1_5' title='bbox 1296 287 1340 351; x_wconf 73' lang='grc'><strong>77</strong></span> 
     </span>
    </p>
   </div>
   <div class='ocr_carea' id='block_1_2' title="bbox 153 427 1346 3753">
    <p class='ocr_par' dir='ltr' id='par_1_2' title="bbox 154 427 1343 1141">
     <span class='ocr_line' id='line_1_2' title="bbox 157 427 1340 512; baseline 0.001 -18"><span class='ocrx_word' id='word_1_6' title='bbox 157 431 269 512; x_wconf 88' lang='lat' dir='ltr'><strong>ianuis,</strong></span> <span class='ocrx_word' id='word_1_7' title='bbox 282 431 338 496; x_wconf 88' lang='lat' dir='ltr'><strong>vel</strong></span> <span class='ocrx_word' id='word_1_8' title='bbox 355 432 463 500; x_wconf 76' lang='lat' dir='ltr'><strong>arbita</strong></span> <span class='ocrx_word' id='word_1_9' title='bbox 478 436 655 497; x_wconf 85' lang='lat' dir='ltr'><strong>accurrant</strong></span> <span class='ocrx_word' id='word_1_10' title='bbox 670 431 767 497; x_wconf 87' lang='lat' dir='ltr'><strong>acciti</strong></span> <span class='ocrx_word' id='word_1_11' title='bbox 783 450 825 496; x_wconf 80' lang='lat' dir='ltr'><strong>er</strong></span> <span class='ocrx_word' id='word_1_12' title='bbox 839 450 981 496; x_wconf 90' lang='lat' dir='ltr'><strong>rumore.</strong></span> <span class='ocrx_word' id='word_1_13' title='bbox 995 427 1107 510; x_wconf 81' lang='lat' dir='ltr'><strong>Quare</strong></span> <span class='ocrx_word' id='word_1_14' title='bbox 1123 430 1169 495; x_wconf 90' lang='lat' dir='ltr'><strong>illi</strong></span> <span class='ocrx_word' id='word_1_15' title='bbox 1186 429 1228 496; x_wconf 89' lang='lat' dir='ltr'><strong>de</strong></span> <span class='ocrx_word' id='word_1_16' title='bbox 1243 429 1340 496; x_wconf 88' lang='lat' dir='ltr'><strong>indu·</strong></span> 
     </span>
     <span class='ocr_line' id='line_1_3' title="bbox 155 555 1343 642; baseline -0.003 -20"><span class='ocrx_word' id='word_1_17' title='bbox 155 556 238 622; x_wconf 84' lang='lat' dir='ltr'><strong>stria</strong></span> <span class='ocrx_word' id='word_1_18' title='bbox 261 563 423 642; x_wconf 86' lang='lat' dir='ltr'><strong>spectant,</strong></span> <span class='ocrx_word' id='word_1_19' title='bbox 447 559 500 641; x_wconf 89' lang='lat' dir='ltr'><strong>qui</strong></span> <span class='ocrx_word' id='word_1_20' title='bbox 525 559 569 622; x_wconf 83' lang='lat' dir='ltr'><strong>ita</strong></span> <span class='ocrx_word' id='word_1_21' title='bbox 591 556 708 623; x_wconf 87' lang='lat' dir='ltr'><strong>adsunt</strong></span> <span class='ocrx_word' id='word_1_22' title='bbox 724 556 863 622; x_wconf 82' lang='lat' dir='ltr'><strong>facinori</strong></span> <span class='ocrx_word' id='word_1_23' title='bbox 879 555 1098 628; x_wconf 81' lang='lat' dir='ltr'><strong>duellantium</strong></span> <span class='ocrx_word' id='word_1_24' title='bbox 1119 561 1155 620; x_wconf 90' lang='lat' dir='ltr'><strong>ut</strong></span> <span class='ocrx_word' id='word_1_25' title='bbox 1169 555 1343 623; x_wconf 85' lang='lat' dir='ltr'><strong>rideantur</strong></span> 
     </span>
     <span class='ocr_line' id='line_1_4' title="bbox 154 681 1340 768; baseline -0.001 -22"><span class='ocrx_word' id='word_1_26' title='bbox 154 681 340 767; x_wconf 81' lang='lat' dir='ltr'><strong>approbare</strong></span> <span class='ocrx_word' id='word_1_27' title='bbox 370 701 488 768; x_wconf 90' lang='lat' dir='ltr'><strong>eosque</strong></span> <span class='ocrx_word' id='word_1_28' title='bbox 521 683 657 748; x_wconf 83' lang='lat' dir='ltr'><strong>inattare</strong></span> <span class='ocrx_word' id='word_1_29' title='bbox 690 681 731 746; x_wconf 86' lang='lat' dir='ltr'><strong>ad</strong></span> <span class='ocrx_word' id='word_1_30' title='bbox 762 701 914 768; x_wconf 83' lang='lat' dir='ltr'><strong>pugnam.</strong></span> <span class='ocrx_word' id='word_1_31' title='bbox 947 682 1093 765; x_wconf 88' lang='lat' dir='ltr'><strong>Denique</strong></span> <span class='ocrx_word' id='word_1_32' title='bbox 1122 700 1194 746; x_wconf 88' lang='lat' dir='ltr'><strong>non</strong></span> <span class='ocrx_word' id='word_1_33' title='bbox 1218 681 1340 764; x_wconf 78' lang='lat' dir='ltr'><strong>protri-</strong></span> 
     </span>
     <span class='ocr_line' id='line_1_5' title="bbox 155 805 1341 892; baseline -0.003 -20"><span class='ocrx_word' id='word_1_34' title='bbox 155 805 266 872; x_wconf 85' lang='lat' dir='ltr'><strong>bentes</strong></span> <span class='ocrx_word' id='word_1_35' title='bbox 290 806 341 872; x_wconf 89' lang='lat' dir='ltr'><strong>illi</strong></span> <span class='ocrx_word' id='word_1_36' title='bbox 364 813 550 888; x_wconf 78' lang='lat' dir='ltr'><strong>censentur,</strong></span> <span class='ocrx_word' id='word_1_37' title='bbox 568 807 621 892; x_wconf 89' lang='lat' dir='ltr'><strong>qui</strong></span> <span class='ocrx_word' id='word_1_38' title='bbox 646 827 688 871; x_wconf 84' lang='lat' dir='ltr'><strong>ex</strong></span> <span class='ocrx_word' id='word_1_39' title='bbox 711 805 820 890; x_wconf 83' lang='lat' dir='ltr'><strong>officia</strong></span> <span class='ocrx_word' id='word_1_40' title='bbox 836 805 1012 891; x_wconf 89' lang='lat' dir='ltr'><strong>prohibere</strong></span> <span class='ocrx_word' id='word_1_41' title='bbox 1028 805 1222 878; x_wconf 79' lang='lat' dir='ltr'><strong>debuissent,</strong></span> <span class='ocrx_word' id='word_1_42' title='bbox 1238 805 1341 870; x_wconf 81' lang='lat' dir='ltr'><strong>veluti</strong></span> 
     </span>
     <span class='ocr_line' id='line_1_6' title="bbox 156 929 1343 1018; baseline 0 -23"><span class='ocrx_word' id='word_1_43' title='bbox 156 933 272 1018; x_wconf 79' lang='lat' dir='ltr'><strong>Reges,</strong></span> <span class='ocrx_word' id='word_1_44' title='bbox 299 929 472 1016; x_wconf 83' lang='lat' dir='ltr'><strong>Principes</strong></span> <span class='ocrx_word' id='word_1_45' title='bbox 496 932 529 995; x_wconf 92' lang='lat' dir='ltr'><strong>in</strong></span> <span class='ocrx_word' id='word_1_46' title='bbox 554 931 621 995; x_wconf 87' lang='lat' dir='ltr'><strong>suis</strong></span> <span class='ocrx_word' id='word_1_47' title='bbox 644 931 829 1001; x_wconf 82' lang='lat' dir='ltr'><strong>territoriIs,</strong></span> <span class='ocrx_word' id='word_1_48' title='bbox 846 930 901 995; x_wconf 84' lang='lat' dir='ltr'><strong>vel</strong></span> <span class='ocrx_word' id='word_1_49' title='bbox 916 929 1053 996; x_wconf 87' lang='lat' dir='ltr'><strong>rnilitum</strong></span> <span class='ocrx_word' id='word_1_50' title='bbox 1074 931 1178 995; x_wconf 83' lang='lat' dir='ltr'><strong>Duces</strong></span> <span class='ocrx_word' id='word_1_51' title='bbox 1193 931 1248 1014; x_wconf 91' lang='lat' dir='ltr'><strong>qui</strong></span> <span class='ocrx_word' id='word_1_52' title='bbox 1269 929 1343 996; x_wconf 84' lang='lat' dir='ltr'><strong>suis</strong></span> 
     </span>
     <span class='ocr_line' id='line_1_7' title="bbox 155 1053 707 1141; baseline -0.004 -21"><span class='ocrx_word' id='word_1_53' title='bbox 155 1057 216 1120; x_wconf 82' lang='lat' dir='ltr'><strong>hoc</strong></span> <span class='ocrx_word' id='word_1_54' title='bbox 239 1061 411 1122; x_wconf 84' lang='lat' dir='ltr'><strong>certamen</strong></span> <span class='ocrx_word' id='word_1_55' title='bbox 435 1075 500 1122; x_wconf 91' lang='lat' dir='ltr'><strong>non</strong></span> <span class='ocrx_word' id='word_1_56' title='bbox 523 1053 707 1141; x_wconf 86' lang='lat' dir='ltr'><strong>prohibent.</strong></span> 
     </span>
    </p>

    <p class='ocr_par' dir='ltr' id='par_1_3' title="bbox 153 1178 1345 3381">
     <span class='ocr_line' id='line_1_8' title="bbox 242 1178 1342 1246; baseline -0.001 -1"><span class='ocrx_word' id='word_1_57' title='bbox 242 1179 301 1245; x_wconf 83' lang='lat'><strong>53.</strong></span> <span class='ocrx_word' id='word_1_58' title='bbox 327 1179 497 1246; x_wconf 87' lang='lat' dir='ltr'><strong>Duellandi</strong></span> <span class='ocrx_word' id='word_1_59' title='bbox 526 1198 650 1244; x_wconf 91' lang='lat' dir='ltr'><strong>morem</strong></span> <span class='ocrx_word' id='word_1_60' title='bbox 681 1179 754 1244; x_wconf 93' lang='lat' dir='ltr'><strong>dum</strong></span> <span class='ocrx_word' id='word_1_61' title='bbox 789 1179 1001 1245; x_wconf 82' lang='lat' dir='ltr'><strong>vehementer</strong></span> <span class='ocrx_word' id='word_1_62' title='bbox 1028 1178 1207 1246; x_wconf 81' lang='lat' dir='ltr'><strong>detestatur</strong></span> <span class='ocrx_word' id='word_1_63' title='bbox 1230 1180 1342 1246; x_wconf 83' lang='lat' dir='ltr'><strong>Conci·</strong></span> 
     </span>
     <span class='ocr_line' id='line_1_9' title="bbox 153 1301 1343 1394; baseline 0.001 -27"><span class='ocrx_word' id='word_1_64' title='bbox 153 1303 230 1368; x_wconf 90' lang='lat' dir='ltr'><strong>lium</strong></span> <span class='ocrx_word' id='word_1_65' title='bbox 256 1302 348 1368; x_wconf 87' lang='lat' dir='ltr'><strong>Trid.</strong></span> <span class='ocrx_word' id='word_1_66' title='bbox 374 1303 395 1366; x_wconf 94' lang='lat' dir='ltr'><strong>l.</strong></span> <span class='ocrx_word' id='word_1_67' title='bbox 421 1323 447 1370; x_wconf 89' lang='lat' dir='ltr'><strong>c.</strong></span> <span class='ocrx_word' id='word_1_68' title='bbox 469 1305 536 1394; x_wconf 64' lang='grc' dir='ltr'><strong>Ιειίῐε</strong></span> <span class='ocrx_word' id='word_1_69' title='bbox 563 1301 809 1368; x_wconf 77' lang='lat' dir='ltr'><strong>«Detestabilis</strong></span> <span class='ocrx_word' id='word_1_70' title='bbox 832 1301 1012 1368; x_wconf 76' lang='lat' dir='ltr'><strong>duellandi</strong></span> <span class='ocrx_word' id='word_1_71' title='bbox 1033 1320 1128 1382; x_wconf 73' lang='lat' dir='ltr'><strong>unes,</strong></span> <span class='ocrx_word' id='word_1_72' title='bbox 1150 1301 1343 1384; x_wconf 70' lang='lat' dir='ltr'><strong>fabricante</strong></span> 
     </span>
     <span class='ocr_line' id='line_1_10' title="bbox 154 1426 1342 1510; baseline -0.001 -18"><span class='ocrx_word' id='word_1_73' title='bbox 154 1426 306 1500; x_wconf 78' lang='lat' dir='ltr'><strong>diobarlo.</strong></span> <span class='ocrx_word' id='word_1_74' title='bbox 327 1427 555 1506; x_wconf 72' lang='lat' dir='ltr'><strong>introductae,</strong></span> <span class='ocrx_word' id='word_1_75' title='bbox 576 1431 613 1492; x_wconf 89' lang='lat' dir='ltr'><strong>ut</strong></span> <span class='ocrx_word' id='word_1_76' title='bbox 637 1433 780 1493; x_wconf 87' lang='lat' dir='ltr'><strong>cruenta</strong></span> <span class='ocrx_word' id='word_1_77' title='bbox 803 1445 988 1510; x_wconf 80' lang='lat' dir='ltr'><strong>corporum</strong></span> <span class='ocrx_word' id='word_1_78' title='bbox 1011 1432 1120 1493; x_wconf 86' lang='lat' dir='ltr'><strong>morte</strong></span> <span class='ocrx_word' id='word_1_79' title='bbox 1142 1427 1342 1492; x_wconf 85' lang='lat' dir='ltr'><strong>animarum</strong></span> 
     </span>
     <span class='ocr_line' id='line_1_11' title="bbox 153 1549 1343 1634; baseline -0.003 -16"><span class='ocrx_word' id='word_1_80' title='bbox 153 1553 258 1627; x_wconf 84' lang='lat' dir='ltr'><strong>etiarn</strong></span> <span class='ocrx_word' id='word_1_81' title='bbox 279 1551 472 1634; x_wconf 77' lang='lat' dir='ltr'><strong>perniciem</strong></span> <span class='ocrx_word' id='word_1_82' title='bbox 495 1551 656 1623; x_wconf 82' lang='lat' dir='ltr'><strong>lucretur,</strong></span> <span class='ocrx_word' id='word_1_83' title='bbox 675 1571 719 1617; x_wconf 82' lang='lat' dir='ltr'><strong>en</strong></span> <span class='ocrx_word' id='word_1_84' title='bbox 735 1549 919 1617; x_wconf 79' lang='lat' dir='ltr'><strong>eliristiano</strong></span> <span class='ocrx_word' id='word_1_85' title='bbox 936 1551 1016 1619; x_wconf 87' lang='lat' dir='ltr'><strong>orbe</strong></span> <span class='ocrx_word' id='word_1_86' title='bbox 1026 1552 1167 1634; x_wconf 84' lang='lat' dir='ltr'><strong>penitus</strong></span> <span class='ocrx_word' id='word_1_87' title='bbox 1185 1552 1343 1617; x_wconf 72' lang='lat' dir='ltr'><strong>externi·</strong></span> 
     </span>
     <span class='ocr_line' id='line_1_12' title="bbox 154 1674 1343 1748; baseline -0.002 -6"><span class='ocrx_word' id='word_1_88' title='bbox 154 1683 256 1742; x_wconf 87' lang='lat' dir='ltr'><strong>netur</strong></span> <span class='ocrx_word' id='word_1_89' title='bbox 269 1698 302 1740; x_wconf 72' lang='lat' dir='ltr'><strong>s.</strong></span> <span class='ocrx_word' id='word_1_90' title='bbox 321 1675 370 1742; x_wconf 85' lang='lat' dir='ltr'><strong>ct.</strong></span> <span class='ocrx_word' id='word_1_91' title='bbox 388 1695 415 1742; x_wconf 92' lang='lat' dir='ltr'><strong>c.</strong></span> <span class='ocrx_word' id='word_1_92' title='bbox 433 1697 461 1742; x_wconf 90' lang='lat' dir='ltr'><strong>c.</strong></span> <span class='ocrx_word' id='word_1_93' title='bbox 478 1675 507 1748; x_wconf 85' lang='lat'><strong>1,</strong></span> <span class='ocrx_word' id='word_1_94' title='bbox 522 1675 557 1742; x_wconf 84' lang='lat'><strong>2.</strong></span> <span class='ocrx_word' id='word_1_95' title='bbox 576 1676 626 1742; x_wconf 89' lang='lat' dir='ltr'><strong>De</strong></span> <span class='ocrx_word' id='word_1_96' title='bbox 642 1681 807 1742; x_wconf 79' lang='lat' dir='ltr'><strong>tarnenna.</strong></span> <span class='ocrx_word' id='word_1_97' title='bbox 826 1676 898 1741; x_wconf 86' lang='lat' dir='ltr'><strong>Hac</strong></span> <span class='ocrx_word' id='word_1_98' title='bbox 913 1675 954 1740; x_wconf 92' lang='lat' dir='ltr'><strong>de</strong></span> <span class='ocrx_word' id='word_1_99' title='bbox 969 1695 1067 1742; x_wconf 87' lang='lat' dir='ltr'><strong>causa</strong></span> <span class='ocrx_word' id='word_1_100' title='bbox 1082 1674 1262 1742; x_wconf 87' lang='lat' dir='ltr'><strong>huiusmodi</strong></span> <span class='ocrx_word' id='word_1_101' title='bbox 1277 1675 1343 1740; x_wconf 91' lang='lat' dir='ltr'><strong>bel·</strong></span> 
     </span>
     <span class='ocr_line' id='line_1_13' title="bbox 154 1798 1343 1888; baseline 0 -23"><span class='ocrx_word' id='word_1_102' title='bbox 154 1801 236 1866; x_wconf 88' lang='lat' dir='ltr'><strong>lioos</strong></span> <span class='ocrx_word' id='word_1_103' title='bbox 247 1799 355 1882; x_wconf 91' lang='lat' dir='ltr'><strong>ludos,</strong></span> <span class='ocrx_word' id='word_1_104' title='bbox 368 1801 401 1865; x_wconf 92' lang='lat' dir='ltr'><strong>in</strong></span> <span class='ocrx_word' id='word_1_105' title='bbox 415 1798 528 1884; x_wconf 88' lang='lat' dir='ltr'><strong>quibus</strong></span> <span class='ocrx_word' id='word_1_106' title='bbox 539 1818 643 1884; x_wconf 86' lang='lat' dir='ltr'><strong>aeque</strong></span> <span class='ocrx_word' id='word_1_107' title='bbox 655 1819 773 1886; x_wconf 89' lang='lat' dir='ltr'><strong>corpus</strong></span> <span class='ocrx_word' id='word_1_108' title='bbox 786 1805 819 1868; x_wconf 88' lang='lat' dir='ltr'><strong>et</strong></span> <span class='ocrx_word' id='word_1_109' title='bbox 830 1803 939 1866; x_wconf 86' lang='lat' dir='ltr'><strong>anima</strong></span> <span class='ocrx_word' id='word_1_110' title='bbox 948 1801 1187 1888; x_wconf 79' lang='lat' dir='ltr'><strong>periclitantur,</strong></span> <span class='ocrx_word' id='word_1_111' title='bbox 1196 1800 1343 1866; x_wconf 82' lang='lat' dir='ltr'><strong>Ecclesia</strong></span> 
     </span>
     <span class='ocr_line' id='line_1_14' title="bbox 156 1925 1343 2013; baseline 0 -21"><span class='ocrx_word' id='word_1_112' title='bbox 156 1946 258 2010; x_wconf 89' lang='lat' dir='ltr'><strong>usque</strong></span> <span class='ocrx_word' id='word_1_113' title='bbox 283 1926 445 1992; x_wconf 82' lang='lat' dir='ltr'><strong>detestata</strong></span> <span class='ocrx_word' id='word_1_114' title='bbox 469 1932 527 1992; x_wconf 91' lang='lat' dir='ltr'><strong>est.</strong></span> <span class='ocrx_word' id='word_1_115' title='bbox 552 1927 658 1991; x_wconf 89' lang='lat' dir='ltr'><strong>Porro</strong></span> <span class='ocrx_word' id='word_1_116' title='bbox 683 1927 716 1990; x_wconf 92' lang='lat' dir='ltr'><strong>in</strong></span> <span class='ocrx_word' id='word_1_117' title='bbox 741 1928 794 1992; x_wconf 86' lang='lat' dir='ltr'><strong>ott.</strong></span> <span class='ocrx_word' id='word_1_118' title='bbox 819 1925 912 1994; x_wconf 88' lang='lat' dir='ltr'><strong>titulo</strong></span> <span class='ocrx_word' id='word_1_119' title='bbox 935 1925 1144 1993; x_wconf 83' lang='lat' dir='ltr'><strong>decretalium</strong></span> <span class='ocrx_word' id='word_1_120' title='bbox 1168 1927 1266 2013; x_wconf 83' lang='lat' dir='ltr'><strong>Greg.</strong></span> <span class='ocrx_word' id='word_1_121' title='bbox 1292 1927 1343 1992; x_wconf 89' lang='lat' dir='ltr'><strong>IX</strong></span> 
     </span>
     <span class='ocr_line' id='line_1_15' title="bbox 155 2048 1342 2136; baseline 0 -22"><span class='ocrx_word' id='word_1_122' title='bbox 155 2051 316 2135; x_wconf 87' lang='lat' dir='ltr'><strong>inscripto</strong></span> <span class='ocrx_word' id='word_1_123' title='bbox 334 2070 351 2112; x_wconf 86' lang='lat'>‹</span> <span class='ocrx_word' id='word_1_124' title='bbox 370 2048 423 2116; x_wconf 89' lang='lat' dir='ltr'><strong>De</strong></span> <span class='ocrx_word' id='word_1_125' title='bbox 439 2049 714 2116; x_wconf 81' lang='lat' dir='ltr'><strong>torneamentis»</strong></span> <span class='ocrx_word' id='word_1_126' title='bbox 734 2049 785 2132; x_wconf 82' lang='lat' dir='ltr'><strong>(V,</strong></span> <span class='ocrx_word' id='word_1_127' title='bbox 806 2049 860 2134; x_wconf 87' lang='lat'><strong>13)</strong></span> <span class='ocrx_word' id='word_1_128' title='bbox 876 2050 1025 2131; x_wconf 84' lang='lat' dir='ltr'><strong>edicitur,</strong></span> <span class='ocrx_word' id='word_1_129' title='bbox 1046 2050 1248 2117; x_wconf 84' lang='lat' dir='ltr'><strong>comminatis</strong></span> <span class='ocrx_word' id='word_1_130' title='bbox 1264 2070 1342 2136; x_wconf 89' lang='lat' dir='ltr'><strong>poe-</strong></span> 
     </span>
     <span class='ocr_line' id='line_1_16' title="bbox 155 2173 1344 2260; baseline 0 -22"><span class='ocrx_word' id='word_1_131' title='bbox 155 2176 214 2248; x_wconf 81' lang='lat' dir='ltr'><strong>nts.</strong></span> <span class='ocrx_word' id='word_1_132' title='bbox 235 2175 299 2239; x_wconf 86' lang='lat' dir='ltr'><strong>has</strong></span> <span class='ocrx_word' id='word_1_133' title='bbox 324 2175 570 2260; x_wconf 84' lang='lat' dir='ltr'><strong>congressiones</strong></span> <span class='ocrx_word' id='word_1_134' title='bbox 592 2176 672 2242; x_wconf 88' lang='lat' dir='ltr'><strong>viris</strong></span> <span class='ocrx_word' id='word_1_135' title='bbox 696 2174 887 2240; x_wconf 89' lang='lat' dir='ltr'><strong>militaribus</strong></span> <span class='ocrx_word' id='word_1_136' title='bbox 909 2177 1009 2240; x_wconf 87' lang='lat' dir='ltr'><strong>armis</strong></span> <span class='ocrx_word' id='word_1_137' title='bbox 1028 2177 1195 2240; x_wconf 85' lang='lat' dir='ltr'><strong>instructis</strong></span> <span class='ocrx_word' id='word_1_138' title='bbox 1219 2173 1344 2240; x_wconf 88' lang='lat' dir='ltr'><strong>habere</strong></span> 
     </span>
     <span class='ocr_line' id='line_1_17' title="bbox 155 2299 1344 2384; baseline -0.001 -21"><span class='ocrx_word' id='word_1_139' title='bbox 155 2300 250 2365; x_wconf 81' lang='lat' dir='ltr'><strong>netas</strong></span> <span class='ocrx_word' id='word_1_140' title='bbox 285 2319 374 2372; x_wconf 90' lang='lat' dir='ltr'><strong>esse,</strong></span> <span class='ocrx_word' id='word_1_141' title='bbox 398 2301 507 2384; x_wconf 88' lang='lat' dir='ltr'><strong>prouti</strong></span> <span class='ocrx_word' id='word_1_142' title='bbox 530 2299 721 2364; x_wconf 83' lang='lat' dir='ltr'><strong>Alexander</strong></span> <span class='ocrx_word' id='word_1_143' title='bbox 745 2300 795 2366; x_wconf 98' lang='lat' dir='ltr'><strong>III</strong></span> <span class='ocrx_word' id='word_1_144' title='bbox 824 2301 858 2364; x_wconf 91' lang='lat' dir='ltr'><strong>in</strong></span> <span class='ocrx_word' id='word_1_145' title='bbox 886 2301 982 2366; x_wconf 84' lang='lat' dir='ltr'><strong>Cone.</strong></span> <span class='ocrx_word' id='word_1_146' title='bbox 1006 2299 1075 2364; x_wconf 86' lang='lat' dir='ltr'><strong>Lat.</strong></span> <span class='ocrx_word' id='word_1_147' title='bbox 1100 2301 1151 2364; x_wconf 94' lang='lat' dir='ltr'><strong>III</strong></span> <span class='ocrx_word' id='word_1_148' title='bbox 1175 2299 1217 2384; x_wconf 89' lang='lat' dir='ltr'><strong>(a.</strong></span> <span class='ocrx_word' id='word_1_149' title='bbox 1244 2299 1344 2383; x_wconf 71' lang='grc'><strong>1179)</strong></span> 
     </span>
     <span class='ocr_line' id='line_1_18' title="bbox 156 2421 1342 2510; baseline -0.001 -22"><span class='ocrx_word' id='word_1_150' title='bbox 156 2425 282 2504; x_wconf 81' lang='lat' dir='ltr'><strong>statuit,</strong></span> <span class='ocrx_word' id='word_1_151' title='bbox 298 2429 332 2489; x_wconf 86' lang='lat' dir='ltr'><strong>et</strong></span> <span class='ocrx_word' id='word_1_152' title='bbox 352 2422 498 2488; x_wconf 86' lang='lat' dir='ltr'><strong>refertur</strong></span> <span class='ocrx_word' id='word_1_153' title='bbox 517 2424 549 2488; x_wconf 94' lang='lat' dir='ltr'><strong>in</strong></span> <span class='ocrx_word' id='word_1_154' title='bbox 574 2442 648 2506; x_wconf 85' lang='lat' dir='ltr'><strong>cap.</strong></span> <span class='ocrx_word' id='word_1_155' title='bbox 666 2424 692 2487; x_wconf 86' lang='lat' dir='ltr'><strong>t.</strong></span> <span class='ocrx_word' id='word_1_156' title='bbox 719 2421 748 2486; x_wconf 86' lang='lat' dir='ltr'><strong>h.</strong></span> <span class='ocrx_word' id='word_1_157' title='bbox 768 2429 788 2488; x_wconf 92' lang='lat' dir='ltr'><strong>t.</strong></span> <span class='ocrx_word' id='word_1_158' title='bbox 806 2421 889 2510; x_wconf 84' lang='lat' dir='ltr'><strong>(Ibi):</strong></span> <span class='ocrx_word' id='word_1_159' title='bbox 913 2421 1134 2491; x_wconf 81' lang='lat' dir='ltr'><strong>Detestabiles</strong></span> <span class='ocrx_word' id='word_1_160' title='bbox 1156 2424 1234 2490; x_wconf 89' lang='lat' dir='ltr'><strong>illas</strong></span> <span class='ocrx_word' id='word_1_161' title='bbox 1252 2444 1342 2488; x_wconf 92' lang='lat' dir='ltr'><strong>nun-</strong></span> 
     </span>
     <span class='ocr_line' id='line_1_19' title="bbox 156 2547 1344 2636; baseline 0 -21"><span class='ocrx_word' id='word_1_162' title='bbox 156 2547 258 2615; x_wconf 85' lang='lat' dir='ltr'><strong>dinas</strong></span> <span class='ocrx_word' id='word_1_163' title='bbox 283 2551 337 2615; x_wconf 88' lang='lat' dir='ltr'><strong>vel</strong></span> <span class='ocrx_word' id='word_1_164' title='bbox 359 2547 478 2631; x_wconf 73' lang='lat' dir='ltr'><strong>serias,</strong></span> <span class='ocrx_word' id='word_1_165' title='bbox 503 2568 591 2633; x_wconf 79' lang='lat' dir='ltr'><strong>quas</strong></span> <span class='ocrx_word' id='word_1_166' title='bbox 614 2550 715 2636; x_wconf 73' lang='lat' dir='ltr'><strong>culpo</strong></span> <span class='ocrx_word' id='word_1_167' title='bbox 745 2556 981 2617; x_wconf 84' lang='lat' dir='ltr'><strong>torneamenta</strong></span> <span class='ocrx_word' id='word_1_168' title='bbox 1002 2555 1134 2622; x_wconf 85' lang='lat' dir='ltr'><strong>vocant,</strong></span> <span class='ocrx_word' id='word_1_169' title='bbox 1161 2548 1344 2635; x_wconf 83' lang='lat' dir='ltr'><strong>inquibus</strong></span> 
     </span>
     <span class='ocr_line' id='line_1_20' title="bbox 156 2674 1343 2755; baseline -0.002 -16"><span class='ocrx_word' id='word_1_170' title='bbox 156 2674 283 2741; x_wconf 86' lang='lat' dir='ltr'><strong>milites</strong></span> <span class='ocrx_word' id='word_1_171' title='bbox 317 2694 363 2739; x_wconf 87' lang='lat' dir='ltr'><strong>ea·</strong></span> <span class='ocrx_word' id='word_1_172' title='bbox 395 2674 549 2741; x_wconf 88' lang='lat' dir='ltr'><strong>condicto</strong></span> <span class='ocrx_word' id='word_1_173' title='bbox 580 2674 761 2745; x_wconf 80' lang='lat' dir='ltr'><strong>convenire</strong></span> <span class='ocrx_word' id='word_1_174' title='bbox 790 2676 915 2755; x_wconf 82' lang='lat' dir='ltr'><strong>solent,</strong></span> <span class='ocrx_word' id='word_1_175' title='bbox 947 2681 979 2739; x_wconf 88' lang='lat' dir='ltr'><strong>et</strong></span> <span class='ocrx_word' id='word_1_176' title='bbox 1008 2676 1056 2739; x_wconf 87' lang='lat' dir='ltr'><strong>ad</strong></span> <span class='ocrx_word' id='word_1_177' title='bbox 1088 2675 1343 2741; x_wconf 82' lang='lat' dir='ltr'><strong>ostentationem</strong></span> 
     </span>
     <span class='ocr_line' id='line_1_21' title="bbox 156 2796 1345 2885; baseline 0.001 -23"><span class='ocrx_word' id='word_1_178' title='bbox 156 2796 288 2863; x_wconf 80' lang='lat' dir='ltr'><strong>atrium</strong></span> <span class='ocrx_word' id='word_1_179' title='bbox 313 2816 458 2863; x_wconf 85' lang='lat' dir='ltr'><strong>suarum</strong></span> <span class='ocrx_word' id='word_1_180' title='bbox 482 2802 513 2864; x_wconf 91' lang='lat' dir='ltr'><strong>et</strong></span> <span class='ocrx_word' id='word_1_181' title='bbox 536 2798 704 2865; x_wconf 87' lang='lat' dir='ltr'><strong>audaciae</strong></span> <span class='ocrx_word' id='word_1_182' title='bbox 735 2818 875 2866; x_wconf 78' lang='lat' dir='ltr'><strong>nausea</strong></span> <span class='ocrx_word' id='word_1_183' title='bbox 898 2799 1078 2885; x_wconf 73' lang='lat' dir='ltr'><strong>conpredi,</strong></span> <span class='ocrx_word' id='word_1_184' title='bbox 1101 2800 1195 2866; x_wconf 86' lang='lat' dir='ltr'><strong>unde</strong></span> <span class='ocrx_word' id='word_1_185' title='bbox 1217 2804 1345 2865; x_wconf 87' lang='lat' dir='ltr'><strong>martes</strong></span> 
     </span>
     <span class='ocr_line' id='line_1_22' title="bbox 159 2922 1343 3011; baseline 0.005 -25"><span class='ocrx_word' id='word_1_186' title='bbox 159 2922 340 2990; x_wconf 82' lang='lat' dir='ltr'><strong>hominum</strong></span> <span class='ocrx_word' id='word_1_187' title='bbox 367 2927 399 2988; x_wconf 91' lang='lat' dir='ltr'><strong>et</strong></span> <span class='ocrx_word' id='word_1_188' title='bbox 422 2924 622 2989; x_wconf 84' lang='lat' dir='ltr'><strong>animarum</strong></span> <span class='ocrx_word' id='word_1_189' title='bbox 641 2924 799 3006; x_wconf 83' lang='lat' dir='ltr'><strong>pericula</strong></span> <span class='ocrx_word' id='word_1_190' title='bbox 815 2943 918 3007; x_wconf 82' lang='lat' dir='ltr'><strong>saepe</strong></span> <span class='ocrx_word' id='word_1_191' title='bbox 938 2924 1155 3007; x_wconf 79' lang='lat' dir='ltr'><strong>proveniunt.</strong></span> <span class='ocrx_word' id='word_1_192' title='bbox 1170 2924 1247 3011; x_wconf 73' lang='lat' dir='ltr'><strong>fieri</strong></span> <span class='ocrx_word' id='word_1_193' title='bbox 1257 2944 1343 3009; x_wconf 85' lang='lat' dir='ltr'><strong>pro-</strong></span> 
     </span>
     <span class='ocr_line' id='line_1_23' title="bbox 159 3046 1345 3135; baseline 0.003 -24"><span class='ocrx_word' id='word_1_194' title='bbox 159 3046 324 3113; x_wconf 77' lang='lat' dir='ltr'><strong>tibanus.</strong></span> <span class='ocrx_word' id='word_1_195' title='bbox 344 3046 440 3118; x_wconf 78' lang='lat' dir='ltr'><strong>Quod</strong></span> <span class='ocrx_word' id='word_1_196' title='bbox 462 3046 492 3113; x_wconf 85' lang='lat' dir='ltr'><strong>si</strong></span> <span class='ocrx_word' id='word_1_197' title='bbox 514 3048 591 3132; x_wconf 82' lang='lat' dir='ltr'><strong>quis</strong></span> <span class='ocrx_word' id='word_1_198' title='bbox 614 3046 667 3131; x_wconf 89' lang='lat' dir='ltr'><strong>(en</strong></span> <span class='ocrx_word' id='word_1_199' title='bbox 692 3048 808 3135; x_wconf 86' lang='lat' dir='ltr'><strong>poena)</strong></span> <span class='ocrx_word' id='word_1_200' title='bbox 837 3067 957 3115; x_wconf 83' lang='lat' dir='ltr'><strong>eorum</strong></span> <span class='ocrx_word' id='word_1_201' title='bbox 981 3048 1027 3115; x_wconf 79' lang='lat' dir='ltr'><strong>iai</strong></span> <span class='ocrx_word' id='word_1_202' title='bbox 1049 3055 1205 3115; x_wconf 85' lang='lat' dir='ltr'><strong>mortuus</strong></span> <span class='ocrx_word' id='word_1_203' title='bbox 1225 3048 1345 3131; x_wconf 81' lang='lat' dir='ltr'><strong>suerit,</strong></span> 
     </span>
     <span class='ocr_line' id='line_1_24' title="bbox 158 3172 1344 3260; baseline 0 -22"><span class='ocrx_word' id='word_1_204' title='bbox 158 3172 319 3256; x_wconf 79' lang='lat' dir='ltr'><strong>quamvis</strong></span> <span class='ocrx_word' id='word_1_205' title='bbox 342 3172 373 3237; x_wconf 89' lang='lat' dir='ltr'><strong>ei</strong></span> <span class='ocrx_word' id='word_1_206' title='bbox 391 3172 549 3255; x_wconf 85' lang='lat' dir='ltr'><strong>poscenti</strong></span> <span class='ocrx_word' id='word_1_207' title='bbox 565 3173 774 3255; x_wconf 86' lang='lat' dir='ltr'><strong>poenitentia</strong></span> <span class='ocrx_word' id='word_1_208' title='bbox 790 3192 861 3238; x_wconf 91' lang='lat' dir='ltr'><strong>non</strong></span> <span class='ocrx_word' id='word_1_209' title='bbox 876 3174 1344 3260; x_wconf 73' lang='lat' dir='ltr'><strong>denepetur,rconssrasr1cn</strong></span> 
     </span>
     <span class='ocr_line' id='line_1_25' title="bbox 159 3298 681 3381; baseline 0 -18"><span class='ocrx_word' id='word_1_210' title='bbox 159 3316 278 3363; x_wconf 77' lang='lat' dir='ltr'><strong>ranan</strong></span> <span class='ocrx_word' id='word_1_211' title='bbox 303 3315 432 3365; x_wconf 72' lang='lat' dir='ltr'><strong>censer</strong></span> <span class='ocrx_word' id='word_1_212' title='bbox 455 3298 681 3381; x_wconf 82' lang='lat' dir='ltr'><strong>sepultura».</strong></span> 
     </span>
    </p>

    <p class='ocr_par' dir='ltr' id='par_1_4' title="bbox 159 3420 1346 3753">
     <span class='ocr_line' id='line_1_26' title="bbox 252 3420 1341 3508; baseline 0.002 -25"><span class='ocrx_word' id='word_1_213' title='bbox 252 3420 330 3484; x_wconf 89' lang='lat' dir='ltr'><strong>Pius</strong></span> <span class='ocrx_word' id='word_1_214' title='bbox 346 3421 378 3485; x_wconf 83' lang='lat' dir='ltr'>V</span> <span class='ocrx_word' id='word_1_215' title='bbox 403 3420 509 3487; x_wconf 80' lang='lat' dir='ltr'><strong>Consi.</strong></span> <span class='ocrx_word' id='word_1_216' title='bbox 540 3421 623 3487; x_wconf 80' lang='lat' dir='ltr'><strong>«ue</strong></span> <span class='ocrx_word' id='word_1_217' title='bbox 646 3424 755 3487; x_wconf 85' lang='lat' dir='ltr'><strong>salute</strong></span> <span class='ocrx_word' id='word_1_218' title='bbox 770 3442 790 3483; x_wconf 86' lang='lat'>›</span> <span class='ocrx_word' id='word_1_219' title='bbox 815 3424 833 3487; x_wconf 92' lang='lat'><em>1</em></span> <span class='ocrx_word' id='word_1_220' title='bbox 856 3422 942 3489; x_wconf 78' lang='grc' dir='ltr'><strong><em>Νου.</em></strong></span> <span class='ocrx_word' id='word_1_221' title='bbox 967 3422 1249 3508; x_wconf 61' lang='lat' dir='ltr'><strong>taceprandus</strong></span> <span class='ocrx_word' id='word_1_222' title='bbox 1272 3424 1341 3507; x_wconf 72' lang='lat' dir='ltr'><strong>api-</strong></span> 
     </span>
     <span class='ocr_line' id='line_1_27' title="bbox 159 3544 1342 3630; baseline 0.004 -24"><span class='ocrx_word' id='word_1_223' title='bbox 159 3544 304 3610; x_wconf 85' lang='lat' dir='ltr'><strong>tationes</strong></span> <span class='ocrx_word' id='word_1_224' title='bbox 328 3548 508 3611; x_wconf 81' lang='lat' dir='ltr'><strong>taurorum</strong></span> <span class='ocrx_word' id='word_1_225' title='bbox 531 3564 588 3609; x_wconf 89' lang='lat' dir='ltr'><strong>sau</strong></span> <span class='ocrx_word' id='word_1_226' title='bbox 613 3548 872 3611; x_wconf 84' lang='lat' dir='ltr'><strong>concertationes</strong></span> <span class='ocrx_word' id='word_1_227' title='bbox 897 3566 969 3611; x_wconf 89' lang='lat' dir='ltr'><strong>curn</strong></span> <span class='ocrx_word' id='word_1_228' title='bbox 994 3546 1104 3613; x_wconf 84' lang='lat' dir='ltr'><strong>bestiis</strong></span> <span class='ocrx_word' id='word_1_229' title='bbox 1128 3548 1161 3611; x_wconf 89' lang='lat' dir='ltr'><strong>iu</strong></span> <span class='ocrx_word' id='word_1_230' title='bbox 1186 3546 1342 3630; x_wconf 85' lang='lat' dir='ltr'><strong>Hispania</strong></span> 
     </span>
     <span class='ocr_line' id='line_1_28' title="bbox 160 3664 1346 3753; baseline 0.003 -23"><span class='ocrx_word' id='word_1_231' title='bbox 160 3664 232 3731; x_wconf 84' lang='lat' dir='ltr'><strong>fieri</strong></span> <span class='ocrx_word' id='word_1_232' title='bbox 256 3666 385 3739; x_wconf 82' lang='lat' dir='ltr'><strong>solitas,</strong></span> <span class='ocrx_word' id='word_1_233' title='bbox 411 3666 509 3732; x_wconf 86' lang='lat' dir='ltr'><strong>edens</strong></span> <span class='ocrx_word' id='word_1_234' title='bbox 541 3670 907 3733; x_wconf 84' lang='lat' dir='ltr'><strong>excommunicationem</strong></span> <span class='ocrx_word' id='word_1_235' title='bbox 931 3671 952 3733; x_wconf 92' lang='lat' dir='ltr'><strong>t.</strong></span> <span class='ocrx_word' id='word_1_236' title='bbox 981 3688 1008 3734; x_wconf 89' lang='lat' dir='ltr'><strong>s.</strong></span> <span class='ocrx_word' id='word_1_237' title='bbox 1032 3671 1065 3732; x_wconf 91' lang='lat' dir='ltr'><strong>in</strong></span> <span class='ocrx_word' id='word_1_238' title='bbox 1091 3669 1261 3753; x_wconf 90' lang='lat' dir='ltr'><strong>Principes</strong></span> <span class='ocrx_word' id='word_1_239' title='bbox 1284 3669 1346 3733; x_wconf 81' lang='lat' dir='ltr'><strong>Iros</strong></span> 
     </span>
    </p>
   </div>
   <div class='ocr_carea' id='block_1_3' title="bbox 160 3790 1342 3889">
    <p class='ocr_par' dir='ltr' id='par_1_5' title="bbox 160 3790 1342 3889">
     <span class='ocr_line' id='line_1_29' title="bbox 160 3790 1342 3889; baseline 0.003 -34"><span class='ocrx_word' id='word_1_240' title='bbox 160 3790 253 3857; x_wconf 90' lang='lat' dir='ltr'><strong>ludos</strong></span> <span class='ocrx_word' id='word_1_241' title='bbox 269 3792 502 3876; x_wconf 85' lang='lat' dir='ltr'><strong>permittentes,</strong></span> <span class='ocrx_word' id='word_1_242' title='bbox 522 3796 554 3858; x_wconf 88' lang='lat' dir='ltr'><strong>et</strong></span> <span class='ocrx_word' id='word_1_243' title='bbox 573 3794 605 3855; x_wconf 93' lang='lat' dir='ltr'><strong>in</strong></span> <span class='ocrx_word' id='word_1_244' title='bbox 622 3791 761 3857; x_wconf 89' lang='lat' dir='ltr'><strong>clericos</strong></span> <span class='ocrx_word' id='word_1_245' title='bbox 777 3793 963 3857; x_wconf 82' lang='lat' dir='ltr'><strong>saeculares</strong></span> <span class='ocrx_word' id='word_1_246' title='bbox 979 3798 1013 3858; x_wconf 91' lang='lat' dir='ltr'><strong>et</strong></span> <span class='ocrx_word' id='word_1_247' title='bbox 1028 3794 1198 3879; x_wconf 83' lang='lat' dir='ltr'><strong>regulares</strong></span> <span class='ocrx_word' id='word_1_248' title='bbox 1222 3794 1342 3889; x_wconf 81' lang='lat' dir='ltr'><strong>eisdem</strong></span> 
     </span>
    </p>
   </div>
   <div class='ocr_carea' id='block_1_4' title="bbox 160 3912 1408 4501">
    <p class='ocr_par' dir='ltr' id='par_1_6' title="bbox 160 3912 1408 4501">
     <span class='ocr_line' id='line_1_30' title="bbox 160 3912 1344 3999; baseline 0.005 -23"><span class='ocrx_word' id='word_1_249' title='bbox 160 3913 362 3979; x_wconf 84' lang='lat' dir='ltr'><strong>adsistentes.</strong></span> <span class='ocrx_word' id='word_1_250' title='bbox 379 3912 505 3977; x_wconf 86' lang='lat' dir='ltr'><strong>Verum</strong></span> <span class='ocrx_word' id='word_1_251' title='bbox 525 3933 590 3979; x_wconf 92' lang='lat' dir='ltr'><strong>non</strong></span> <span class='ocrx_word' id='word_1_252' title='bbox 607 3914 724 3979; x_wconf 83' lang='lat' dir='ltr'><strong>exinde</strong></span> <span class='ocrx_word' id='word_1_253' title='bbox 740 3916 826 3979; x_wconf 85' lang='lat' dir='ltr'><strong>vinci</strong></span> <span class='ocrx_word' id='word_1_254' title='bbox 842 3916 946 3999; x_wconf 87' lang='lat' dir='ltr'><strong>potuit</strong></span> <span class='ocrx_word' id='word_1_255' title='bbox 961 3916 1109 3989; x_wconf 89' lang='lat' dir='ltr'><strong>studium,</strong></span> <span class='ocrx_word' id='word_1_256' title='bbox 1131 3937 1193 3999; x_wconf 93' lang='lat' dir='ltr'><strong>quo</strong></span> <span class='ocrx_word' id='word_1_257' title='bbox 1209 3918 1243 3981; x_wconf 92' lang='lat' dir='ltr'><strong>in</strong></span> <span class='ocrx_word' id='word_1_258' title='bbox 1258 3920 1344 3983; x_wconf 86' lang='lat' dir='ltr'><strong>eius-</strong></span> 
     </span>
     <span class='ocr_line' id='line_1_31' title="bbox 161 4036 1344 4143; baseline 0.007 -42"><span class='ocrx_word' id='word_1_259' title='bbox 161 4039 245 4105; x_wconf 90' lang='lat' dir='ltr'><strong>modi</strong></span> <span class='ocrx_word' id='word_1_260' title='bbox 269 4038 456 4123; x_wconf 79' lang='lat' dir='ltr'><strong>spectaoula</strong></span> <span class='ocrx_word' id='word_1_261' title='bbox 470 4036 661 4107; x_wconf 83' lang='lat' dir='ltr'><strong>ferebantur</strong></span> <span class='ocrx_word' id='word_1_262' title='bbox 678 4040 814 4143; x_wconf 76' lang='lat' dir='ltr'><strong>Hispani</strong></span> <span class='ocrx_word' id='word_1_263' title='bbox 830 4041 992 4115; x_wconf 75' lang='lat' dir='ltr'><strong>uniuersi;</strong></span> <span class='ocrx_word' id='word_1_264' title='bbox 1008 4040 1093 4105; x_wconf 90' lang='lat' dir='ltr'><strong>unde</strong></span> <span class='ocrx_word' id='word_1_265' title='bbox 1110 4049 1226 4127; x_wconf 83' lang='lat' dir='ltr'><strong>rogatu</strong></span> <span class='ocrx_word' id='word_1_266' title='bbox 1244 4042 1344 4125; x_wconf 82' lang='lat' dir='ltr'><strong>Regis</strong></span> 
     </span>
     <span class='ocr_line' id='line_1_32' title="bbox 163 4164 1341 4251; baseline 0.006 -23"><span class='ocrx_word' id='word_1_267' title='bbox 163 4170 193 4229; x_wconf 89' lang='lat' dir='ltr'><strong>et</strong></span> <span class='ocrx_word' id='word_1_268' title='bbox 216 4165 313 4251; x_wconf 84' lang='lat' dir='ltr'><strong>regni</strong></span> <span class='ocrx_word' id='word_1_269' title='bbox 337 4164 543 4248; x_wconf 89' lang='lat' dir='ltr'><strong>Optimatum‚</strong></span> <span class='ocrx_word' id='word_1_270' title='bbox 569 4166 667 4250; x_wconf 86' lang='lat' dir='ltr'><strong>Greg.</strong></span> <span class='ocrx_word' id='word_1_271' title='bbox 693 4166 776 4231; x_wconf 86' lang='lat' dir='ltr'>XIII</span> <span class='ocrx_word' id='word_1_272' title='bbox 802 4166 908 4231; x_wconf 89' lang='lat' dir='ltr'><strong>Const.</strong></span> <span class='ocrx_word' id='word_1_273' title='bbox 936 4167 1111 4249; x_wconf 73' lang='lat' dir='ltr'><strong>«liuponi</strong></span> <span class='ocrx_word' id='word_1_274' title='bbox 1133 4167 1264 4233; x_wconf 85' lang='lat' dir='ltr'><strong>nobis»</strong></span> <span class='ocrx_word' id='word_1_275' title='bbox 1291 4169 1341 4235; x_wconf 78' lang='lat'><strong>25</strong></span> 
     </span>
     <span class='ocr_line' id='line_1_33' title="bbox 163 4288 1408 4376; baseline 0.003 -23"><span class='ocrx_word' id='word_1_276' title='bbox 163 4288 250 4376; x_wconf 72' lang='lat' dir='ltr'><strong>Auo.</strong></span> <span class='ocrx_word' id='word_1_277' title='bbox 275 4290 368 4356; x_wconf 79' lang='lat'><em>1575</em></span> <span class='ocrx_word' id='word_1_278' title='bbox 391 4310 564 4355; x_wconf 85' lang='lat' dir='ltr'><strong>censuram</strong></span> <span class='ocrx_word' id='word_1_279' title='bbox 591 4290 816 4375; x_wconf 86' lang='lat' dir='ltr'><strong>prohibItionis</strong></span> <span class='ocrx_word' id='word_1_280' title='bbox 839 4294 985 4356; x_wconf 80' lang='lat' dir='ltr'><strong>serravit</strong></span> <span class='ocrx_word' id='word_1_281' title='bbox 1006 4291 1174 4359; x_wconf 78' lang='lat' dir='ltr'><strong>dumtaxat</strong></span> <span class='ocrx_word' id='word_1_282' title='bbox 1197 4295 1230 4357; x_wconf 91' lang='lat' dir='ltr'><strong>in</strong></span> <span class='ocrx_word' id='word_1_283' title='bbox 1254 4294 1346 4358; x_wconf 88' lang='lat' dir='ltr'><strong>cleri·</strong></span> <span class='ocrx_word' id='word_1_284' title='bbox 1401 4300 1408 4318; x_wconf 73' lang='lat'><strong>¹</strong></span> 
     </span>
     <span class='ocr_line' id='line_1_34' title="bbox 164 4414 1344 4501; baseline 0.002 -22"><span class='ocrx_word' id='word_1_285' title='bbox 164 4432 326 4498; x_wconf 77' lang='lat' dir='ltr'><strong>eosquos</strong></span> <span class='ocrx_word' id='word_1_286' title='bbox 349 4417 445 4480; x_wconf 88' lang='lat' dir='ltr'><strong>etiam</strong></span> <span class='ocrx_word' id='word_1_287' title='bbox 468 4414 508 4480; x_wconf 90' lang='lat' dir='ltr'><strong>ab</strong></span> <span class='ocrx_word' id='word_1_288' title='bbox 525 4416 588 4481; x_wconf 88' lang='lat' dir='ltr'><strong>hac</strong></span> <span class='ocrx_word' id='word_1_289' title='bbox 611 4434 716 4501; x_wconf 86' lang='lat' dir='ltr'><strong>poena</strong></span> <span class='ocrx_word' id='word_1_290' title='bbox 739 4418 896 4482; x_wconf 90' lang='lat' dir='ltr'><strong>immunes</strong></span> <span class='ocrx_word' id='word_1_291' title='bbox 919 4434 990 4482; x_wconf 88' lang='lat' dir='ltr'><strong>esse</strong></span> <span class='ocrx_word' id='word_1_292' title='bbox 1005 4416 1107 4483; x_wconf 72' lang='lat' dir='ltr'><strong>volun</strong></span> <span class='ocrx_word' id='word_1_293' title='bbox 1129 4418 1228 4483; x_wconf 83' lang='lat' dir='ltr'><strong>Clem.</strong></span> <span class='ocrx_word' id='word_1_294' title='bbox 1247 4418 1344 4499; x_wconf 89' lang='lat' dir='ltr'>VIII,</span> 
     </span>
    </p>
   </div>
   <div class='ocr_carea' id='block_1_5' title="bbox 0 0 1689 5100">
    <p class='ocr_par' dir='ltr' id='par_1_7' title="bbox 0 0 1689 5100">
     <span class='ocr_line' id='line_1_35' title="bbox 0 0 1689 5100; baseline 0 0"><span class='ocrx_word' id='word_1_295' title='bbox 0 0 1689 5100; x_wconf 95' lang='lat' dir='ltr'><strong> </strong></span> 
     </span>
    </p>
   </div>
  </div>
 </body>
</html>
