3350 5100
449 326 494 371 DE
518 324 656 371 luulcns
681 323 924 374 calutuuutssus
949 327 984 372 ΙΝ
1009 325 1125 372 spectu
1266 351 1269 358 ·
1314 306 1379 371 489

199 448 335 533 proinde
359 450 538 532 requiritur
560 451 657 514 etiam
681 449 714 513 in
738 450 845 516 causis
868 449 907 514 de
931 455 1026 514 metr.
1049 453 1126 515 rato
1148 453 1181 513 et
1203 465 1273 514 aaa
1299 466 1376 515 coa-

197 579 378 654 summac,
396 593 532 658 querum
547 593 719 659 processus
743 575 915 642 iudicialis
938 575 978 640 ab
1004 573 1196 646 Ordinariis,
1221 576 1266 638 uti
1291 572 1379 640 iubet

88 762 90 765 .
197 700 365 784 responsio
387 699 429 764 ad
452 698 513 764 2¹¹⁰·
539 701 573 764 in
588 701 642 765 cit.
661 699 866 769 Varsavien..
891 701 1064 766 instruitur
1080 704 1212 766 tantam
1229 718 1271 763 ex
1287 693 1377 763 dele-

198 822 329 906 gatione
344 821 374 888 S.
392 821 493 887 Sedis.
509 857 527 872 ·
543 823 786 907 Sapientissime
808 829 914 888 autern
940 841 1128 908 responsum
1145 821 1214 891 fuit,
1233 820 1378 886 inhisoe

199 953 323 1013 tantum
341 949 447 1012 causis
464 948 585 1031 requiri
602 949 821 1014 testimouium
832 948 997 1032 septimae
1011 965 1137 1014 martas
1147 947 1261 1014 stricto
1277 965 1377 1012 seara

198 1077 403 1154 saraptam,
427 1090 486 1136 seu
509 1058 672 1154 quatenus
695 1073 841 1137 continet
871 1073 1092 1137 attestationes
1115 1071 1157 1138 de
1180 1069 1378 1136 credulitate

199 1194 246 1259 ad
262 1193 555 1263 corroborandam
570 1195 817 1276 confessionem
832 1197 1027 1283 coaiapam.
1042 1197 1117 1280 quia
1135 1196 1207 1260 aliis
1223 1196 1254 1260 in
1272 1195 1378 1260 causis

198 1325 298 1384 testes
309 1320 565 1404 expostulentur.
577 1326 724 1387 attestes
735 1323 930 1388 descientia
942 1321 1188 1408 praeferuntur;
1201 1327 1296 1404 atque
1308 1321 1316 1383 i
1320 1337 1377 1404 psa

201 1445 296 1511 lustr.
313 1443 346 1510 S.
363 1443 398 1510 C.
415 1446 451 1510 G.
468 1445 554 1510 hanc
568 1445 805 1510 distinctionem
826 1447 939 1512 innuit.
960 1465 1056 1529 qaum
1073 1451 1144 1531 post
1162 1449 1261 1510 testes
1279 1445 1376 1530 septi-

200 1589 271 1634 mae
283 1589 405 1641 monus,
417 1575 577 1634 memoret
590 1569 770 1634 «Liberum
782 1572 847 1634 erit
855 1571 1152 1654 coniugibustestos
1159 1567 1263 1634 bonae
1272 1567 1377 1632 famae

198 1710 239 1757 sc
261 1692 301 1756 do
324 1710 361 1756 re
383 1691 566 1758 insaactas
587 1690 775 1758 inducere...
798 1691 831 1758 Si
857 1693 938 1757 alios
963 1695 1059 1758 etiarn
1090 1691 1244 1758 defensor
1270 1691 1378 1756 matri·

198 1819 297 1882 monii
319 1837 363 1883 ex
384 1817 467 1882 actis
488 1818 552 1882 iam
575 1816 733 1883 confectis
755 1816 977 1902 deprehendet
1000 1818 1042 1884 de
1056 1838 1095 1884 re
1110 1817 1300 1887 iastractos,
1317 1816 1377 1881 hos

199 1945 296 2008 etium
308 1943 419 2008 citabit
434 1948 469 2008 ut
484 1943 627 2007 examini
643 1942 855 2008 subiicientur
871 1964 901 2006 s.
920 1942 1029 2018 Quare
1045 1942 1119 2008 dum
1135 1947 1234 2008 testes
1248 1960 1377 2026 semper

187 2059 421 2152 requiruntur,
446 2086 561 2151 nempe
584 2073 722 2152 excepto
745 2086 832 2140 casu,
857 2087 919 2152 quo
944 2067 1204 2154 impedimentum
1221 2066 1376 2153 probetur

169 2285 174 2292 Ι
199 2193 319 2258 invicte
341 2212 402 2277 per
424 2191 627 2267 documenta,
650 2192 750 2258 veluti
775 2185 1038 2278 impedimentum
1059 2195 1376 2280 consanguineitatis,

199 2317 233 2381 hi
262 2317 376 2388 testes,
408 2318 461 2399 qui
491 2315 531 2380 ab
562 2317 639 2401 ipsis
669 2318 858 2402 coniugibus
889 2317 1091 2384 deducuntur
1123 2319 1218 2382 etiam
1250 2317 1288 2382 de
1318 2333 1378 2380 sua

198 2444 339 2512 scientia
360 2447 559 2511 attestantes.
584 2445 696 2508 vocari
719 2449 854 2528 possunt
877 2445 944 2510 lato
967 2463 1068 2510 saara
1092 2448 1189 2510 testes
1214 2442 1376 2525 septimae

199 2590 333 2642 martas,
361 2574 473 2654 utpote
500 2570 603 2634 vocati
629 2570 668 2633 ad
694 2570 908 2635 roborandam
933 2570 1169 2635 confessionem
1194 2570 1375 2655 coniugum,

197 2695 254 2761 sed
276 2695 392 2761 stricto
415 2714 518 2761 sensa
540 2701 639 2759 testes
663 2697 817 2779 septimae
841 2714 953 2759 monus
977 2698 1050 2759 sunt
1074 2698 1172 2758 testes
1195 2692 1237 2757 de
1260 2691 1399 2758 creda·

199 2820 291 2884 titate
312 2825 496 2884 asserentes
518 2818 731 2885 matrimonii
753 2839 824 2885 aaa
846 2824 997 2884 secatam
1013 2817 1347 2885 concamerationem.

289 2942 365 3007 462.
390 2942 453 3008 Sed
477 2943 619 3008 notando
641 2949 716 3009 sunt
738 2943 850 3009 sedulo
866 2942 967 3008 verba
990 2948 1153 3027 postrema
1169 2945 1266 3009 lustr.
1291 2941 1322 3007 S.
1341 2942 1373 3007 C.
1435 2969 1437 2973 ·

199 3063 245 3134 0.,
269 3082 384 3147 nempe
407 3063 590 3129 ‹letensoris
612 3066 808 3129 matrimonii
836 3084 911 3137 esse
939 3068 1042 3131 citare
1065 3082 1111 3132 eta
1134 3036 1242 3150 officio
1265 3070 1373 3132 testes.

198 3209 278 3274 quos
300 3195 391 3275 putat
412 3189 452 3255 de
477 3210 513 3255 re
537 3190 721 3255 instructos.
757 3190 887 3255 Revera
910 3192 960 3255 isti
984 3162 1083 3257 testes
1114 3191 1276 3276 complent
1299 3209 1374 3275 pro-

198 3330 308 3377 cessus
342 3312 604 3386 instructionem
636 3332 709 3377 nam
741 3312 814 3378 dum
847 3320 944 3379 testes
973 3334 994 3378 a
1025 3312 1212 3399 coniugibus
1247 3312 1374 3379 deducti

196 3435 300 3501 rideri
324 3442 458 3520 possunt
479 3436 712 3522 aliquantisper
742 3438 895 3522 suspecti.
930 3438 1046 3524 quippe
1077 3438 1117 3503 ab
1147 3440 1223 3523 ipsis
1247 3444 1375 3503 conten·

197 3556 345 3622 dentibus
374 3556 486 3623 selecti
522 3559 555 3621 in
587 3560 636 3623 sui
672 3558 835 3631 favorem,
868 3564 967 3625 testes
998 3578 1043 3625 aa
1077 3559 1186 3644 officio
1220 3562 1374 3625 maiorem

197 3680 255 3744 sibi
287 3681 461 3746 conciliant
490 3679 595 3762 fidem,
622 3682 778 3766 siquidem
812 3689 989 3749 censentur
1023 3686 1152 3749 omnino
1184 3702 1203 3749 s
1235 3686 1375 3770 partium

198 3803 302 3869 studio
316 3807 505 3871 immunes·
519 3806 550 3872 S.
569 3808 668 3892 Cong.
682 3809 818 3873 Conciiii
830 3828 895 3873 non
908 3810 1018 3881 semei,
1035 3809 1125 3874 hisce
1141 3810 1237 3875 etiarn
1254 3814 1374 3895 postre-

199 3927 258 3990 mis
281 3928 384 3998 annis,
412 3947 530 3993 causae
561 3899 789 4011 definitionem,
814 3934 875 3996 etsi
908 3938 1005 3997 testes
1029 3902 1217 4017 apartibus
1247 3930 1374 3997 adducti

198 4048 388 4116 viderentur
411 4072 480 4117 rem
504 4054 634 4119 omnino
658 4056 821 4136 evincere,
838 4052 971 4121 differre
995 4058 1120 4137 censuit
1139 4074 1177 4121 ea
1196 4054 1375 4142 significata

198 4180 316 4249 mente,
340 4176 464 4242 scilicet
488 4177 666 4243 desiderari
690 4186 792 4247 testes·
805 4200 850 4247 eac
866 4180 983 4266 officio.
1010 4180 1056 4247 uf.
1076 4182 1232 4247 Parisien.
1253 4182 1372 4247 Matri·

198 4302 307 4369 monii
328 4322 444 4368 arease
467 4304 569 4371 lanio
592 4304 691 4369 1897.

287 4428 362 4493 463.
389 4429 425 4492 in
449 4428 566 4495 iudicio
588 4438 824 4499 causae‘matr.
841 4450 885 4497 ex
900 4434 1005 4516 capite
1027 4433 1242 4519 impotentiae
1264 4441 1319 4499 aut
1334 4434 1374 4499 de
