3350 5100
329 321 399 385 148
840 338 924 385 rsus
953 337 1004 383 ur.

329 460 1109 544 mmqaodqnsuffismsttadtum
1131 458 1508 525 manducadum

329 584 410 649 lacit
430 588 486 649 cit.
508 585 695 651 Μυκη.
716 604 813 667 usp,
835 584 861 649 8
883 586 949 667 dp.
974 584 1075 657 1848,
1097 592 1132 648 et
1154 586 1348 670 rescriptum
1371 583 1507 650 S.G.G.

329 707 400 773 diei
420 707 472 772 27
493 706 574 773 Feb.
596 708 689 773 1815
711 706 797 791 apud
820 710 908 773 Actu
932 706 966 771 S.
984 708 1084 773 Sedis
1108 707 1180 770 l'ol
1198 707 1295 785 l'lll,
1315 728 1347 791 p.
1369 706 1436 771 547
1457 725 1504 789 sq.

420 833 813 897 ltemsiiucbcatoiam
846 833 1149 916 processucrimm
1179 828 1508 915 nullimodeprcbsii

330 957 438 1023 valeat
459 958 612 1027 maxime.
634 958 710 1039 quis
739 962 857 1035 testes,
881 974 992 1020 rerum
1018 958 1132 1039 gnari,
1162 957 1309 1020 anastasi
1341 963 1508 1037 recmt,

330 1078 1508 1167 Episcopmmun,esamsiss2bisotis.sondsnmrenlecctpie

330 1208 515 1287 rautouelli,
534 1226 572 1289 p.
594 1206 680 1272 249.
703 1206 766 1272 Sed
790 1226 886 1271 nemo
908 1226 974 1271 non
998 1206 1086 1271 ridet
1108 1226 1203 1290 quam
1226 1208 1339 1291 grauis
1363 1205 1406 1269 sit
1427 1207 1510 1271 haec

329 1330 527 1419 procedendi
542 1332 637 1398 ratio,
653 1351 749 1415 quam
773 1352 839 1396 nou
861 1330 1028 1396 adhibebit
1042 1332 1220 1416 Episcopus
1233 1333 1297 1396 uisi
1310 1332 1510 1395 cerussimae

328 1456 399 1545 sibi,
412 1464 544 1544 praesto
561 1458 628 1523 siut
649 1458 930 1523 amianas
952 1457 1169 1542 probationes

418 1582 496 1647 398.
522 1582 662 1645 Poenae.
686 1600 767 1664 quas
791 1583 954 1645 consentit
976 1582 1060 1644 ferri
1086 1580 1311 1645 'll-identiuum
1336 1580 1508 1644 Decretum

330 1715 405 1771 suut
427 1706 619 1772 eanulfin
640 1704 683 1770 ab
704 1704 875 1771 ordimbus
893 1706 1119 1788 mesiendas
1141 1716 1174 1769 et
1194 1706 1373 1787 espessia
1395 1724 1417 1768 α
1439 1704 1511 1771 susis

329 1828 1508 1916 orfflnom,seupmdabus,vetdiqia1mnusaestssbcntsrdt

329 1956 440 2022 dione
456 1954 498 2021 ab
512 1955 680 2020 ordinibus
693 1955 907 2041 suscipiendis
921 1957 1011 2021 nulla
1022 1958 1179 2041 quaestio.
1193 1992 1211 2004 -
1227 1957 1274 2021 De
1287 1956 1508 2039 sapasim

329 2082 436 2164 primo
457 2080 628 2163 quaeritur
647 2099 691 2143 au
714 2082 814 2164 possit
827 2080 962 2146 decerni
980 2086 1162 2163 perpetuu.
1177 2081 1220 2145 Et
1238 2077 1272 2143 S.
1290 2081 1325 2146 G.
1342 2080 1377 2145 G.
1393 2080 1450 2145 die
1467 2078 1509 2143 u

330 2204 413 2269 lctis·
429 2202 524 2270 1583
537 2206 672 2287 censuit,
700 2204 785 2269 istud
806 2204 974 2269 decretum
991 2204 1232 2270 baberelocum
1247 2212 1315 2271 nm
1331 2208 1364 2268 in
1379 2223 1510 2289 smpeu·

329 2328 474 2395 donibus
494 2331 713 2414 temporaneis
743 2349 840 2412 quam
864 2332 898 2393 in
921 2332 1097 2415 perpetuis
1122 2330 1171 2395 cf.
1195 2329 1320 2395 Giraldi
1344 2330 1365 2393 l.
1389 2330 1443 2394 dt.
1467 2328 1510 2395 Et

330 2459 554 2537 lantpertum
567 2454 687 2520 dicitur
699 2456 869 2540 suspensio
883 2454 1005 2521 indicta
1019 2455 1059 2519 ad
1076 2454 1323 2537 beneplacitum
1339 2454 1508 2537 Dpsscopt',

329 2583 447 2666 quippe
461 2587 588 2667 tempus
609 2582 679 2646 eius
693 2580 982 2647 administrationis
996 2601 1061 2646 nou
1084 2581 1224 2648 excedit
1244 2581 1294 2648 Gi.
1312 2583 1359 2645 lle
1374 2579 1510 2664 Angelis

330 2706 353 2770 l.
376 2707 431 2772 cit.
459 2725 542 2791 paq.
566 2705 623 2770 89.
650 2740 668 2753 -
692 2704 757 2771 Sed
788 2711 881 2771 notu
910 2711 1066 2770 exteuscr
1096 2707 1381 2772 Pelii-Lucium
1408 2707 1460 2770 cil.
1486 2704 1510 2767 8

330 2831 395 2913 dp.
419 2809 640 2902 18481h0die
662 2829 695 2896 S.
720 2830 755 2895 C.
779 2832 815 2896 C.
840 2832 1015 2895 recessisse
1037 2829 1079 2895 ab
1100 2833 1234 2914 antiqua
1258 2832 1352 2916 praxi
1383 2835 1417 2894 et
1444 2847 1508 2892 non

327 2955 483 3032 tolerare,
501 2955 728 3038 suspensiones
745 2961 942 3038 perpetim
960 2961 1070 3039 utpote
1084 2955 1340 3040 aequipollentes
1359 2955 1510 3039 privatio·

330 3078 434 3144 uibus.
459 3079 503 3143 Et
523 3081 644 3144 citatur
664 3080 787 3146 decisio
807 3083 843 3145 in
865 3099 931 3144 una
954 3079 988 3146 S.
1014 3079 1169 3146 Severim
1191 3081 1235 3146 19
1257 3081 1347 3163 Sept.
1372 3079 1509 3144 1878et

330 3203 532 3269 Placentina
554 3203 605 3268 26
627 3203 703 3270 Feb.
728 3205 828 3271 1848.
853 3204 963 3278 Quare
984 3207 1153 3290 suspensio
1167 3205 1342 3290 indefinite
1363 3204 1450 3270 edita
1464 3205 1510 3268 in·

330 3328 490 3414 telligitur
512 3335 744 3412 ternpus-anea,
767 3350 825 3394 seu
848 3349 1014 3414 quousque
1036 3351 1210 3416 suspensus
1233 3329 1362 3415 aliquod
1385 3329 1510 3394 dederit

331 3456 574 3540 resipiscentiae
595 3458 732 3542 signnm.
751 3491 769 3504 -
786 3455 850 3522 Sed
873 3457 958 3522 latae
981 3457 1109 3542 absque
1131 3457 1326 3542 defissilione
1349 3455 1510 3540 emporis

330 3600 396 3644 non
418 3579 557 3646 dicenda
578 3587 629 3645 est
654 3583 818 3666 expirare,
842 3584 934 3665 quasi
956 3589 1191 3664 praeceptum.
1215 3583 1300 3666 quod
1324 3581 1508 3656 resolvitur,

239 3707 244 3718 ’
330 3712 387 3772 aut
408 3711 514 3772 morte
534 3712 591 3770 aut
611 3707 827 3772 translatione
851 3707 995 3771 Praelsti
1020 3706 1157 3772 ferentis
1182 3710 1436 3793 suspensionem.
1459 3707 1507 3772 01.

330 3831 379 3895 lle
394 3831 529 3917 Angelis
550 3832 575 3896 1.
591 3851 619 3898 c.
634 3850 671 3914 p.
686 3831 735 3896 89
756 3833 899 3915 quicum
915 3833 1075 3897 communi
1099 3832 1162 3898 hoc
1177 3832 1272 3898 dccet
1294 3839 1328 3898 et
1350 3833 1509 3898 rationem

330 3951 436 4028 affert,
459 3957 535 4040 quia
556 3957 717 4022 sententia
739 3975 785 4021 ecc
805 3955 869 4038 ins.
894 3975 984 4022 corn.
1009 3976 1074 4020 non
1097 3953 1206 4022 differt
1227 3977 1248 4021 a
1271 3956 1425 4023 iudiciali
1447 3956 1508 4020 nisi

330 4078 457 4141 ratione
478 4077 740 4142 solemnitatum.
757 4075 850 4150 Quod
873 4079 965 4142 certe
987 4075 1110 4143 admitti
1134 4097 1200 4141 non
1224 4083 1337 4163 potest,
1353 4077 1409 4142 sed
1425 4077 1509 4141 ratio

332 4203 490 4286 repetitur
504 4221 525 4265 a
539 4207 659 4266 natura
672 4200 789 4264 horum
801 4207 1059 4286 praeceptorum,
1073 4221 1155 4286 quae
1170 4205 1335 4288 pertinent
1349 4201 1390 4267 ad
1403 4207 1510 4266 exter·

332 4345 407 4390 num
431 4325 600 4390 Ecclesiae
622 4326 780 4410 remman,
795 4345 941 4410 quaeque
957 4345 1021 4390 non
1038 4326 1257 4397 roeolvuntnr,
1275 4326 1417 4392 resoluto
1436 4327 1510 4390 iure

332 4452 577 4535 praecipientis;
600 4451 647 4514 uti
669 4449 736 4514 late
750 4451 987 4535 explicavimus
1002 4453 1091 4532 (Vol.
1109 4453 1184 4532 111).
1202 4487 1221 4500 -
1238 4454 1363 4518 Verum
1386 4459 1507 4537 tempo·
