3350 5100
391 336 433 380 Dli
458 334 596 381 rnnlcils
621 334 864 382 ClilbssNALlBUS
888 333 924 380 IN
947 330 1065 380 selecta
1249 316 1315 381 509

132 458 200 521 lare
218 466 280 529 est,
300 464 333 523 ut
353 476 471 523 causae
495 458 691 523 matrimonii
715 458 879 523 vinculum
903 459 1113 541 respicientes
1135 474 1315 543 nunqnam

132 588 314 649 transeant
325 584 362 648 in
373 603 447 649 rem
459 584 656 657 indicatam,
671 604 713 649 ex
726 585 834 651 Consi.
850 582 942 649 ‹Dei
952 583 1210 656 miseratione»,
1227 584 1315 666 §11,·

130 711 287 776 attamen,
300 706 424 791 dilapso
437 706 602 779 decendio,
613 727 677 771 non
689 704 865 792 propriefit
875 706 1049 792 appellatio
1058 706 1129 769 ind.
1138 706 1194 770 sed
1203 715 1317 773 entra·

130 832 315 897 iudicialis.
331 868 347 879 -
364 832 516 897 Nonnulli
534 850 606 895 cum
622 832 778 903 Sanchea,
796 830 847 895 De
860 835 962 895 matr.
979 829 1035 896 tib.
1058 830 1128 903 Vll,
1140 831 1220 896 diss.
1235 830 1315 911 100,

130 976 161 1021 n.
178 954 201 1019 8
216 974 270 1039 sq.
287 954 470 1027 advertunt,
488 956 548 1021 hes
562 974 689 1039 quoque
705 957 883 1020 sententias
897 952 969 1019 fieri
984 973 1060 1019 rem
1074 954 1271 1034 indicatam,
1288 954 1314 1017 si

126 1098 194 1177 'non
211 1080 417 1165 appellantes
441 1098 633 1145 consensum
651 1082 710 1165 ipsi
729 1082 924 1165 impertiisse
945 1078 1117 1145 videantur
1139 1078 1180 1143 ad
1194 1079 1316 1145 navati-

131 1204 290 1269 dandnm
319 1212 414 1271 matr.
441 1204 524 1288 quod
548 1206 683 1290 proinde
709 1207 940 1289 appellatione
966 1225 1032 1269 non
1055 1205 1192 1288 amplius
1219 1206 1315 1288 impe

130 1331 265 1394 tierunt.
282 1365 299 1377 -
316 1329 475 1413 Equidem
491 1331 636 1413 quamvis
649 1328 822 1413 aliquando
837 1330 932 1395 nndo
948 1329 1134 1413 caniapnm
1149 1346 1316 1393 sansana
1387 1295 1390 1301 Ι

131 1455 375 1521 matrimonium
398 1454 598 1519 revalidetur
621 1450 674 1537 (cf.
693 1474 792 1537 supra
816 1459 849 1518 et
872 1454 1039 1538 Gasparri,
1056 1454 1078 1517 t.
1094 1454 1147 1519 eit.
1163 1473 1198 1517 n.
1214 1452 1313 1534 1130)
1366 1505 1370 1518 ,

131 1586 251 1651 tamen,
270 1580 402 1662 proprie
418 1579 589 1663 loquendo,
602 1583 680 1645 tunc
697 1598 761 1643 non
776 1578 917 1643 habetur
928 1580 1064 1661 effectas
1078 1576 1130 1642 rei
1144 1576 1316 1644 indicatae

131 1701 187 1767 sed
209 1702 345 1785 sactum
367 1702 633 1777 reiralidationis,
655 1708 687 1767 et
710 1703 788 1767 hinc
810 1704 960 1785 exceptio
983 1720 1048 1765 non
1070 1701 1122 1766 rei
1144 1701 1316 1767 indicatae

132 1826 187 1890 sed
222 1828 436 1893 matrimonii
466 1828 649 1893 resolidati
682 1827 840 1893 adversus
872 1826 1088 1892 accusationis
1117 1826 1313 1892 instantiam.

134 1951 315 2015 Praeterea
329 1952 532 2018 revalidatio
549 1952 767 2037 praesumitur
779 1950 1062 2033 praesumptione
1076 1950 1164 2015 iaris
1178 1954 1313 2028 tantum,

132 2075 204 2143 dum
229 2096 288 2143 res
310 2078 462 2143 indicata
482 2078 631 2141 innititur
650 2077 903 2161 praesumptioni
919 2074 1007 2141 iaris
1021 2080 1052 2139 et
1067 2075 1110 2140 cie
1124 2074 1210 2139 inre.
1235 2074 1313 2139 Sen-

131 2202 255 2265 tentiae
270 2201 310 2267 de
331 2202 557 2286 sponsalibus,
575 2201 614 2267 de
634 2203 793 2285 carpensis
808 2208 843 2266 et
856 2202 941 2267 aliae
963 2201 996 2267 id
1019 2220 1122 2285 genus
1145 2206 1316 2265 transeunt

132 2323 165 2387 in
187 2344 268 2391 rem
289 2324 487 2391 indicatam.

222 2452 331 2524 Quum
346 2469 410 2513 non
427 2451 600 2535 opponitur
615 2450 797 2534 appellatio,
811 2446 946 2514 effectus
962 2454 1013 2513 est
1027 2454 1063 2515 ut
1078 2449 1148 2531 ipsa
1162 2447 1315 2514 instantia

131 2577 357 2664 appellationis
381 2578 568 2661 perimatur,
586 2575 709 2660 dilapso
732 2575 911 2642 ascendia:
934 2573 1009 2639 inde
1033 2575 1059 2638 si
1082 2577 1194 2657 postea
1216 2591 1315 2636 causa

133 2702 211 2767 velit
224 2700 391 2770 reassumi,
406 2701 558 2764 instantia
574 2697 723 2764 iacienda
736 2702 785 2761 est
800 2716 910 2764 coram
928 2696 1034 2763 iudice
1050 2693 1315 2780 primae'instan·

132 2830 208 2894 tiae.
227 2829 384 2898 Sanchez.
402 2829 422 2894 i.
441 2827 493 2893 cit.
509 2847 544 2891 n.
559 2827 590 2892 9.
610 2861 627 2874 -
646 2825 748 2890 ludex
765 2827 889 2908 primae
902 2823 1086 2890 instantiae
1102 2820 1258 2885 decernet
1271 2839 1314 2883 an

133 2971 177 3018 aa
198 2954 333 3020 noviter
356 2953 507 3018 deductis
531 2950 588 3014 sibi
613 2949 762 3014 videatur
783 2950 1014 3015 recedendum
1037 2966 1108 3012 esse
1131 2965 1153 3010 a
1175 2944 1314 3026 densim

133 3074 289 3140 adversus
308 3094 388 3138 vero
403 3075 595 3138 sententiam
613 3073 771 3156 prolatam
787 3091 807 3136 a
822 3071 928 3136 iudice
940 3072 1079 3154 primam
1093 3070 1181 3142 inst,
1197 3069 1313 3131 iterum

133 3203 280 3284 aperitur
302 3200 455 3264 instantia
478 3197 728 3281 appellationis.

225 3325 362 3388 «Facta
383 3323 599 3409 appellatione
622 3321 721 3406 (iubet
744 3323 797 3386 eit.
817 3323 915 3386 Instr.
941 3321 974 3386 S.
992 3319 1136 3400 omnig
1157 3319 1220 3400 27)
1238 3317 1314 3401 Epi-

133 3469 248 3534 scopus
261 3470 318 3514 seu
332 3447 534 3519 Ordinarius,
546 3450 598 3531 qui
611 3449 746 3531 primam
759 3447 952 3510 sententiam
965 3446 1109 3530 protulit,
1122 3463 1194 3508 eam
1208 3443 1314 3506 remit-

133 3580 203 3640 tere
228 3573 364 3646 debebit,
383 3593 534 3638 unacum
559 3574 686 3656 integro
703 3591 857 3655 processu
877 3571 1080 3652 caeterisque
1103 3567 1250 3631 omnibus
1273 3565 1313 3629 ad

134 3717 262 3761 causam
291 3699 407 3761 iterum
434 3694 636 3760 iudicandam
664 3695 910 3779 pertinentibus,
935 3693 975 3757 ad
999 3691 1141 3759 tribunal
1164 3689 1203 3753 ad
1227 3687 1310 3771 quod

133 3822 327 3906 appellatum
353 3845 382 3886 ›.
414 3821 497 3886 Heio
528 3840 593 3884 non
623 3821 822 3910 praecipitur
852 3823 926 3883 acta
959 3813 1207 3882 transmittenda
1242 3832 1313 3876 esse

133 3947 396 4032 anthaprapba5
418 3945 475 4010 sed
503 3947 566 4010 hoc
596 3947 722 4010 servari
754 3943 851 4008 debet
878 3943 939 4006 nisi
963 3941 1073 4026 gravis
1100 3939 1204 4005 obstet
1234 3934 1315 4000 dilli-

134 4071 246 4138 cultas.
264 4073 431 4154 integrum
456 4076 505 4134 est
527 4069 626 4134 iudici
641 4069 866 4153 appellationis
889 4085 991 4132 novas
1016 4064 1181 4148 exquirire
1200 4062 1314 4148 proba·

133 4198 253 4265 tiones,
287 4197 349 4258 imo
379 4214 506 4260 novam
532 4213 733 4278 processum
764 4211 808 4257 em
838 4193 972 4276 intepra
1004 4189 1167 4272 conficere
1202 4187 1312 4272 (Instr.

134 4319 165 4386 S.
191 4315 255 4385 Off.
278 4321 300 4400 ἓ
323 4317 383 4402 28)
407 4319 432 4381 si
456 4318 519 4381 hoc
541 4317 722 4383 necessitas
745 4315 940 4399 expostulet.

224 4446 298 4509 485.
325 4446 369 4508 lle
393 4445 587 4510 executione
610 4443 789 4508 sententiae
812 4443 910 4506 citata
927 4442 1024 4505 Instr.
1050 4441 1081 4506 S.
1099 4437 1206 4506 Officii
1228 4439 1315 4521 §30
