3350 5100
344 5 469 29 ..-Ι-ΤΗ..
529 5 533 8 .

164 6 307 102 '¹⁸-

176 84 180 93 ι
211 112 215 121 Ι
250 76 288 113 ,“

50 140 51 155 l

482 317 526 364 nn
549 315 689 366 marcus
712 313 957 364 umurnsuruus
1241 295 1310 362 249

142 439 355 502 executionem
368 439 400 502 vi
411 437 556 504 actionis
569 439 621 504 rei
634 439 807 505 &dicatae
822 443 894 523 post
908 439 1103 504 senteutiam
1119 435 1311 504 condemna·

142 563 257 628 tonan.
266 597 281 610 -
290 562 481 628 Huiusmodi
491 567 600 630 autem
613 565 775 630 actionem
788 561 990 629 criminalem
1003 567 1150 630 nostrum
1163 567 1212 628 est
1221 564 1310 629 aeci-

142 706 213 771 psre
234 690 359 772 integre
374 690 407 753 in
423 687 545 754 ambitu
559 709 628 761 suo,
646 709 762 774 nempe
777 688 881 773 quood
898 688 1045 754 diversas
1064 689 1188 772 species
1204 707 1311 753 reum·w

142 811 257 878 diomm
276 813 488 895 poenalium,
504 813 619 896 quibus
641 819 769 880 constat
791 813 937 899 poenalis
960 811 1130 898 disciplina
1152 813 1311 879 ecclesiae

142 933 188 998 rel
209 934 248 999 ad
265 935 431 1018 proxime
456 935 732 1021 praeveniendum
761 935 815 1000 rel
844 936 885 1001 ad
916 934 1132 1021 reparandum
1160 933 1310 1000 damnum

141 1057 320 1124 radiatum
343 1059 400 1144 (1).

225 1184 297 1248 185.
323 1184 423 1250 Hisne
446 1181 654 1270 praehabitis.
677 1186 824 1267 sequitur
848 1185 956 1250 locum
983 1203 1048 1248 non
1080 1202 1150 1248 esse
1175 1188 1310 1248 transa-

143 1306 236 1372 ctioni
256 1307 296 1371 ad
321 1308 574 1393 extinguendam
598 1311 666 1375 sive
688 1310 928 1374 accusationem
958 1308 1028 1373 sive
1057 1325 1214 1394 poenam;
1237 1308 1312 1390 quia

143 1431 172 1496 in
192 1432 340 1497 Ecclesia
362 1452 427 1498 non
449 1433 566 1500 adsunt
588 1433 708 1500 delicta
729 1453 809 1498 vere
829 1433 980 1516 priuata,
996 1451 1078 1518 quae
1098 1450 1311 1516 recognosce·

143 1553 251 1620 bantur
281 1557 314 1620 in
346 1557 418 1621 iure
448 1575 666 1630 romanorum,
691 1574 837 1640 quaeque
859 1553 1120 1622 secumferabant
1145 1554 1312 1621 actionem

142 1697 264 1759 puerine
281 1682 554 1764 perseeutoriam
576 1681 610 1746 in
634 1680 753 1746 bouum
776 1681 895 1765 privati
919 1679 1008 1745 civis.
1026 1678 1105 1744 Inde
1128 1680 1162 1743 in
1177 1697 1215 1744 re
1237 1697 1311 1764 poe·

148 1801 205 1864 nali
219 1802 337 1867 eccles.
353 1823 418 1867 non
434 1801 505 1868 deri
516 1803 623 1869 locum
637 1804 852 1868 transactioni
869 1800 1083 1887 probavimus,
1097 1801 1170 1867 Vol.
1186 1803 1198 1865 1
1214 1821 1245 1866 n.
1261 1803 1312 1883 ll,

143 1931 269 2010 agentes
284 1927 329 1992 de
344 1925 641 1994 truncationibus.
654 1927 687 1993 Si
698 1946 779 1991 vero
794 1931 950 2012 ageretur
966 1926 1007 1990 de
1022 1926 1218 2006 criminibus,
1231 1945 1313 2010 quae

147 2057 387 2137 compescuntur
407 2051 449 2116 ad
471 2052 655 2117 instantiam
673 2051 788 2134 partis
810 2053 933 2126 laeuae,
951 2051 985 2116 in
1008 2051 1099 2118 hisco
1120 2051 1314 2138 intelligitur

144 2174 288 2241 renuncia
304 2210 321 2222 -
338 2176 414 2259 quia
436 2177 653 2260 uuusquisque
682 2175 755 2239 iuri
785 2194 847 2241 sua
880 2175 1076 2240 renunciare
1105 2179 1220 2260 potest.
1251 2173 1314 2242 Sed

147 2297 303 2383 Princeps,
321 2319 384 2386 pro
395 2299 536 2383 piratica
555 2306 727 2384 potestate,
745 2319 808 2383 qua
830 2300 930 2384 pollet
944 2301 977 2363 iu
993 2298 1111 2364 bonum
1126 2299 1313 2382 publicum.

145 2421 273 2489 atotm
285 2428 392 2508 potest
408 2425 511 2508 ipsum
527 2424 582 2490 ius
592 2423 788 2498 ucmnandi,
802 2424 871 2488 sive
882 2422 1071 2509 peneralim
1089 2421 1192 2507 quoad
1204 2443 1314 2488 omnes

146 2546 370 2635 delinquentes,
394 2553 463 2616 sive
485 2551 663 2636 speciatim
688 2550 793 2635 quoad
823 2552 1036 2637 riopularem
1064 2548 1313 2633 delinquentem.

151 2673 222 2739 Nam
233 2675 407 2759 aliquando
421 2678 524 2762 magis
539 2676 692 2742 conducit
707 2676 750 2741 ad
764 2677 881 2742 bonum
894 2676 1071 2759 publicum
1087 2692 1223 2759 poenum
1240 2674 1317 2740 rela

148 2814 221 2862 rare
243 2816 340 2881 quam
363 2800 457 2863 istam
481 2818 612 2883 urgere.

226 2923 299 2987 186.
324 2926 403 2989 Iura
425 2943 634 2989 romanorum
656 2923 769 2991 modus
799 2924 983 3009 potissimus
1011 2922 1051 2989 ad
1074 2923 1314 3009 extinguendas
1349 2988 1351 2993 .

146 3048 361 3112 accusationes
375 3052 409 3112 et
422 3066 544 3132 poenas
558 3047 793 3113 recensebatur
808 3046 944 3114 abolitio
968 3048 1036 3113 sive
1052 3048 1223 3133 pennalis
1246 3048 1316 3113 sive

146 3172 302 3252 succidis,
326 3173 396 3237 sive
421 3173 550 3258 lupatis,
573 3172 615 3237 ad
639 3193 786 3237 normam
810 3173 831 3237 l.
849 3175 870 3238 l.
888 3173 911 3235 8
933 3174 1070 3257 el10ff.
1089 3172 1135 3239 lit.
1153 3174 1209 3239 Aa
1226 3172 1260 3239 S.
1281 3175 1314 3241 C.

152 3294 398 3379 Turpillianum
414 3302 446 3363 el
468 3298 511 3363 de
526 3297 763 3366 abolitionibus
777 3298 973 3364 criminum.
990 3297 1141 3379 abolitio,
1158 3300 1203 3362 uti
1219 3298 1317 3363 habet

148 3416 272 3485 Durauti
297 3421 431 3504 Speaul.
456 3422 511 3488 lib.
537 3422 706 3505 Ilearl.
731 3425 758 3493 1.
778 3422 823 3487 til.
848 3420 902 3487 De
929 3421 1041 3489 abolit.
1068 3456 1085 3471 -
1111 3427 1160 3487 est
1183 3442 1318 3489 accusa·

227 3596 267 3662 (11
287 3596 317 3649 in
337 3597 510 3666 propositum
533 3598 654 3651 conferri
681 3602 797 3667 possunt
816 3596 893 3650 Heus
918 3598 1050 3652 Doctrina
1075 3600 1146 3651 iuria
1169 3598 1316 3665 naturalis,

148 3697 261 3757 &ndum
283 3702 368 3768 1824,
388 3704 524 3773 Bargoro,
543 3704 644 3759 Electa
668 3706 741 3757 iuris
763 3705 921 3757 criminalis
938 3704 1002 3757 Oba.
1021 3705 1070 3767 71;
1090 3705 1200 3769 Jousse,
1221 3705 1263 3759 De
1289 3706 1318 3758 la

142 3810 237 3873 justice
255 3812 417 3865 criminalia
436 3828 472 3865 en
492 3811 609 3878 t'mnce,
630 3812 717 3877 Puris,
740 3811 821 3875 17713
844 3812 929 3877 liuva,
949 3813 990 3866 De
1006 3814 1232 3883 praescriptione
1252 3812 1319 3881 (Ha-

148 3909 205 3981 lae),
224 3914 307 3979 17903
333 3914 507 3980 Hoorebeke,
531 3916 572 3970 De
599 3918 627 3969 la
652 3917 842 3986 prescription
867 3932 901 3969 en
925 3917 1043 3970 matidre
1066 3916 1183 3987 pertale.
1203 3917 1320 3971 Bruxel-

149 4016 192 4083 lea,
212 4020 293 4087 1847,
313 4018 481 4087 Trebutien,
503 4022 592 4076 couri
610 4022 793 4077 e'lirnentuire
812 4024 849 4076 de
867 4024 941 4076 droit
960 4024 1102 4087 criminel,
1123 4024 1211 4086 Paris,
1234 4024 1315 4088 1854;

150 4122 230 4191 Helie,
248 4128 290 4182 De
311 4129 423 4181 lanian
438 4122 584 4198 pullique,
604 4127 760 4193 Bruxelles,
781 4126 863 4193 1853,
884 4128 1002 4195 Henkal,
1028 4131 1127 4183 Utrum
1147 4106 1318 4184 delictorum

147 4250 246 4299 paenae
261 4239 487 4308 praescriptione
503 4240 534 4290 in
552 4242 616 4309 fara
635 4248 712 4291 recte
731 4237 877 4303 tollantur,
897 4256 948 4291 nec
967 4254 1010 4303 ne,
1031 4236 1210 4305 Vilebargne,
1234 4236 1317 4302 179&

152 4338 248 4409 Riedel,
266 4346 310 4399 De
324 4346 549 4416 praescriptione
567 4347 727 4410 ariminum,
738 4342 876 4409 *Berolini
894 4342 974 4409 18313
994 4344 1121 4409 Currere,
1135 4342 1319 4414 Propi-anima

151 4450 259 4517 15571,
276 4452 330 4507 714
349 4469 389 4522 sq.
