3350 5100
548 310 593 357 DE
618 311 770 360 DELlOElE
795 313 837 359 ΕΤ
861 313 980 362 Pontus

622 613 802 681 TITULUS
824 617 901 682 XII.

238 842 282 887 DE
306 842 504 892 chlllNlBUS
529 845 683 894 sufflssts
707 845 743 892 IN
767 847 884 894 LEGEM
907 847 1114 896 natussum
1137 849 1282 896 muman

435 967 593 1018 oeuoxus
617 969 698 1017 Laut
721 970 867 1020 Poenum
890 971 1082 1020 accusssmu.

168 1175 389 1236 Summanum.
401 1183 490 1234 -44,
509 1182 651 1244 Quaenam
669 1185 727 1237 sint
746 1183 903 1238 huiusmodi
921 1185 1048 1239 crimina.
1059 1213 1097 1226 -
1108 1179 1150 1238 45
1171 1183 1213 1238 Ex
1230 1183 1275 1238 hia
1292 1183 1348 1238 alia

261 1287 404 1345 offendunt
431 1289 596 1358 religionem
622 1289 679 1344 Deo
707 1291 844 1356 debitam,
868 1291 925 1345 alia
949 1290 1116 1346 charitatem
1139 1290 1255 1346 laedunt
1281 1307 1349 1361 erga

261 1396 366 1464 seipsos
386 1395 429 1450 rel
449 1411 517 1465 erga
534 1397 608 1449 alios
626 1394 823 1461 exercendam,
844 1398 965 1453 maxime
983 1397 1081 1452 habito
1103 1402 1231 1468 respectu
1249 1397 1349 1452 salutis

260 1499 380 1552 animae.
398 1527 435 1540 -
453 1499 496 1553 le.
516 1497 576 1553 Huc
595 1505 724 1570 spectant
747 1499 850 1555 delicta
868 1517 989 1556 venerea
1005 1502 1109 1572 quippe
1134 1500 1275 1555 contraria
1293 1501 1347 1554 iuri

254 1611 378 1660 «naturae
400 1609 429 1660 et
451 1611 529 1661 recto
553 1607 615 1660 usui
638 1607 740 1660 virium
768 1607 939 1662 naturalium
968 1607 1160 1662 ordinatarum
1187 1607 1222 1662 ad
1246 1621 1347 1677 propa·

260 1711 381 1780 gaudum
400 1710 552 1768 humanum
572 1729 668 1781 genus

260 1927 313 1988 44.
339 1927 388 1990 Ea
410 1928 547 1992 crimina
569 1927 703 1993 dicimus
726 1933 852 2013 patrata
875 1929 909 1992 iu
930 1929 1036 2013 legem
1061 1925 1346 1992 naturalem-divi·

168 2067 244 2114 nam
268 2050 443 2135 eademque
467 2055 579 2138 poenis
603 2054 718 2119 eccles.
739 2053 889 2126 obnoxia,
919 2073 1002 2138 quae
1029 2049 1195 2118 offendunt
1219 2051 1347 2135 aliquod

169 2176 318 2241 naturale
342 2184 550 2264 praeceptum
573 2178 646 2263 lege
678 2179 837 2264 evangelii
870 2184 903 2242 et
933 2177 1099 2244 Ecclesiae
1129 2175 1347 2242 sanctionibus

167 2297 395 2366 confirmatum
419 2303 535 2386 quippe
557 2304 680 2367 arctius
711 2321 893 2367 connexum
919 2321 991 2367 cum
1015 2301 1172 2386 religione
1194 2319 1289 2384 quam
1312 2301 1345 2364 in

168 2425 269 2490 Deum
294 2425 408 2492 fovere
436 2425 597 2492 debemus.
626 2426 805 2511 Religionis
832 2428 970 2511 primum
998 2432 1031 2490 et
1056 2427 1231 2490 maximum
1254 2443 1344 2488 man·

167 2550 277 2617 datum
308 2559 358 2617 est
381 2588 396 2599 -
420 2553 550 2638 Diliqes
572 2554 681 2620 Deum
712 2574 817 2637 super
840 2554 956 2619 omnio
979 2554 1010 2619 et
1029 2552 1234 2636 prosimum
1260 2552 1346 2617 sicud

167 2675 324 2756 impurus.
340 2710 355 2721 -
374 2676 475 2741 Deum
495 2676 628 2741 colimus
642 2682 783 2742 externa
805 2674 880 2741 fidei
895 2676 1115 2761 professioue3
1132 2693 1233 2760 quare
1249 2675 1345 2757 impio

165 2799 303 2862 crimine
317 2798 416 2863 Deum
433 2794 599 2865 offendunt
614 2801 665 2883 qui
683 2802 716 2863 in
729 2798 825 2864 Illum
838 2798 939 2863 verba
954 2796 1125 2882 proferunt
1140 2796 1343 2880 blasphema;

165 2920 357 3005 religionem
377 2924 495 3001 autem,
512 2940 574 3005 qua
595 2923 659 3007 Ipsi
683 2921 900 2987 adhaeremus
921 2927 954 2985 et
975 2920 1110 2985 devotos
1131 2939 1192 2984 nos
1215 2918 1345 2985 exhibe

164 3064 245 3118 mus,
263 3046 359 3128 plane
381 3047 582 3129 assequimur·
604 3066 663 3131 per
686 3048 842 3111 veritates
863 3046 904 3111 ab
928 3044 1075 3110 Ecclesia
1097 3044 1188 3109 nobis
1211 3062 1343 3129 praepo

161 3173 260 3245 sites;
286 3190 366 3255 quas
389 3170 525 3256 proinde
549 3171 720 3257 repudiare
743 3175 867 3238 crimen
891 3172 1057 3237 constituit
1079 3170 1274 3255 religiosum.

254 3298 308 3361 45.
327 3296 448 3361 Deinde
462 3315 545 3384 crya
557 3297 705 3380 seius-tim
721 3296 816 3361 homo
828 3297 1034 3370 christianus,
1047 3295 1150 3379 quoad
1162 3302 1342 3363 culmum

160 3422 456 3503 conversationem,
472 3422 667 3507 obligatione
691 3422 881 3496 devincitur,
899 3424 932 3486 in
955 3422 1075 3507 primis.
1097 3420 1259 3487 devitandi
1282 3422 1341 3486 ho·

161 3548 286 3612 minum
319 3547 478 3613 malorum
506 3548 676 3613 societates
699 3567 781 3631 quae
804 3547 893 3612 illum
916 3547 1107 3613 abstrahere
1130 3546 1300 3612 intendunt
1322 3565 1341 3608 a

159 3676 257 3737 recta
278 3670 432 3736 credendi
456 3678 488 3736 et
503 3671 622 3756 agendi
646 3673 786 3746 ratione;
811 3691 939 3756 unaque
961 3670 1105 3737 devitare
1128 3668 1224 3733 debet
1246 3687 1340 3733 occa·

158 3798 287 3861 sionem
310 3796 448 3859 animam
466 3803 498 3863 et
513 3817 631 3884 corpus
654 3796 818 3882 perdendi,
843 3798 994 3861 nimirum
1018 3798 1051 3861 iu
1075 3794 1198 3880 agendo
1222 3791 1338 3864 duello,

159 3928 194 3983 et
217 3920 251 3983 in
274 3920 348 3984 aliis
363 3918 556 3984 exercendis
579 3918 610 3984 id
626 3939 728 4006 genus
743 3918 843 3995 ludis;
868 3940 949 4004 quae
968 3920 1077 3985 omnia
1091 3918 1227 3982 crimina
1251 3935 1339 3981 coer·

159 4051 279 4109 centur
302 4045 376 4130 lege
400 4043 567 4137 Ecclesiae
590 4044 733 4130 poenali,
759 4048 908 4129 quoniam
931 4051 1007 4111 nata
1030 4049 1106 4109 sunt
1131 4042 1286 4108 autricum
1309 4047 1339 4108 et
1372 4044 1375 4048 ’

159 4188 288 4251 corpus
307 4169 456 4252 perdere
479 4169 516 4235 iu
537 4170 702 4257 cebenna.
835 4168 837 4173 ’

249 4294 384 4359 Demum
407 4312 492 4381 erqo
515 4295 609 4368 alios,
626 4296 877 4361 ecclesiasticam
900 4295 1086 4361 societatem
1107 4294 1189 4380 quod
1212 4295 1336 4363 attinet.

158 4433 255 4481 nemo
266 4414 354 4480 abuti
366 4414 461 4481 debet
476 4416 541 4481 suis
553 4416 675 4483 iuribus
688 4416 916 4483 ecclesiasticis
928 4418 1034 4501 prouti
1046 4416 1171 4483 faceret
1183 4421 1338 4501 patronus
