3350 5100
498 345 542 392 na
567 345 706 392 ionicus
730 344 984 392 omumnmnus.
1268 323 1332 389 183

159 469 223 532 sive
236 467 514 552 patrimonialibus
535 469 603 532 sive
627 467 851 554 personalibus
875 466 1087 538 condemnati,
1104 467 1329 532 executionem

158 589 333 655 obtinentes
357 592 454 655 etiam
483 590 640 655 adversus
668 599 892 656 contumacem
916 610 973 656 seu
996 589 1174 662 absentem,
1200 594 1235 654 ut
1257 593 1332 653 sunt

158 735 274 799 prenae
297 717 526 800 suspensionis,
551 717 740 800 privationis
767 714 928 796 beneficii,
952 715 1040 780 exilii
1066 721 1098 779 et
1121 714 1333 799 separationis

156 839 255 921 quoad
276 846 385 903 torum
410 845 443 904 et
465 840 735 906 cohabitationem
759 842 792 904 in
818 841 953 906 crimine
977 839 1137 912 adulterii,
1162 839 1208 903 uti
1237 841 1334 902 cavet

156 963 307 1029 Pontifex
321 967 354 1028 in
371 983 445 1046 cap.
461 966 497 1045 5,
524 965 571 1030 De
582 971 759 1047 procurat.
776 985 796 1028 a
813 963 1084 1031 Constitutionem
1106 963 1332 1049 procuratoris

155 1105 308 1171 expresse
331 1088 488 1174 permittit
510 1089 587 1154 Inst.
613 1086 647 1152 S.
663 1087 764 1174 (long.
789 1090 857 1154 llll.
882 1093 916 1154 et
939 1089 1019 1174 Reg.
1045 1089 1076 1152 in
1101 1106 1201 1172 supra
1223 1088 1332 1154 relato

155 1217 216 1274 art.
239 1209 302 1277 30.

240 1335 406 1410 Quocirca
431 1336 529 1403 iudex
552 1337 728 1422 prohibere
750 1358 816 1402 non
841 1338 937 1405 debet
958 1339 990 1403 in
1015 1338 1104 1403 bisce
1128 1339 1233 1404 musis
1256 1357 1333 1420 pro-

155 1463 316 1527 curatoris
350 1433 624 1537 constitutionem,
649 1466 710 1529 nisi
744 1464 874 1548 aliquod
908 1465 1019 1529 timeat
1052 1463 1246 1531 collusionis
1277 1485 1333 1528 seu

153 1587 285 1653 alterius
319 1586 461 1672 fraudis
496 1589 675 1673 periculum
707 1600 764 1655 aut
794 1610 858 1654 non
885 1589 989 1654 levem
1024 1589 1146 1654 ordinis
1176 1588 1332 1653 iudicialis

153 1713 407 1796 perversionem.
445 1713 627 1797 Propterea
665 1715 728 1778 ista
762 1712 926 1778 conclusio
962 1715 1023 1778 rite
1058 1714 1192 1798 intelligi
1220 1712 1332 1784 debet,

153 1837 196 1900 ita
218 1837 347 1901 scilicet
361 1843 398 1901 ut
420 1857 479 1922 per
493 1841 719 1923 procuratoris
742 1841 1001 1906 constitutionem
1025 1838 1148 1904 iuribus
1171 1843 1204 1902 et
1226 1835 1333 1902 officio

152 1959 266 2025 iudicis
290 1981 355 2025 non
378 1959 435 2026 fiat
457 1963 707 2047 praeiudicium
732 1965 837 2049 prouti
855 1964 966 2028 statuit
984 1965 1052 2028 lnn.
1071 1965 1117 2028 Ill
1138 1964 1170 2026 in
1186 1981 1262 2045 cap.
1281 1961 1332 2035 14,

151 2085 200 2150 De
223 2087 296 2151 iud.
319 2087 355 2150 X
384 2085 446 2170 (ΙΙ,
474 2089 505 2173 l)
534 2109 670 2173 nerupe:
699 2111 717 2150 ‹
744 2089 934 2155 Statuimus
957 2094 1140 2171 praeterea
1168 2093 1208 2152 ut
1232 2087 1334 2169 pra'u-

151 2210 280 2292 a'pades
301 2229 474 2293 personae
499 2233 570 2279 uoa
589 2232 656 2295 per
679 2213 863 2279 advocatos
884 2214 1029 2295 scalper
1051 2211 1179 2293 seipsas
1201 2211 1333 2292 factum

146 2343 350 2418 proportant
357 2358 368 2400 .·
402 2339 469 2403 nisi
497 2337 588 2420 forle
620 2339 691 2403 siut
718 2339 803 2405 adeo
830 2339 1034 2404 iradiscretoc
1063 2343 1099 2402 ut
1130 2355 1249 2404 eorum
1277 2337 1333 2402 de-

149 2458 260 2536 sectus
283 2462 327 2526 de
349 2461 472 2527 ludius
495 2463 631 2528 ticeutia
650 2482 717 2546 per
740 2463 828 2527 alias
851 2463 1100 2545 suppleatur».
1126 2496 1143 2509 ·
1171 2461 1219 2526 Uti
1245 2464 1334 2545 patet

151 2604 193 2648 ex
217 2592 392 2656 contextu,
416 2586 461 2650 ibi
484 2589 667 2654 aduocatos
698 2588 851 2651 Pontifex
885 2588 1019 2651 assumit
1053 2585 1331 2649 indiscriminatim

149 2730 211 2794 pro
236 2711 506 2795 procuratoribus
538 2718 571 2777 et
603 2712 777 2777 advocatis.
816 2748 835 2759 -
871 2710 1032 2781 Ceterum,
1059 2730 1121 2773 non
1144 2713 1268 2773 mutum
1298 2709 1330 2771 in

150 2833 389 2899 criminalibus
411 2835 466 2900 sed
491 2836 586 2900 etiam
604 2837 636 2899 in
654 2836 816 2906 civilibus,
842 2834 938 2899 iudici
962 2836 1126 2919 integrum
1149 2839 1199 2899 est
1214 2852 1332 2898 vocare

149 2964 261 3041 partes
284 2962 324 3021 ut
350 2960 438 3043 ipsae
460 2979 588 3040 coram,
612 2979 671 3044 per
692 2979 745 3031 se,
771 2958 972 3024 satisfaciant
1006 2957 1331 3043 interrogationibus,

150 3087 277 3145 remoto
293 3082 451 3147 advocato
467 3089 500 3150 et
513 3089 737 3167 procuratore.
757 3119 774 3132 -
792 3087 955 3153 Attamen,
965 3084 1010 3147 uti
1023 3088 1118 3147 cavet
1131 3080 1236 3147 Bonis.
1247 3082 1332 3147 VlII

149 3224 226 3289 cap.
249 3205 286 3280 2,
314 3206 364 3270 De
386 3206 457 3271 iud.
481 3208 519 3272 iu
542 3208 565 3271 6
588 3206 645 3293 (ΙΙ,
673 3207 704 3291 1)
727 3208 755 3273 si
778 3215 896 3292 agatur
919 3206 958 3271 de
982 3205 1169 3271 mulieribus
1194 3208 1333 3271 maxime

149 3328 459 3400 sanctimonialibus,
475 3331 529 3395 rel
544 3329 584 3394 de
607 3332 687 3397 viris
710 3332 879 3416 principali
903 3330 1059 3416 dignitate
1082 3329 1330 3415 praestantibus,

149 3452 249 3517 iudex
265 3472 328 3537 per
342 3474 378 3517 se
393 3459 449 3518 aut
464 3475 524 3538 per
537 3455 728 3540 delegatum,
746 3459 881 3520 istorum
897 3454 1023 3521 domum
1046 3454 1181 3521 accedat
1198 3474 1333 3538 respon-

149 3576 258 3639 siones
281 3580 478 3657 accepturus
509 3595 553 3641 ex
585 3578 653 3661 ipso
677 3596 735 3640 ore
758 3576 912 3641 eiusmodi
939 3596 1170 3661 personarum,
1194 3594 1258 3639 una
1283 3575 1334 3638 vel

149 3698 385 3769 alienatione,
409 3700 652 3784 impediturum,
676 3702 846 3785 quominus
869 3702 901 3765 in
924 3700 1078 3766 tribunali
1105 3698 1332 3785 respondeant.

150 3822 327 3907 Siquidem,
340 3826 387 3889 uti
403 3824 609 3908 probavimus
626 3826 701 3891 Vol.
718 3826 745 3900 Ι,
762 3846 793 3889 n.
810 3826 855 3891 68
871 3832 904 3890 et
920 3830 954 3889 ut
969 3826 1070 3891 dictat
1092 3826 1160 3909 ipsa
1176 3824 1333 3889 naturalis

148 3953 253 4025 ratio,
277 3951 422 4037 genuina
455 3950 616 4016 tactorum
646 3952 760 4017 notitia
790 3970 855 4015 non
888 3949 1064 4016 addiscitur
1095 3960 1130 4014 ut
1160 3950 1332 4034 plurimum

150 4076 211 4140 nisi
236 4096 280 4140 ex
303 4076 386 4140 orali
410 4076 571 4141 relatione
594 4095 722 4150 eorum,
745 4096 883 4160 quorum
915 4077 1065 4157 interest,
1089 4076 1157 4139 sive
1181 4082 1335 4141 actorum

150 4202 221 4266 sire
243 4219 398 4265 reorum.

241 4326 316 4390 Huc
331 4331 456 4409 spectat
470 4324 638 4390 decretum
656 4323 835 4399 Pontificis;
853 4325 916 4407 qui,
935 4326 1135 4410 exceptionis
1158 4324 1198 4389 ad
1217 4326 1331 4397 instar,

150 4448 399 4533 prudentissime
421 4448 569 4521 admittit,
593 4448 765 4531 aliquando
792 4469 854 4535 per
879 4456 1124 4534 procuratorem
1152 4450 1220 4534 ipsa
1247 4449 1335 4515 facta
