3350 5100
426 307 470 352 nn
494 304 633 351 inmens
657 302 899 350 caruissemus
925 302 958 347 iu
983 300 1100 347 sancia
1287 278 1348 343 351

176 432 366 515 impediant
392 430 576 515 quominus
606 430 736 493 malum
768 427 944 499 adveniat,
969 432 1006 491 ul
1035 425 1191 491 scandali
1214 420 1350 491 stimuli.

177 558 370 623 occasiones
398 554 633 631 voluntariae,
657 572 848 637 causaeque
879 553 926 617 ad
948 551 1214 635 delinquendum
1234 550 1353 632 proat-

176 700 255 749 mae
267 686 519 747 removeantur.
537 685 678 745 Aurem
700 680 803 763 finem
819 677 941 743 babent
956 676 1140 743 revocandi
1159 675 1353 759 delinquen-

177 813 224 873 tes
246 813 283 873 ul
304 805 444 889 sapiant
465 810 694 889 reperentque
709 804 852 869 admissi
875 801 1028 867 criminis
1051 800 1351 885 consequentias».

178 930 284 995 Media
308 930 554 1015 praeservativa
576 930 621 992 ita
644 928 904 993 determinantur
927 932 987 991 art.
1005 926 1064 991 IV.
1085 924 1243 989 «Mediis
1266 942 1354 1007 quae

175 1061 401 1137 promanant
411 1055 600 1138 praecipue
614 1038 837 1119 accensentur
851 1050 1046 1134 spiritualia
1062 1048 1235 1121 coercitio,
1249 1066 1354 1112 moni-

179 1180 284 1245 tiones
306 1185 338 1244 et
358 1184 592 1261 praecepta».
609 1177 700 1251 Quae
716 1177 905 1240 numeratio
929 1179 1020 1239 certe
1044 1194 1108 1237 non
1132 1181 1180 1237 est
1200 1170 1353 1237 lucrativa

179 1304 234 1368 sed
259 1304 542 1385 demonstrativa,
564 1301 649 1386 quod
680 1300 841 1387 significat
863 1304 977 1385 aperta
999 1300 1067 1382 ipsa
1091 1297 1173 1361 ratio
1204 1294 1353 1378 loquendi

180 1449 236 1491 sen
252 1428 385 1493 locutio:
398 1427 588 1509 praecipue
603 1431 833 1492 accensentur.
853 1460 870 1472 -
889 1408 1044 1489 (laterum'
1057 1424 1230 1487 Instructio
1253 1421 1354 1485 noluit

181 1551 428 1617 Ordinariorum
460 1556 650 1637 potestatem
685 1557 862 1635 coarctare
891 1548 947 1613 sed
982 1549 1124 1634 dirigere
1157 1548 1198 1613 ad
1234 1554 1353 1613 rectam

179 1678 358 1741 mediorum
383 1676 563 1761 poenalium
587 1677 844 1760 applicationem.
864 1676 904 1740 Ul
928 1692 1013 1746 ecce,
1036 1674 1212 1759 Episcopus
1235 1672 1355 1737 clerico

181 1802 368 1887 exprobrat.
384 1801 602 1867 severioribus
617 1801 737 1868 verbis,
753 1800 922 1883 quamdam
943 1819 1068 1863 morum
1092 1800 1265 1868 levitatem.
1282 1818 1355 1881 qua·

181 1932 315 2011 propter
347 1926 393 1991 illi
425 1946 489 1989 non
521 1926 656 1990 contulit
687 1924 827 1991 officium
859 1924 941 2009 quod
972 1924 1051 1989 alias
1082 1923 1290 1989 libentissime
1321 1943 1356 1986 se

181 2052 355 2117 contulisse
377 2059 554 2117 asseverat
586 2087 603 2099 -
632 2048 797 2116 Eiusmodi
820 2049 1038 2132 reprehensio
1064 2070 1127 2113 non
1152 2058 1200 2115 est
1227 2050 1356 2134 proprie

181 2178 321 2243 monitio
344 2177 510 2243 canonica
535 2196 639 2260 nequa
665 2183 912 2259 praeceptum;
935 2174 1081 2240 atcerte
1104 2180 1154 2239 est
1180 2174 1355 2239 remedium

178 2303 474 2387 praeservativum
502 2303 553 2366 cui
585 2321 731 2387 congrua
760 2300 854 2383 facti·
871 2300 1016 2385 aequitio
1040 2299 1275 2383 praemittenda
1299 2306 1356 2362 est.

184 2430 363 2491 Praeterea
384 2446 540 2491 coercere
562 2426 649 2491 valet
673 2427 860 2513 Episcopus,
878 2429 990 2510 utputa
1011 2425 1122 2489 clerici
1139 2425 1355 2507 arrogantiam

182 2562 237 2618 aut
267 2555 397 2618 nimiam
430 2554 644 2624 otiositatem,
669 2552 753 2638 apud
777 2553 847 2616 eius
870 2553 958 2616 cives
988 2556 1044 2615 aut
1074 2548 1257 2615 confratres
1281 2551 1358 2633 satis

183 2685 395 2764 perspectam,
411 2680 439 2742 ei
458 2677 647 2763 denegando
662 2679 790 2742 veniam
815 2677 962 2742 omnibus
986 2676 1125 2741 concedi
1141 2675 1275 2754 solitam,
1300 2675 1357 2738 sei-

182 2803 260 2868 licet
281 2801 464 2867 discedendi
489 2821 509 2864 a
531 2802 603 2866 loco
627 2804 675 2866 sui
705 2801 857 2866 domicilii
889 2821 960 2866 cum
992 2801 1108 2864 litteris
1139 2799 1356 2864 discessoriis.

184 2928 277 2992 Haec
300 2926 443 2992 remedia
466 2934 499 2991 et
521 2927 594 2998 alia,
619 2926 650 2990 id
674 2946 776 3011 genus
800 2945 863 2990 non
888 2925 986 2991 semel
1010 2929 1085 2990 sunt
1106 2926 1224 2989 ceteris
1252 2921 1356 2988 effica-

184 3055 273 3118 ciora
296 3073 356 3137 pro
379 3070 488 3117 rerum
511 3051 677 3116 adiunctis.
707 3051 798 3126 Quod
823 3053 902 3116 scite
933 3049 1161 3114 animadvertit
1186 3050 1358 3114 Instructio

184 3180 249 3257 cit,
265 3178 412 3248 innuens,
428 3180 560 3260 praeter
575 3174 681 3240 media
695 3195 715 3239 a
729 3195 765 3239 se
784 3179 962 3245 numerata,
980 3173 1075 3258 plura
1093 3173 1156 3236 alia
1178 3171 1356 3238 recenseri.

272 3299 348 3365 282.
373 3300 606 3364 Verumtamen
623 3302 656 3362 in
672 3298 880 3364 numerandis
902 3299 992 3364 hisce
1009 3297 1167 3366 remediis,
1185 3297 1359 3362 Instructio

184 3425 285 3508 magis
307 3443 403 3508 quam
426 3425 554 3507 singula
577 3423 719 3488 remedia
742 3423 929 3488 describere
946 3422 1081 3487 intendit
1106 3423 1261 3485 rationem
1285 3441 1358 3504 pro·

183 3547 327 3614 cedendi.
353 3545 483 3612 Etenim
507 3566 619 3612 omnes
640 3547 873 3630 subsequentes
901 3546 1038 3613 articuli
1060 3545 1186 3617 docent,
1203 3543 1359 3627 quomodo

183 3671 266 3738 haec
290 3671 434 3737 remedia
454 3673 637 3738 executioni
660 3671 903 3737 demandentur.
922 3671 971 3736 Ad
988 3691 1057 3735 rem
1072 3669 1270 3740 advertatur,
1286 3669 1360 3750 quia

183 3796 384 3866 monitiones
409 3801 629 3861 accensentur
658 3796 820 3861 remediis
846 3795 1126 3878 praeservativis,
1150 3795 1239 3859 clare
1263 3797 1361 3876 patet,

183 3919 260 3983 inibi
289 3920 511 3986 monitionem
536 3919 689 4004 distingui
712 3940 732 3984 a
755 3921 930 3991 citatione,
958 3921 1103 4003 quamvis
1131 3919 1248 4005 passim
1278 3913 1360 4000 apud

182 4044 379 4125 canonistas,
403 4045 600 4128 potissimum
625 4045 658 4108 in
682 4043 917 4123 criminalibus,
941 4043 1081 4109 monitio
1106 4049 1279 4126 usurpetur
1301 4059 1362 4126 pro

134 4231 138 4236 .
183 4167 349 4234 citatione.
383 4170 432 4232 lta
463 4169 641 4252 Pellegrini
674 4169 694 4232 l.
719 4169 772 4234 cil.
798 4169 883 4234 Secl.
917 4169 951 4248 V,
975 4189 1009 4232 n.
1038 4168 1080 4232 rr
1110 4186 1177 4252 seq.
1210 4171 1359 4234 Attamen

184 4293 332 4377 simplem
355 4295 467 4361 citatio
491 4293 697 4379 distinguitur
719 4313 739 4358 a
762 4293 958 4366 monitione,
973 4313 1056 4376 qnae
1076 4299 1126 4359 est
1148 4293 1259 4360 citatio
1284 4313 1361 4360 cum

181 4437 315 4502 poenae
336 4425 396 4486 aut
419 4422 536 4486 sallem
560 4419 705 4486 alicuius
728 4419 848 4484 damni
872 4439 928 4482 seu
949 4417 1156 4484 discriminis
1180 4419 1361 4485 commina-
