3350 5100
807 575 921 643 Carus
944 576 1004 641 VI.

583 753 628 805 DE
647 753 757 806 ORALI
777 753 922 807 cnUSAu
943 752 1234 807 ulscuPTATIONu.

318 947 535 1003 Summariun.
554 978 588 988 -
607 948 671 1001 332.
690 948 808 1009 Quinam
827 956 907 1002 actus
926 948 1103 1019 aequivalent
1122 950 1294 1003 conclusioni
1313 953 1341 1001 in
1354 964 1446 1002 causo.
1461 976 1492 987 -·

406 1037 467 1109 333¹.
484 1059 542 1109 Art.
556 1056 677 1110 XXXIII
697 1057 764 1109 lust.
786 1057 900 1125 respicit
917 1066 1011 1111 actum
1031 1057 1264 1126 praemittendum
1278 1074 1295 1109 a
1308 1056 1398 1109 iudice
1416 1058 1494 1107 anta·

407 1180 490 1233 quam
514 1163 661 1217 claudatur
681 1180 832 1233 processus
857 1166 1026 1235 defensivus.
1047 1194 1080 1205 -
1099 1164 1160 1217 334.
1185 1164 1223 1219 Da
1241 1165 1384 1227 citatione,
1403 1179 1437 1215 au
1457 1162 1494 1214 sit

408 1274 572 1327 necessaris.
592 1302 626 1313 -
645 1271 705 1326 335.
724 1272 816 1333 Quare
834 1275 885 1327 fiat
903 1274 988 1329 oraIis
1007 1274 1173 1343 disceptatio
1192 1290 1292 1327 causae
1310 1276 1340 1327 et
1358 1271 1493 1343 quomodo

409 1377 478 1432 haec
490 1378 600 1433 differat
612 1380 647 1432 ab
659 1396 693 1433 ea
706 1396 778 1449 quae
797 1380 959 1449 proponitur
973 1380 1001 1433 iu
1014 1379 1073 1433 cod.
1087 1380 1134 1433 cit.
1151 1380 1232 1447 Grcg.
1247 1407 1280 1418 -
1294 1377 1355 1431 336.
1370 1376 1493 1445 Regulus

406 1484 596 1539 observandae
608 1486 637 1537 in
652 1484 703 1538 hac
721 1502 822 1539 caussa
842 1485 1051 1554 disceptatione.
1071 1515 1105 1526 -
1124 1485 1184 1537 337.
1206 1487 1248 1537 Au
1262 1484 1300 1537 od
1313 1485 1492 1536 substantium

409 1591 544 1645 servanda
562 1594 599 1645 sit
618 1591 686 1647 haec
704 1592 792 1646 oralis
809 1592 983 1662 disceptatio.
998 1622 1031 1633 -
1045 1592 1106 1646 338.
1121 1592 1148 1645 Si
1164 1609 1218 1645 nou
1231 1594 1394 1646 observatur
1412 1606 1494 1660 quae-

409 1714 473 1749 nam
492 1696 552 1751 eius
570 1696 632 1750 loco
650 1698 792 1752 observari
810 1702 947 1767 oporteat.
969 1726 1001 1739 -
1017 1697 1078 1751 339.
1099 1702 1141 1750 Au
1160 1697 1219 1750 fisci
1242 1696 1494 1751 animadversiones

407 1809 437 1859 et
454 1796 577 1859 accusati
597 1806 789 1875 responsiones
807 1806 928 1861 debeant
947 1810 1055 1859 tautum
1075 1810 1104 1859 iu
1122 1808 1233 1877 scriptis
1251 1805 1386 1860 exhiberi

410 2022 484 2087 332.
510 2024 577 2087 Iam
601 2023 798 2089 advertimus
821 2026 1071 2091 conclusionem
1095 2026 1127 2088 in
1152 2044 1249 2089 causa
1272 2027 1304 2089 iu
1326 2046 1361 2089 re
1385 2024 1494 2089 crimi-

320 2148 392 2211 nuii
410 2167 472 2211 uon
489 2150 534 2213 Ita
545 2147 712 2213 observari
729 2170 768 2213 ac
783 2150 821 2215 in
836 2152 936 2231 ciuili,
950 2152 1025 2233 quia
1037 2170 1140 2233 neque
1157 2156 1292 2236 promet.
1307 2148 1423 2213 fiscalis
1438 2169 1494 2212 seu

210 2298 215 2309 ·
320 2280 499 2345 accusatur,
524 2294 628 2357 neque
650 2281 819 2340 accusatus
842 2276 987 2341 absolute
1011 2275 1175 2361 prohiberi
1197 2282 1328 2361 possunt
1350 2275 1494 2359 apposIto

320 2398 462 2468 decretu,
487 2398 655 2482 quominus
679 2420 780 2466 novas
803 2402 1008 2486 probationes
1030 2398 1178 2465 afferant.
1206 2402 1273 2465 Has
1296 2400 1380 2463 enim
1397 2398 1493 2463 iudex

321 2545 366 2591 eu
381 2526 488 2610 effluo
505 2526 677 2594 admittere
692 2535 748 2594 aut
764 2551 944 2614 provocare
956 2528 1098 2600 deberet,
1112 2530 1137 2595 si
1155 2531 1281 2594 veritati
1296 2527 1494 2613 detegendae

322 2655 528 2720 inservirent.
555 2657 767 2722 Nihilominus
790 2659 865 2740 quia
890 2645 1005 2740 aliquis
1029 2657 1186 2722 terminus
1210 2655 1419 2741 imponendus
1446 2663 1496 2721 est

321 2784 484 2863 processui
509 2783 691 2864 defuerim,
716 2784 813 2848 iudex
837 2787 905 2848 sive
928 2785 976 2848 ud
998 2785 1195 2850 instantium
1219 2783 1417 2847 accusatoris
1440 2785 1495 2846 aut

320 2906 474 2973 accusati,
487 2906 555 2968 sive
568 2924 613 2969 en
627 2889 735 2989 officio
748 2904 905 2976 decernit,
919 2906 1060 2971 clausam
1074 2925 1145 2969 esse
1159 2906 1243 2970 hauc
1259 2905 1424 2998 periodum
1438 2925 1494 2969 seu

320 3029 517 3094 ditationem
536 3030 775 3112 probatorium
799 3051 985 3096 concessam
1009 3038 1160 3098 accusato
1184 3039 1216 3096 et
1239 3032 1343 3095 Iocum
1361 3029 1430 3094 fieri
1448 3030 1493 3094 di-

319 3155 508 3238 sceptationi
533 3175 659 3228 causae,
676 3163 848 3240 autequam
868 3156 1059 3222 devenietur
1080 3157 1121 3222 ad
1145 3157 1337 3223 sententiam
1361 3154 1495 3222 defiuiti-

321 3299 406 3344 vam.
432 3279 464 3343 Si
480 3301 560 3344 vero
575 3282 658 3346 istud
684 3282 850 3346 decretum
866 3283 945 3347 velit
964 3283 1120 3366 appellari
1138 3264 1306 3350 conclusio
1322 3283 1359 3346 in
1380 3302 1494 3363 ceusu,

322 3405 365 3468 uti
398 3404 463 3467 sert
493 3406 595 3490 stylus
626 3407 762 3471 alicuius
796 3406 982 3487 tribunam,
1012 3408 1090 3472 nihii
1122 3407 1261 3472 habetur
1291 3407 1421 3472 absurdi
1452 3427 1495 3472 cx
1540 3445 1547 3456 ·

320 3531 468 3596 subiecto
491 3533 646 3607 materia,
662 3533 787 3598 scilicet
809 3533 977 3598 dummodo
1002 3533 1239 3619 distinguantur
1263 3530 1397 3600 effectus
1422 3533 1496 3599 inde

320 3659 462 3723 secuturi
486 3658 610 3722 sivein
634 3657 787 3724 ciuilibus
817 3660 885 3723 sive
909 3661 941 3723 in
965 3659 1208 3725 criminalibus.
1241 3657 1289 3725 CI.
1318 3657 1494 3744 PeIIengni

256 3833 258 3837 «
321 3804 374 3866 op.
399 3785 451 3848 eit.
479 3783 577 3850 Pruc.
602 3785 662 3850 eiu.
687 3785 735 3863 II,
759 3790 835 3850 sect.
863 3785 916 3859 12,
941 3805 974 3850 n.
1001 3785 1037 3868 7;
1061 3790 1216 3868 utsupra
1240 3805 1271 3847 n.
1297 3784 1372 3850 253.

410 3911 484 3976 333.
509 3912 685 3976 Instructi0
708 3914 753 3976 ita
776 3911 875 3975 dictat
898 3910 1055 3995 quomodo
1073 3909 1156 3976 'huic
1181 3911 1319 3975 decreto
1350 3909 1497 3975 deveniri

320 4036 436 4120 debeat
451 4038 483 4100 iu
495 4042 557 4100 art.
572 4037 733 4101 XXXIII:
753 4057 770 4098 c
791 4036 1048 4102 Transmittitur
1063 4036 1143 4102 dein
1154 4035 1377 4118 procuratori
1388 4036 1498 4120 pucati

298 4139 498 4244 ⁸processus
520 4168 550 4228 et
573 4163 747 4228 restrictus
772 4168 809 4227 ut
831 4181 974 4228 munere
1004 4181 1065 4226 suo
1090 4180 1135 4226 en
1166 4159 1273 4244 officio
1304 4159 1496 4245 funputur3

321 4289 401 4353 dein
416 4294 556 4373 uterque
575 4289 759 4354 ordinario
775 4289 935 4369 truditur,
952 4288 1021 4373 qui,
1042 4289 1147 4370 plenu
1163 4307 1287 4352 causae
1308 4285 1496 4372 counitione

321 4416 456 4498 adeptu,
480 4416 571 4481 diem
594 4415 748 4494 destinat,
772 4414 808 4478 in
831 4434 901 4499 qua
924 4414 989 4480 istu
1004 4413 1228 4495 disceptanda
1251 4418 1280 4478 et
1301 4411 1496 4497 definienda
