3350 5100
330 298 395 364 164
841 315 926 362 rans
957 315 993 362 11.

328 437 489 504 laudanda
513 443 563 510 et,
588 438 691 510 inira,
716 438 811 504 huius
833 438 1061 523 propositionis
1087 434 1321 520 explicabimus
1346 437 1509 498 rationem

329 567 518 648 practicam.

418 688 581 764 Quocirca
603 692 638 752 ut
659 687 848 772 dispiciatur
864 687 939 771 quid
963 687 1167 752 constituerit
1183 687 1232 750 ius
1251 683 1368 750 eccles.
1386 683 1449 748 hac
1466 683 1509 748 de

225 831 232 846 ·
329 832 378 894 re,
390 813 606 898 distinguatur
617 814 833 877 iuramentum
844 809 879 897 a)
888 812 1134 896 purgatorium
1146 809 1409 876 eabaindiciatc
1421 807 1508 892 quod

330 936 484 1003 describit
507 938 687 1022 Gregorius
702 937 758 1012 Μ.;
782 935 814 1016 b)
826 936 990 1022 purgatio
1007 937 1181 1006 canoniea,
1199 953 1281 1018 quae
1304 954 1322 998 e
1346 937 1417 998 iure
1434 953 1512 1017 ger-

330 1063 457 1128 manico
472 1067 638 1127 mutuatur
649 1065 916 1145 compurgatores
929 1065 962 1126 et
981 1060 1010 1144 c)
1018 1060 1181 1145 perpetio
1194 1059 1347 1144 culparis
1364 1058 1512 1142 opposita
1635 1151 1638 1154 Ι

330 1187 526 1260 canonicae,
537 1193 646 1273 utpote
658 1188 715 1251 illa
726 1186 972 1271 comprehendit
983 1188 1098 1253 duella
1108 1186 1296 1266 iudicialia,
1308 1205 1391 1269 quae
1407 1204 1510 1266 usque

331 1314 497 1379 damnavit
520 1315 570 1378 ius
593 1333 664 1379 cau.
682 1319 716 1379 et
737 1298 913 1378 solemnius
928 1319 961 1378 et
978 1311 1143 1376 efficacius
1160 1313 1192 1375 in
1212 1307 1334 1378 Concil.
1350 1309 1425 1374 Lat.
1445 1308 1465 1372 Ι
1472 1307 1509 1380 V,

332 1457 406 1520 cap.
424 1439 457 1510 9,
481 1437 535 1502 Ne
550 1436 664 1504 clerici
679 1438 732 1502 oet
747 1437 919 1512 monachi,
939 1437 973 1502 X
989 1435 1062 1519 (ΙΙΙ,
1080 1433 1146 1522 50).
1174 1471 1191 1484 -
1218 1437 1329 1520 ltaque
1344 1436 1394 1498 ius
1412 1451 1512 1498 cano-

331 1561 438 1624 nicum
450 1559 491 1624 de
504 1560 591 1624 civili
607 1576 732 1643 quoque
744 1561 897 1624 societate
910 1561 1029 1644 optime
1045 1561 1193 1624 meritum
1212 1565 1270 1631 est,
1284 1575 1380 1640 quum
1397 1577 1511 1620 corre-

332 1685 421 1750 xerit
442 1684 625 1749 barbariem
645 1686 846 1770 purgationis
861 1685 1024 1768 culparis,
1041 1687 1120 1750 etin
1137 1683 1303 1752 canonica
1317 1683 1512 1768 purgatione

332 1810 534 1875 consuluerit
555 1811 719 1876 sanctitati
741 1829 867 1875 morum
891 1817 924 1876 et
945 1811 1050 1876 bonae
1074 1810 1178 1874 famae
1205 1808 1407 1874 sacerdotum
1432 1812 1512 1892 quin

333 1930 504 1999 offenderit
519 1933 597 1998 illud
610 1935 813 2020 principium,
827 1941 941 2001 actore
958 1953 1029 2000 non
1039 1933 1208 2017 probante
1219 1953 1300 1999 retas
1311 1933 1514 2014 abscindam

334 2059 408 2142 quia
423 2060 581 2144 purgatio,
598 2059 690 2123 iuxta
712 2065 902 2143 conceptum
919 2059 1088 2124 classicum
1110 2058 1295 2124 iuramenti
1314 2056 1515 2142 purgatorii

333 2184 615 2253 emlraindicialis.
631 2203 696 2249 uon
716 2184 899 2268 pertinebat
913 2184 953 2249 ad
977 2181 1191 2270 effugiendam
1214 2183 1513 2249 condemnationem

333 2308 456 2376 indicis
471 2307 526 2374 sed
538 2308 577 2372 ad
591 2307 838 2394 abstergendam
852 2308 1009 2373 maculam
1023 2328 1087 2373 non
1099 2309 1202 2374 bonae
1214 2308 1329 2382 famae,
1342 2309 1516 2374 occasione

335 2432 454 2504 iudicii,
479 2438 666 2498 contractae
684 2432 769 2517 apud
785 2433 944 2517 populum.
971 2469 990 2482 -
1016 2433 1120 2497 Hodie
1143 2435 1291 2518 purgatio
1315 2434 1473 2497 canonica
1497 2452 1516 2496 e

334 2557 433 2620 curiis
456 2556 611 2626 exulavit,
628 2562 663 2620 at
682 2556 852 2640 vestigium
875 2562 1024 2639 superest
1047 2559 1079 2621 in
1094 2559 1274 2622 iuramento
1290 2558 1461 2641 coniugum
1480 2558 1513 2619 in

334 2682 439 2745 causis
462 2679 502 2744 de
525 2682 712 2765 impotentia
734 2680 871 2745 coeundi
887 2686 920 2746 et
943 2680 982 2745 de
1007 2700 1071 2745 non
1094 2689 1205 2747 secuta
1221 2682 1417 2745 matrimonii
1437 2698 1515 2745 con-

335 2807 556 2879 summatione,
581 2802 772 2870 confirmato
795 2825 816 2868 a
839 2803 971 2869 testibus
995 2810 1072 2889 sept.
1091 2826 1212 2875 manus,
1238 2806 1328 2888 quasi
1352 2824 1372 2869 a
1395 2806 1514 2872 conia·

335 2929 510 2996 ratoribas
532 2950 588 2995 seu
612 2929 941 3015 compurgatoribus.
968 2930 1015 2995 of.
1040 2930 1151 2995 folium
1168 2931 1292 2997 Causae
1317 2930 1515 2995 Versaeien.

337 3053 478 3139 agitatae
501 3054 588 3138 apud
613 3054 644 3119 S.
661 3053 695 3120 C.
714 3055 749 3119 G.
773 3075 884 3119 meuse
901 3056 993 3118 lunio
1014 3056 1106 3119 1894.

432 3178 505 3243 113.
525 3179 668 3262 Denique
684 3179 848 3243 innuenda
863 3185 911 3245 ast
926 3179 1081 3263 quaedam
1098 3179 1203 3243 forma
1218 3199 1389 3265 processus
1406 3180 1518 3243 crimi-

338 3303 430 3374 nalis,
443 3322 560 3387 nempe
570 3303 671 3367 minti
683 3322 725 3367 ex
740 3305 946 3368 accusatione
962 3310 995 3368 st
1010 3306 1225 3387 inquisitione,
1239 3306 1330 3399 cuius
1345 3322 1517 3388 processus

339 3428 428 3495 nulla
450 3413 589 3492 babetur
611 3429 730 3491 mentio
754 3430 786 3490 in
810 3428 949 3493 lontibus
973 3430 1052 3493 iuris
1071 3447 1142 3493 can.
1167 3438 1201 3495 et
1231 3429 1388 3493 hactenus
1419 3431 1515 3493 etiam

339 3549 423 3635 apud
439 3550 622 3613 canonistas
638 3551 746 3633 ignota
762 3550 831 3630 fuit,
852 3551 964 3615 saltem
989 3550 1093 3634 quoad
1106 3550 1260 3634 formam
1286 3552 1516 3617 emtrinsecarn

339 3679 373 3738 et
393 3672 644 3739 ordinationem
663 3672 927 3755 praecocitatem,
952 3676 1097 3757 quamvis
1121 3674 1230 3745 hodie,
1258 3675 1359 3739 veluti
1386 3674 1518 3740 occulto

340 3798 438 3885 pede,
463 3816 580 3883 nempe
603 3817 716 3882 parum
747 3816 904 3883 expressa
928 3800 958 3862 in
983 3804 1076 3863 textu
1098 3799 1205 3881 legum
1230 3806 1263 3865 et
1289 3803 1321 3864 in
1349 3819 1518 3865 commen-

341 3926 432 3991 tariis
448 3924 524 3995 DD,
542 3923 625 3987 baec
640 3922 835 4008 procedendi
858 3924 938 3987 ratio
958 3924 1129 4007 irrepserit
1152 3925 1184 3987 in
1201 3926 1308 3988 curias
1323 3923 1440 3989 eccles.
1459 3942 1520 4007 per

343 4049 592 4115 Instructionem
615 4046 733 4113 editam
749 4067 769 4111 a
783 4047 883 4133 (long.
901 4048 967 4112 ΕΕ.
984 4054 1017 4113 et
1034 4048 1103 4114 th.
1121 4047 1176 4113 die
1192 4049 1228 4113 11
1245 4048 1338 4113 lanii
1353 4048 1446 4113 1880
1460 4046 1517 4131 (l).

431 4223 472 4293 (Ι)
490 4224 561 4284 Quia
579 4240 646 4279 vero
665 4240 719 4277 non
738 4224 807 4277 satis
826 4228 971 4293 perspecta
990 4232 1032 4277 est
1052 4224 1120 4277 baec
1140 4241 1211 4279 nova
1228 4224 1351 4295 qualitas
1377 4184 1522 4293 processus

342 4331 423 4385 misit
441 4331 557 4400 eiusque
576 4332 742 4392 substantia,
756 4332 884 4385 effectum
899 4334 942 4383 est
956 4336 986 4383 ut
999 4332 1087 4384 citata
1106 4330 1256 4385 lnstructio
1276 4346 1372 4401 purum
1385 4342 1436 4383 aut
1450 4329 1521 4383 nibil
1639 4346 1640 4355 ¹

341 4436 542 4507 expeditiorem
561 4438 712 4492 reddiderit
729 4436 944 4506 explicationem
968 4437 1132 4490 iudiciorum
1156 4437 1342 4490 criminalium
1366 4437 1521 4492 ecclesiast.
