3350 5100
314 317 378 382 182
824 335 909 382 nans
943 335 977 382 11.

402 459 476 525 128.
501 460 540 524 ln
557 479 594 524 re
609 459 736 544 poenali
753 479 817 522 non
833 461 942 544 agitur
957 459 997 523 de
1012 465 1251 526 accusatorum
1274 459 1439 524 advocatis
1459 464 1493 524 et

311 582 585 670 procuratoribus,
602 584 757 667 siquidem
778 590 986 648 accusatores
1009 590 1083 649 sunt
1102 584 1232 666 priuati
1248 584 1347 650 cioca.
1367 583 1493 647 Horum

311 711 395 772 enim
416 729 532 774 munus
551 715 601 774 est
619 709 816 793 publicam,·
840 717 874 773 et
896 711 968 792 quis
983 709 1023 773 ad
1046 709 1261 774 accusandum
1287 728 1352 772 non
1376 707 1494 772 admit-

309 836 398 914 titur,
414 835 474 898 nisi
498 836 566 918 ipse
580 839 671 898 tanto
687 835 814 899 muneri
837 833 971 898 idoneus
994 854 1065 898 esse
1089 839 1205 918 pateat
1232 833 1412 897 Praeterea
1427 851 1494 895 non

311 958 499 1024 conceditur
528 960 721 1024 accusatori
751 958 809 1023 sibi
840 958 1035 1024 substituere
1065 968 1312 1043 procuratorem
1340 957 1432 1040 quia,
1458 957 1493 1019 in

310 1105 441 1169 genere,
458 1091 630 1150 accusator
648 1090 779 1151 tenetur
802 1089 907 1169 poent
930 1086 1058 1151 talionis
1074 1088 1099 1152 si
1117 1087 1151 1150 in
1166 1083 1335 1170 probando
1351 1082 1490 1150 deficiat:

310 1229 379 1296 arg.
405 1211 425 1273 t.
444 1207 497 1289 13,
522 1210 586 1292 51,
618 1211 654 1292 ff.
679 1209 728 1275 Dc
747 1209 843 1291 publ.
868 1209 949 1282 iad..
975 1215 1006 1275 et
1028 1228 1102 1291 cap.
1128 1209 1161 1278 5.
1187 1209 1237 1274 Dc
1256 1215 1435 1292 procurat.
1459 1209 1496 1274 X

310 1332 348 1418 (l,
373 1333 441 1414 38).
479 1317 590 1398 Hodie
612 1353 705 1406 vero,
737 1353 834 1416 quum
867 1335 1106 1399 accusationem
1139 1335 1299 1398 instauret
1325 1339 1493 1417 promotor

309 1455 445 1528 fiscalis,
470 1459 695 1542 magistratus,
715 1458 770 1524 hic
792 1459 818 1522 si
843 1459 951 1522 omnia
975 1477 1034 1542 per
1056 1479 1091 1522 se
1115 1457 1251 1542 explere
1276 1478 1339 1522 non
1364 1458 1491 1532 valeat,

308 1584 408 1646 utitur
431 1601 531 1666 opere
558 1581 707 1645 advocati
730 1587 764 1646 et
787 1583 1008 1666 procuratoris
1032 1581 1150 1647 fiscalis
1174 1583 1228 1665 qui
1259 1583 1335 1667 ipsi,
1361 1581 1492 1666 publica

307 1709 510 1775 auctoritate.
535 1705 774 1771 adsciscuntur.

402 1827 474 1893 129.
509 1829 600 1893 Haec
624 1829 654 1890 in
679 1847 805 1912 genere
828 1828 869 1892 de
892 1828 1057 1892 advocatis
1081 1836 1113 1893 et
1137 1827 1425 1912 procuratoribus;
1454 1829 1488 1891 in

308 1953 418 2034 specie
440 1951 560 2037 aliquid
584 1951 783 2016 advertatur.
811 1987 828 2000 ·
854 1951 971 2016 Munus
994 1953 1121 2016 antius
1144 1953 1384 2022 advocatorum.
1410 1971 1490 2036 qua·

308 2082 402 2141 tenus
425 2075 645 2140 defensionem
670 2083 828 2142 exercent
852 2097 992 2158 reorum,
1010 2076 1102 2140 modo
1122 2078 1225 2161 plene‘
1241 2078 1407 2162 explicare
1423 2096 1490 2140 non

308 2202 472 2270 valemus,
501 2202 619 2285 quippe
653 2203 717 2266 ista
749 2204 913 2285 pertinent
946 2201 985 2265 ad
1020 2202 1116 2266 aliam
1152 2205 1397 2272 tractationem,
1427 2221 1492 2285 qua

309 2325 451 2391 dicemus
474 2345 613 2409 quanam
638 2328 763 2391 ratione
780 2347 836 2390 reo
852 2326 997 2392 defensio
1021 2325 1228 2392 concedenda
1247 2328 1297 2395 sit,
1315 2327 1491 2412 praecipue

308 2451 341 2513 in
365 2449 560 2515 adducendis
585 2453 618 2514 et
641 2448 880 2534 interrogandis
902 2448 1044 2514 testibus.

400 2575 475 2640 130.
499 2575 724 2640 constitutioni
748 2581 997 2659 procuratorum
1014 2577 1047 2638 in
1065 2594 1100 2639 re
1117 2576 1247 2659 poenali
1272 2573 1377 2639 obstat
1394 2576 1488 2649 ratio,

308 2718 423 2783 nempe
450 2720 525 2763 reos
552 2698 750 2783 respondere
773 2698 894 2764 debere
920 2700 960 2763 de
987 2700 1176 2765 criminibus
1202 2700 1235 2764 in
1262 2720 1352 2765 suam
1376 2720 1490 2786 perso-

308 2843 393 2888 nam.
412 2859 430 2871 ·
448 2824 573 2888 Verum
591 2825 659 2908 ipsa
675 2822 841 2887 dubitandi
865 2824 948 2887 ratio
972 2824 1099 2887 facilem
1124 2824 1305 2909 suppeditat
1328 2826 1489 2889 rationem

308 2947 499 3032 expediendi
516 2948 601 3012 banc
617 2948 846 3031 quaestionem.
876 2950 1018 3032 Namque
1034 2948 1159 3014 obiecta
1175 2946 1347 3014 difficultas
1362 2953 1486 3013 tantum

307 3073 396 3138 valet
407 3094 466 3158 pro
482 3074 601 3156 poenis,
619 3081 792 3157 quaesunt
811 3075 959 3159 corporis
975 3068 1162 3149 afflictivae;
1180 3076 1225 3138 uti
1242 3078 1489 3159 argumentatur

308 3196 496 3280 Pellegrini,
515 3196 628 3260 Pract.
653 3196 844 3262 criminatis
870 3198 957 3262 Part.
985 3198 1042 3267 lV,
1067 3202 1145 3262 sect.
1170 3198 1230 3263 VI.
1255 3217 1285 3260 n.
1315 3197 1354 3262 13
1377 3198 1487 3262 aiens:

312 3321 388 3385 «Et
415 3319 497 3382 ratio
524 3326 574 3383 est
600 3321 675 3401 quia
706 3321 738 3383 in
767 3321 987 3386 criminalibus
1019 3324 1137 3404 imponi
1169 3320 1264 3387 debet
1295 3342 1352 3385 reo
1383 3340 1489 3405 poena

309 3462 368 3528 pro
392 3461 543 3506 mensura
565 3444 735 3527 gravitatis
751 3444 870 3516 delicti,
888 3464 971 3527 quae
994 3464 1077 3511 cum.
1096 3452 1129 3509 ut
1153 3446 1335 3529 plurimum,
1353 3446 1395 3509 sit
1417 3465 1487 3509 cor·

308 3569 396 3652 poris
414 3561 575 3634 affiictiva,
593 3587 657 3629 non
674 3571 724 3632 est
740 3570 936 3632 conveniens
960 3576 995 3635 ut
1012 3570 1098 3633 illam
1122 3571 1264 3655 patiatur
1280 3574 1486 3655 procurator,

306 3692 387 3757 alias
409 3693 610 3756 innocens...
637 3692 695 3756 Ubi
719 3711 799 3755 vero
822 3713 882 3777 pro
907 3678 1044 3758 crimine
1068 3713 1130 3757 non
1147 3696 1276 3758 veniret
1293 3692 1487 3778 imponenda

307 3838 411 3903 poena
423 3816 610 3901 corporalis,
627 3816 682 3881 sed
699 3819 896 3903 pecuniaria,
915 3820 1024 3902 ntique
1040 3819 1265 3883 admitteretur
1281 3825 1486 3903 procurator:

308 3947 357 4007 est
379 3942 557 4005 communis
579 3942 740 4006 sententia
756 3942 819 4005 DD.
839 3964 867 4004 s.
888 3943 923 4006 ln
940 3943 1023 4025 quod
1040 3946 1239 4028 propositum
1257 3940 1487 4007 confirmamus

307 4066 546 4131 conclusionem
577 4067 611 4130 in
641 4084 736 4150 quam
764 4060 967 4131 devenimus
988 4068 1061 4131 Vol.
1096 4068 1122 4148 1,
1150 4088 1181 4133 n.
1219 4068 1289 4137 117,
1316 4066 1485 4133 videlicet:

311 4190 418 4254 ‹Iure
434 4209 504 4253 can.
525 4189 682 4253 hodierno
705 4189 824 4254 nullius
848 4192 999 4254 momenti
1023 4191 1152 4255 videtur
1168 4188 1348 4262 difficultas,
1365 4191 1487 4273 quiain

307 4314 380 4377 foro
403 4313 519 4377 eccles.
544 4333 609 4377 non
635 4313 754 4380 dantur
778 4333 901 4397 poenae
925 4314 1038 4399 capitis
1065 4322 1098 4379 et
1121 4316 1376 4381 cancerationis.
1402 4333 1486 4397 quae

308 4435 442 4520 exigant
464 4436 668 4520 personalem
691 4437 925 4509 executionem,
942 4437 998 4502 sed
1017 4438 1100 4503 aliae
1116 4438 1311 4503 adhibentur
1331 4441 1363 4503 in
1388 4438 1486 4505 bonis
