3350 5100
337 301 403 368 532
849 323 933 370 raas
956 322 1006 370 111.

336 446 454 528 exequi
471 446 647 511 sententias
670 444 784 511 iudicis
806 446 931 510 laicalis
953 463 1016 510 non
1037 444 1169 510 adhibet
1192 447 1252 510 nisi
1277 445 1421 512 remedia
1439 468 1520 532 pro·

337 588 474 636 vasaria.

424 692 500 759 525.
526 693 618 759 Haec
641 693 768 759 cautela
791 695 932 758 maxime
955 695 1080 758 servari
1105 693 1201 758 debet
1221 695 1518 779 antequamdecer·

335 823 454 882 nantur
477 805 708 884 beneficiorum
731 819 942 902 privationes.
968 817 1050 898 Hae,
1075 820 1106 882 in
1136 837 1268 904 genere,
1296 819 1428 886 decerni
1452 840 1517 884 non

332 941 450 1008 debent
473 943 550 1026 quin
574 943 748 1027 praecedat
771 943 912 1028 cognitio
940 942 1099 1009 iudicialis
1131 944 1247 1009 eccles.
1273 944 1328 1010 sed
1354 952 1388 1011 ut
1413 947 1515 1030 pluri·

333 1087 418 1132 mum
441 1066 482 1132 ad
506 1087 562 1133 eos
584 1069 763 1152 parvenire
778 1087 843 1132 non
861 1067 909 1132 las
926 1073 975 1133 est
992 1069 1054 1134 nisi
1069 1075 1200 1134 servato
1222 1076 1314 1134 certo
1337 1089 1515 1156 poenarum

333 1191 463 1267 ordine;
488 1194 532 1256 uti
555 1192 789 1278 explicavimus
813 1193 846 1257 in
868 1200 968 1276 parte
985 1193 1127 1276 speciali
1150 1194 1190 1258 de
1214 1195 1334 1280 poenis.
1354 1193 1400 1260 af.
1418 1213 1516 1280 supra

333 1342 363 1386 n.
388 1322 432 1386 78
455 1340 502 1406 sq.
527 1320 685 1406 Equidem
710 1322 826 1406 regula
850 1327 899 1387 est
923 1324 955 1386 in
980 1323 1051 1387 iure
1075 1341 1189 1386 comm.
1208 1323 1328 1387 nullam
1346 1321 1517 1388 admIttens

332 1445 573 1519 dubitationem,
587 1447 802 1532 privationem
813 1445 1057 1520 beneficiorum,
1076 1465 1192 1531 nempe
1208 1467 1272 1510 non
1288 1446 1514 1522 manualium,

289 1538 301 1564 ⁰
331 1572 452 1656 imponi
468 1590 533 1634 non
550 1590 643 1655 posse
658 1570 697 1635 ab
714 1572 884 1656 Episcopo,
902 1573 964 1636 nisi
987 1573 1024 1636 ia
1041 1570 1174 1637 casibus
1198 1589 1220 1636 a
1243 1572 1319 1638 iure
1333 1569 1515 1654 expressis.

333 1696 381 1762 af.
399 1697 542 1771 Garzias,
559 1697 610 1762 De
625 1695 733 1779 benef.
747 1702 840 1780 part.
859 1697 905 1771 Π,
924 1715 997 1780 cap.
1016 1697 1067 1771 10,
1083 1717 1117 1761 a.
1136 1697 1199 1763 let
1213 1697 1248 1761 2.
1265 1732 1282 1744 -
1300 1695 1516 1770 Quamobrem

331 1822 464 1888 decerni
496 1843 560 1886 non
592 1822 680 1888 valet
710 1824 849 1907 privatio
873 1823 935 1887 nisi
959 1823 1137 1908 Episcopus
1168 1821 1375 1889 iudicialiter
1401 1822 1519 1908 probet

331 1969 462 2014 causam
491 1948 605 2014 adesse
636 1950 825 2014 canonicam
858 1947 1058 2032 privationis,
1084 1947 1110 2011 E
1136 1966 1295 2012 converso
1323 1945 1515 2030 officioram

330 2075 528 2160 privationes
551 2093 617 2138 non
641 2072 849 2158 expostulant
867 2090 935 2156 per
957 2091 993 2137 re
1018 2071 1104 2136 hanc
1129 2073 1286 2137 rationem
1318 2069 1515 2154 procedendi

331 2201 391 2266 nisi
412 2219 456 2265 ex
477 2199 681 2292 fundatione
696 2205 753 2265 aut
769 2217 811 2263 ex
826 2198 954 2264 adiecto
973 2202 1077 2281 pacto
1094 2195 1315 2263 secumferant
1328 2195 1413 2262 hanc
1437 2217 1515 2260 con-

330 2322 494 2387 ditionem.
518 2320 681 2393 Ceterum,
705 2320 853 2387 omnibus
876 2323 909 2385 in
934 2320 1070 2393 casibus,
1096 2321 1150 2405 qui
1182 2322 1326 2404 privatus
1358 2323 1407 2384 est
1433 2337 1515 2402 que-

330 2448 432 2514 relam
456 2467 589 2512 movere
604 2451 709 2533 potest
724 2446 777 2511 vel
800 2447 967 2512 nullitatis
984 2446 1036 2510 vel
1060 2444 1100 2509 ad
1125 2444 1331 2510 obtinendam
1347 2443 1515 2510 indemni-

330 2581 442 2656 tatem,
466 2574 492 2639 si
516 2578 607 2659 putat
634 2574 734 2658 ipsam
760 2572 977 2658 privationem
1001 2570 1169 2637 adversari
1196 2572 1253 2656 ipsi
1278 2573 1340 2636 iuri
1368 2570 1513 2635 naturali

330 2706 362 2764 et
382 2699 460 2763 binc
476 2696 596 2763 nullam
613 2716 685 2763 esse
700 2700 757 2763 aut
773 2696 924 2761 damnum
941 2697 1000 2762 sibi
1017 2696 1136 2762 iniuste
1152 2696 1310 2762 attulisse.
1328 2694 1375 2761 af.
1393 2694 1466 2759 Vol.
1484 2694 1512 2765 I,

329 2845 361 2888 n.
385 2823 460 2888 249.

417 2948 492 3014 526.
518 2948 622 3022 Quum
654 2952 789 3031 propter
819 2948 1047 3032 usurpationes
1079 2946 1142 3011 fori
1174 2946 1308 3015 laicalis,
1333 2946 1447 3011 faciles
1478 2950 1516 3011 et

328 3074 502 3157 quotidiani
526 3074 592 3137 sint
614 3070 783 3138 conflictus
806 3072 892 3136 inter
916 3072 1169 3137 ecclesiasticam
1194 3076 1384 3156 potestatem
1408 3075 1441 3135 et
1456 3072 1514 3136 lai·

328 3198 432 3263 calam
455 3202 488 3261 et
510 3196 585 3261 indo
608 3196 704 3262 dubia
726 3198 918 3261 exoriantur
941 3196 993 3262 vel
1018 3196 1188 3281 graviores
1214 3193 1429 3269 difficultates,
1454 3196 1512 3261 cit.

329 3323 505 3389 Instructio
520 3322 565 3386 ita
581 3323 667 3386 cavit
689 3326 750 3387 art.
774 3322 905 3387 ultimo.
926 3342 944 3383 c
961 3319 1003 3386 Ia
1020 3320 1154 3387 casibus
1177 3320 1288 3387 dubiis
1304 3326 1336 3386 et
1349 3320 1386 3385 ia
1401 3320 1515 3387 variis

325 3446 487 3528 practicis
499 3444 753 3529 difficultatibus
768 3464 857 3529 qaae
873 3446 1070 3530 eontiapere
1081 3444 1222 3529 possint,
1239 3442 1416 3509 Ordiaarai'
1431 3460 1514 3509 con-

326 3571 441 3635 sulant
465 3570 498 3637 S.
523 3570 827 3657 Conpreyatioaem
851 3570 897 3663 ad
921 3568 1080 3635 vitandas
1102 3569 1329 3636 contentiones
1351 3574 1382 3634 et
1404 3568 1510 3634 natti-

326 3700 409 3762 tates
434 3718 463 3758 ».
488 3695 611 3759 Eadem
642 3696 769 3759 cautela
800 3696 864 3759 iam
897 3693 1144 3781 suggerebatur,
1177 3697 1248 3759 iure
1279 3692 1509 3769 Decretalium‚

325 3817 418 3883 titulo
444 3817 495 3883 De
526 3816 811 3899 appellationibus
838 3824 870 3884 et
898 3836 1163 3893 annarionrau's3
1195 3819 1239 3883 nti
1273 3816 1511 3902 explicavimus

325 3942 400 4005 Vol.
427 3943 451 4014 l,
476 3962 507 4005 n.
532 3940 575 4006 86
599 3961 646 4024 sq.
