3350 5100
525 312 569 357 ns
593 310 732 357 sonions
755 310 999 358 onrumsnmus
1284 292 1350 357 273

171 433 309 518 gendum
332 434 383 499 vel
407 436 577 499 veritatem
601 434 761 500 sactorum
784 436 837 498 vel
863 434 1023 500 fallaciam
1040 438 1294 521 responsionum.
1314 436 1351 499 In

171 557 260 621 hunc
281 577 413 643 scopum
437 558 582 642 pluribus
604 557 806 623 examinibus
830 578 905 623 reus
936 558 1080 626 submitti
1103 560 1200 625 vaiet.
1227 560 1351 626 Gitatus

171 687 238 748 art.
261 682 309 749 25
328 686 374 748 ita
395 704 431 749 se
454 684 566 750 habet:
592 685 667 751 «Si
686 690 895 768 compareat,
912 682 1053 750 auditur
1076 684 1114 750 in
1136 686 1297 751 acumine
1313 690 1351 751 el

171 812 340 888 quatenus
350 806 562 874 inductiones
572 808 679 889 faciat
692 809 837 875 alicuius
849 808 1022 889 momenti,
1032 808 1154 875 debent
1163 809 1256 879 istae.
1270 828 1351 894 qua·
1403 812 1404 817 ’

173 934 269 996 tenus
290 931 366 1015 pieri
383 936 505 1013 polest,
521 932 704 998 eochauriri
718 952 747 995 ›.
771 934 846 997 Art.
871 932 935 997 26:
955 932 1193 999 «Proceditur
1208 932 1288 998 inde
1304 934 1351 998 acl

171 1054 445 1121 contestationem
469 1055 554 1137 facti
581 1058 758 1125 criminosi
785 1064 847 1123 etc.
875 1080 906 1122 ›.
931 1059 974 1125 m
997 1059 1029 1121 in
1054 1058 1108 1123 cit.
1140 1057 1220 1123 God.
1248 1056 1349 1143 Grep.

162 1174 310 1240 iudiciali
334 1184 399 1243 art.
416 1177 484 1244 351
506 1178 651 1244 iubetur:
671 1199 688 1242 ‹
706 1178 788 1246 Post
797 1178 953 1262 primum
970 1198 1118 1244 eaamen
1134 1185 1165 1245 el
1179 1199 1288 1263 usque
1303 1181 1350 1245 ad

167 1318 349 1382 processus
360 1302 635 1384 publicationem,
654 1304 836 1388 inquisitus
856 1303 975 1370 subiici
993 1309 1105 1385 polest
1123 1302 1202 1369 aliis
1217 1323 1348 1371 consm-

171 1445 278 1499 rurrs,
303 1428 429 1511 quotes
450 1448 573 1511 nempe
595 1429 632 1493 id
654 1428 886 1495 necessarium
909 1429 1076 1494 uideatur.
1095 1430 1167 1511 Ipsi
1187 1430 1347 1513 inquisito

170 1553 343 1639 inteprum
358 1558 408 1618 est
421 1559 579 1636 eapelere
590 1559 628 1617 ut
643 1554 716 1635 ipse
727 1554 853 1619 iterum
867 1553 1032 1617 audiatur
1044 1560 1104 1619 etc.
1124 1575 1154 1617 s.
1167 1554 1239 1619 Art.
1255 1552 1350 1619 352.-

173 1694 191 1737 ‹
211 1675 300 1741 Casu
315 1694 383 1759 ouo
399 1675 524 1759 aliquis
535 1677 730 1758 postuletur
745 1676 786 1741 de
798 1674 960 1758 pluribus
975 1676 1114 1757 deliacis,
1129 1677 1165 1740 in
1177 1675 1347 1757 eacipien·

170 1798 224 1864 dis
246 1798 463 1866 examinibus
478 1801 736 1887 distinpuunlur
751 1806 792 1882 et,
808 1800 959 1876 seorsim,
977 1800 1136 1883 apposita
1147 1819 1349 1883 proponun-

171 1928 227 1987 tur
237 1923 513 2009 interropaloria.
523 1925 658 1991 Finalis
670 1923 864 1991 contestatio
878 1924 1031 1989 omnium
1044 1923 1245 1989 delictorum
1253 1940 1347 1989 riam
1421 1932 1422 1936 ’

165 2052 277 2128 potest
300 2066 367 2113 uuo
390 2066 475 2114 soro
494 2068 524 2112 ›.

259 2169 335 2235 203.
350 2172 445 2236 Iurat
456 2172 607 2236 retulisse
621 2172 680 2236 hos
696 2171 851 2236 articulos
867 2191 885 2235 e
901 2171 980 2236 Cod.
998 2168 1111 2255 Grep,
1124 2170 1186 2234 hac
1199 2172 1295 2235 eliam
1309 2170 1349 2235 do

170 2316 277 2379 causa,
291 2299 366 2381 quia
377 2295 452 2362 inde
468 2298 641 2381 arripimus
656 2298 858 2361 occasionem
875 2295 1059 2381 explicandi
1076 2295 1150 2379 quid
1167 2294 1226 2359 sibi
1246 2296 1348 2361 uelint

171 2442 386 2496 consumam,
411 2424 444 2487 in
468 2425 521 2488 cit.
551 2430 615 2487 art,
641 2422 709 2489 351
713 2444 728 2505 ,·
751 2430 784 2488 et
807 2422 964 2506 quomodo
988 2423 1179 2487 contestatio
1203 2419 1259 2485 fiat
1282 2440 1348 2487 uuo

170 2566 256 2614 nora
278 2548 311 2612 in
335 2554 400 2614 art.
422 2547 527 2634 inseq.
554 2584 572 2596 -
600 2548 823 2616 Constitulum
848 2550 881 2612 in
905 2548 1000 2634 praxi
1023 2547 1148 2613 forensi
1173 2546 1289 2611 eccles.
1314 2552 1347 2610 et
1426 2579 1429 2588 ι

170 2673 297 2746 exinde,
321 2678 470 2738 anteacto
493 2674 691 2759 potissimum
707 2677 866 2758 tempore,
883 2675 917 2737 in
932 2673 1031 2738 curiis
1048 2691 1174 2755 quoqne
1190 2670 1346 2754 civilibus,

170 2797 253 2862 idem
279 2804 380 2865 sonat
407 2818 446 2863 ac
474 2817 623 2864 mannen
653 2819 710 2863 seu
736 2798 1042 2883 interropalorium
1072 2799 1225 2880 inquisiti.
1258 2797 1347 2863 Istud

170 2941 286 2987 nomen
305 2923 458 3002 derivari,
483 2921 603 3004 absque
627 2921 731 3002 dubio,
756 2921 926 2986 dicendum
951 2925 1000 2987 est
1022 2941 1042 2986 a
1065 2921 1166 2988 aerbo
1190 2923 1348 2986 examinis

168 3047 300 3117 initiali.
311 3048 427 3131 quippe
440 3049 591 3111 examina
602 3046 642 3111 ab
656 3047 808 3111 actuariis
821 3048 951 3131 scriptis
963 3047 1153 3132 consignata
1166 3049 1210 3112 ita
1222 3048 1346 3113 initium

169 3169 353 3236 sumebant:
380 3171 623 3238 «Constitutus
645 3171 689 3235 N.
713 3170 757 3235 N.
785 3171 1015 3254 personaliter
1046 3173 1079 3236 in
1108 3173 1164 3236 tali
1187 3173 1259 3238 loco
1282 3178 1345 3239 otc.

170 3294 218 3360 of.
233 3295 410 3380 Pellegrini
426 3297 487 3362 loc.
504 3295 558 3362 cit.
577 3295 661 3361 Secl.
676 3293 735 3368 IX,
750 3315 785 3360 n.
799 3295 857 3368 58,
874 3315 923 3380 sq.
939 3331 957 3343 -
976 3296 1132 3379 Equidem
1145 3298 1178 3361 in
1192 3299 1245 3364 cit.
1266 3298 1345 3364 Cod.

172 3417 283 3504 Grep..
308 3420 355 3484 lit.
373 3418 419 3491 ll,
444 3418 497 3484 lib.
525 3419 559 3492 V,
584 3421 630 3484 ita
652 3418 857 3485 inscribitur:
878 3440 895 3482 «
913 3419 1065 3505 Repulae
1089 3439 1285 3488 communes
1305 3421 1347 3486 de

169 3561 384 3610 oonsrrrnrrs
406 3544 682 3628 inquisitorum»
710 3544 758 3609 of.
783 3545 937 3616 (terrare,
962 3564 1017 3628 op.
1042 3547 1094 3612 cit.
1112 3547 1134 3628 S
1151 3545 1232 3611 893.

185 3690 189 3696 ·
258 3667 333 3732 204.
357 3669 500 3751 Denique
517 3667 709 3753 explicanda
731 3674 807 3733 sunt
830 3667 933 3732 verba
956 3669 1009 3734 cit.
1034 3674 1098 3734 art.
1116 3668 1207 3735 352:
1226 3687 1244 3732 c
1264 3669 1345 3736 Con

169 3794 297 3860 testatio
319 3794 474 3860 omnium
497 3795 698 3862 delictorum
721 3793 796 3878 fieri
816 3798 927 3876 potest
948 3813 1017 3859 uno
1043 3799 1121 3858 actu
1138 3815 1167 3858 s.
1184 3793 1346 3861 Videlicet

168 3915 322 3981 absolutis
347 3917 619 4003 interrogatoriis,
645 3919 713 3982 sive
737 3923 856 4004 agatur
879 3916 919 3981 de
942 3937 1016 3990 uno,
1046 3919 1114 3981 sive
1138 3916 1177 3981 de
1202 3916 1345 4000 pluribus

168 4040 301 4114 delictis,
318 4043 471 4127 optimum
495 4048 545 4108 est
568 4048 604 4108 ut
626 4044 735 4107 omnia
749 4047 951 4107 summentur
974 4043 1008 4105 in
1032 4061 1130 4106 unum
1154 4046 1262 4105 actum
1285 4062 1341 4106 seu

168 4167 200 4230 in
215 4185 314 4231 unum
330 4165 474 4232 libellum
490 4168 731 4233 accusationum
747 4168 862 4251 capita,
880 4186 962 4251 quae
979 4166 1129 4249 inquisito
1145 4171 1345 4232 contestatur

167 4298 338 4358 accusator
361 4305 506 4376 quaeque
529 4294 588 4358 sibi
611 4294 734 4359 invicte
756 4293 896 4379 probare
920 4294 1081 4378 proponit.

257 4415 349 4478 Varii
366 4415 512 4493 articuli,
530 4417 643 4500 quibus
659 4421 787 4482 constat
810 4418 870 4482 iste
891 4419 982 4481 actus
999 4435 1057 4481 seu
1072 4415 1200 4481 libellus
1217 4435 1345 4482 accusa-

242 4555 302 4611 sac.
323 4556 409 4626 nepa,
431 4556 490 4610 nin.
511 4557 543 4622 11,
563 4558 620 4610 vor.
640 4557 685 4610 ru.
1244 4557 1274 4609 rs
