3350 5100
317 301 382 366 498
644 265 659 299 ⁷
826 321 910 367 enas
935 322 985 366 111.

317 450 475 527 quatenus
504 443 693 528 coniugibus
720 449 927 511 contestatur
957 445 1207 512 accusationem
1236 451 1268 510 et
1294 444 1499 530 probationes

316 567 447 633 adducit
461 587 544 651 quae
568 567 747 635 nullitatem
771 571 966 634 matrimonii
983 573 1039 634 ant
1055 570 1198 634 valorem
1223 559 1377 636 evincere
1391 571 1499 635 viden-

316 698 378 757 tur.
412 693 510 756 lustr,
543 694 675 764 Ausim,
703 692 825 774 5141,
859 713 928 756 rem
961 695 1006 757 ita
1036 692 1183 777 expedit:
1210 713 1228 754 s
1254 693 1498 758 Commissarius

315 815 356 882 ad
380 816 606 901 inquirendum
630 818 819 902 deputatus,
844 823 1015 900 antequam
1040 815 1081 882 ad
1104 817 1310 902 probationes
1333 820 1364 882 in
1393 819 1498 884 lorma

315 942 396 1006 iuris
412 943 625 1008 instituendas
639 943 709 1025 (seu
721 943 758 1006 in
770 941 888 1025 forma
904 942 1130 1008 comisationis
1146 943 1183 1006 in
1197 961 1359 1023 processa
1375 943 1496 1026 meato)

314 1065 521 1151 procedatur,
541 1066 642 1133 adniti
665 1065 761 1132 debet
783 1071 818 1130 ut
842 1067 982 1130 omnium
1007 1067 1336 1146 circumstantiarum,
1353 1087 1436 1151 quae
1456 1066 1497 1132 ad

313 1196 511 1260 matrimonii
535 1195 691 1272 valorem,
708 1193 760 1258 vel
778 1193 957 1258 nullitatem
981 1197 1077 1258 extra
1100 1192 1229 1258 dubium
1253 1193 1435 1278 ponendum
1452 1195 1496 1260 fa·

314 1338 391 1383 cere
414 1321 546 1404 possint,
571 1323 758 1383 accuratam
781 1317 930 1400 acquirat
953 1319 1106 1382 notitiam.
1133 1319 1230 1382 Hunc
1254 1319 1287 1382 in
1311 1317 1417 1388 finem,
1436 1339 1495 1403 pro

314 1443 497 1508 conditione
520 1463 615 1508 casus
630 1449 662 1506 et
682 1461 905 1526 personarum,
923 1443 1127 1508 necessariae
1151 1445 1434 1527 percunctationes
1450 1444 1496 1508 fa·

313 1568 464 1643 ciendae3
481 1576 594 1654 postea
610 1569 772 1652 coniuges,
791 1587 950 1651 personae
966 1569 1205 1633 matrimonium
1224 1575 1425 1649 accusantes,
1442 1569 1494 1633 vel

313 1712 395 1776 quae
422 1694 683 1777 impedimentum
711 1691 945 1758 denuntiarunt
971 1695 1013 1764 et,
1042 1693 1074 1756 in
1103 1699 1255 1776 quantum
1284 1691 1356 1758 lieri
1380 1698 1493 1777 potest,

313 1819 409 1883 etiam
432 1821 541 1887 testes,
559 1818 612 1899 qui
633 1837 692 1901 pro
715 1818 920 1884 matrimonio
939 1821 996 1882 ant
1019 1823 1134 1883 contra
1157 1816 1237 1881 illud
1260 1816 1493 1902 producuntur,

312 1939 493 2022 defensore
515 1940 727 2006 matrimonii
748 1945 940 2022 praesente,
966 1941 1097 2024 praevie
1125 1939 1348 2026 interrogandi
1365 1947 1446 2007 'sunt
1461 1959 1492 2006 a.

312 2064 370 2144 Ea,
383 2082 466 2147 quae
482 2083 527 2127 ex
541 2063 604 2127 hac
617 2064 822 2146 inquisitione
839 2059 1011 2146 profluunt,
1027 2061 1257 2130 submittuntur
1269 2062 1493 2130 deliberationi

312 2186 426 2252 iudicis
442 2187 619 2259 Ordinarii‚
633 2188 724 2252 cuius
736 2192 786 2251 est
796 2185 977 2252 decernere
993 2207 1035 2252 an
1054 2189 1188 2253 ulterius
1204 2189 1362 2272 explicari
1379 2187 1493 2254 debeat

311 2314 445 2398 praevia
456 2313 629 2396 inquisitio,
638 2312 691 2377 vel
704 2313 807 2397 potius
819 2331 862 2376 an
873 2311 955 2376 haee
970 2312 1211 2377 intermittenda
1224 2315 1273 2384 sit.
1287 2332 1384 2396 quum
1397 2333 1491 2378 omne

272 2490 275 2496 .
310 2437 440 2504 deficiat
462 2437 705 2502 fundamentum
730 2437 962 2512 accusationis3
986 2439 1049 2509 vel,
1067 2441 1226 2517 econtra,
1247 2457 1289 2502 an
1312 2437 1491 2522 proceden-

310 2563 384 2627 dum
401 2565 444 2629 sit
457 2562 498 2627 ad
515 2561 684 2627 formalem
709 2562 985 2627 contestationem·
1007 2562 1229 2647 probationum
1255 2563 1413 2627 hac-tenus
1428 2564 1490 2627 col·

309 2687 467 2752 lectarum
492 2704 592 2769 usqne
614 2685 654 2749 ad
678 2686 870 2751 sententiam
893 2683 1098 2750 definitivam.

400 2810 476 2874 473.
503 2810 569 2872 Pro
592 2810 723 2892 speciali
748 2811 874 2874 ratione
898 2808 1092 2894 procedendi
1115 2810 1198 2874 varii
1214 2815 1248 2877 et
1262 2811 1379 2895 singuli
1395 2831 1488 2876 casus

309 2932 526 3019 distinguendi
549 2940 634 2997 sunt.
661 2932 692 3019 l)
717 2932 869 3007 Quaestio
893 2934 1015 2997 moveri
1040 2934 1199 3019 contingit
1222 2932 1261 2997 de
1284 2935 1489 2999 matrimonio

308 3058 469 3128 ineundo,
487 3057 562 3139 qnia
581 3056 675 3122 actis
698 3056 1004 3141 proclamationibus
1021 3077 1079 3121 seu
1103 3056 1234 3136 banna,
1255 3056 1371 3140 aliquis
1386 3054 1489 3121 fidelis

308 3150 392 3247 sistit
407 3201 517 3244 coram
535 3180 677 3262 parocho
693 3185 749 3244 aut
765 3182 925 3266 Episcopo
940 3180 1193 3245 denuntiaturus
1209 3180 1338 3263 aliquod
1353 3180 1487 3266 impedi-

307 3311 452 3369 mentum
469 3304 643 3377 dirimens,
660 3310 786 3389 utputa
800 3305 963 3387 publicae
986 3305 1176 3376 honestatis,
1194 3305 1356 3371 criminis.
1382 3306 1488 3369 Antea

307 3427 347 3491 ab
371 3447 411 3493 eo
426 3428 610 3510 exquiritur
632 3446 674 3490 an
698 3427 844 3491 intendat
867 3398 935 3512 ipse
957 3446 1130 3500 accusare,
1146 3427 1199 3492 vel
1219 3432 1344 3493 tantum
1360 3427 1487 3492 denam

307 3550 408 3615 ciart.
435 3548 498 3615 Sed
521 3551 554 3613 in
577 3555 714 3634 utroque
737 3570 828 3622 casu,
855 3552 915 3615 nisi
940 3550 1179 3617 evidentissima
1210 3550 1258 3613 sit
1273 3550 1408 3623 veritas,
1433 3548 1487 3613 vel

306 3675 431 3741 falsitas
462 3678 694 3749 accusationis,
718 3678 809 3739 ouria
839 3678 1004 3758 inquirere
1035 3676 1148 3760 incipit
1170 3694 1215 3740 ea
1237 3674 1345 3759 officio
1376 3675 1410 3738 in
1438 3675 1486 3738 rei

305 3803 487 3875 veritatem,
504 3800 589 3865 unde
610 3801 860 3867 comisationem
877 3803 930 3865 vel
946 3800 1245 3865 denunciationem
1261 3800 1413 3883 excipere
1429 3818 1485 3863 va-

303 3925 372 3990 leat
388 3926 441 3989 vel
458 3926 631 4010 repellere.
650 3925 741 3989 Haec
758 3926 919 4008 inquisitio
938 3942 1005 4006 pro
1021 3922 1265 4005 informatione
1282 3921 1398 3988 cariae
1413 3920 1485 3988 fieri

272 4059 276 4068 '
305 4048 400 4112 debet
423 4050 514 4113 iuxta
530 4048 749 4112 intractiones
765 4046 867 4112 editas
890 4066 910 4110 a
933 4046 963 4112 S.
982 4048 1102 4131 Congr.
1121 4046 1151 4111 S.
1170 4042 1276 4111 Officii
1296 4064 1356 4129 pro
1371 4044 1483 4110 decer·

304 4172 413 4236 nenda
435 4171 588 4237 libertate
609 4168 735 4236 Statue.
760 4170 808 4236 cf.
833 4170 985 4257 Allegata
1010 4170 1040 4231 V
1065 4175 1098 4237 et
1122 4171 1179 4234 Vl.
1206 4170 1314 4244 Quare
1337 4170 1483 4235 deveniri

304 4316 370 4359 non
386 4295 481 4359 debet
502 4294 543 4358 ad
563 4297 798 4359 contentiosam
822 4297 941 4381 negotii
964 4298 1201 4371 tractationem,
1219 4297 1280 4360 nisi
1301 4295 1419 4360 sactum
1443 4298 1484 4361 sit

304 4420 564 4504 experimentum
580 4417 751 4482 inducendi
767 4420 1001 4503 nupturientes,
1015 4418 1055 4483 de
1071 4419 1208 4483 veritate
1224 4418 1363 4490 edoctos,
1380 4424 1415 4484 ut
1430 4420 1482 4483 vel
