3350 5100
330 202 397 269 584
786 220 993 269 mascaron
1018 221 1054 269 11.

331 338 434 392 eisdem
454 338 646 408 praesentibus
666 354 715 408 pro
734 339 881 408 expressis,
901 347 930 393 et
949 340 1063 393 insertis
1082 339 1229 405 habentes,
1247 338 1306 391 illia
1322 335 1396 391 alias
1414 338 1443 391 in
1464 354 1525 393 auo

330 445 430 499 robore
449 445 647 513 permansuris,
660 445 695 498 ad
707 446 923 515 praemissorum
936 445 1066 500 effectum
1081 445 1134 499 hac
1148 446 1209 500 vice
1220 445 1367 499 dumtaxat
1382 458 1522 513 expressa

330 551 505 620 derogamus,
524 550 699 623 caeterisque
718 552 868 606 contrariis
886 553 1117 623 quibuscumque,

403 658 539 713 Volumus
548 663 652 725 autem,
664 664 694 714 ut
707 666 869 729 praesentes
879 660 993 715 litterae
1006 660 1034 712 in
1047 658 1137 713 valvis
1150 660 1294 715 Ecclesiae
1307 659 1516 721 Lateransnais,

330 768 359 819 at
378 764 516 834 Principis
536 766 743 835 Apostolorum.
761 782 813 821 uec
832 783 887 821 nou
913 766 1107 822 Cancellariae
1131 766 1319 837 spostolicae,
1338 784 1372 820 ac
1397 768 1427 821 in
1449 766 1519 819 acie

330 871 427 941 Campi
446 872 546 928 Florae
564 872 598 929 de
620 872 704 939 Urbe,
717 879 749 928 ut
767 874 852 927 moris
865 878 909 929 est
921 874 1101 943 publicentur
1113 879 1142 928 et
1154 874 1305 943 affigantur
1316 874 1411 945 sicque
1421 872 1516 942 publi·

331 982 420 1042 eatae,
438 980 468 1032 et
485 976 585 1032 affixae
603 993 708 1043 omnes,
720 982 749 1034 et
761 977 898 1047 singulos,
910 994 981 1049 quos
993 978 1060 1032 illae
1073 983 1254 1044 concernunt,
1267 976 1380 1047 perinde
1393 978 1516 1037 arctent,

331 1090 360 1140 et
379 1084 511 1151 afficiant,
529 1102 562 1139 ac
580 1084 603 1137 si
624 1086 773 1157 unicuique
792 1102 888 1140 eorum
908 1088 1088 1153 nominatim,
1106 1092 1135 1141 et
1154 1085 1341 1155 perennaliter
1364 1084 1516 1139 intimatae

330 1190 465 1256 fuissent3
483 1191 612 1263 quodque
631 1193 797 1247 earumdem·
811 1193 998 1261 praesentium
1020 1194 1202 1263 transumptis
1213 1209 1263 1248 seu
1276 1191 1412 1261 exemplis
1422 1190 1513 1245 etiam

331 1298 472 1369 impressis
490 1316 573 1353 manu
593 1300 713 1355 alicuius
732 1298 841 1354 Notarii
862 1300 965 1370 publici
985 1302 1150 1371 subscriptis
1167 1306 1197 1356 et
1209 1300 1305 1370 sigillo
1317 1300 1437 1354 alicuius
1449 1315 1516 1369 pen

330 1423 415 1462 sonae
434 1407 620 1477 indignitate
638 1406 831 1463 ecclesiastica
853 1408 1025 1464 constitutae
1043 1410 1167 1475 munitis,
1185 1408 1282 1465 eadem
1307 1424 1418 1477 prorsus
1441 1406 1516 1461 fides

330 1514 435 1569 tamin
455 1514 566 1581 iudicio,
585 1532 668 1586 quam
687 1521 769 1571 extra
788 1514 857 1571 illud
877 1516 981 1587 ubique
1000 1516 1175 1581 adhibeatur,
1192 1532 1266 1588 quae
1287 1516 1354 1585 ipsis
1378 1530 1515 1584 praesan-

330 1620 406 1675 tibus
425 1618 614 1687 adhiberetur,
633 1622 767 1677 silerent
786 1620 937 1681 exhibitae.
956 1622 1001 1676 vel
1020 1627 1157 1677 ostensae.

403 1726 520 1795 axvn.
546 1726 624 1781 Nulli
650 1742 718 1797 ergo
742 1728 857 1781 omniuo
882 1726 1027 1781 homiuum
1051 1728 1137 1783 liceat
1161 1727 1233 1781 hanc
1259 1728 1391 1797 paginam
1415 1727 1513 1781 Nostri

331 1836 446 1899 decreti,
464 1836 575 1903 statuti,
595 1835 820 1899 constitutionis,
841 1834 1054 1905 prohibitionis,
1078 1836 1279 1902 revocationis,
1298 1834 1515 1899 annullationis,

329 1943 537 2007 declarationis,
556 1943 689 2007 mandati,
708 1959 741 1997 ac
759 1941 913 1997 voluntatis
927 1944 1089 2012 infringere,
1101 1944 1148 1998 vel
1161 1944 1187 1999 ei
1201 1960 1269 1997 ausu
1282 1942 1432 1997 temerario
1443 1957 1515 1995 con-

330 2050 425 2105 traire.
445 2048 472 2103 Si
492 2050 555 2120 qnia
573 2054 667 2104 autem
687 2049 739 2104 hoo
758 2052 901 2105 attentare
926 2051 1152 2119 praesumpserit,
1171 2050 1393 2119 indignationem
1411 2048 1513 2102 Omni-

332 2156 454 2224 potentis
474 2154 533 2219 Dei,
554 2172 587 2209 ac
606 2155 659 2209 BB.
679 2154 756 2211 Petri
774 2161 803 2211 et
829 2156 911 2210 Pauli
932 2156 1129 2226 Apostolorum
1153 2157 1216 2211 eius
1236 2173 1267 2211 sa
1285 2154 1395 2211 novant
1418 2155 1515 2207 incun-

331 2277 434 2314 surum.

403 2366 503 2421 Datum
524 2367 628 2422 Minae
647 2367 718 2437 apud
738 2368 764 2421 S.
777 2367 898 2421 Mariam
910 2368 1047 2422 Maiorem
1061 2370 1146 2423 tertio
1159 2384 1246 2422 nonas
1258 2367 1423 2422 Novembris
1435 2382 1513 2419 anuo

329 2474 533 2528 lucarnatiouis
553 2473 713 2529 Dominicae
732 2474 883 2529 millesimo
905 2476 1154 2544 septingentesimo
1179 2458 1395 2545 quadragesimo
1419 2473 1512 2542 primo

330 2581 514 2636 Pontificatus
534 2581 627 2636 Nostri
647 2598 720 2636 anno
738 2583 866 2637 secundo.
