3350 5100
613 291 719 337 innsx
742 290 946 350 sruosuions
1302 274 1369 341 719

292 430 342 482 per
360 412 549 481 apparitorem
573 422 623 466 sut
652 414 785 468 nuncium
812 414 867 467 nisi
890 414 971 467 index
997 418 1093 467 ututur
1110 414 1243 477 facultate

293 536 426 575 concessa
443 521 479 573 ab
497 521 578 574 lustr,
597 520 624 574 S.
644 520 674 573 C.
694 520 749 575 ΕΒ.
767 528 797 575 st
822 520 879 574 RR.
899 519 980 573 dandi
999 518 1050 573 has
1069 518 1178 573 litteras
1195 537 1250 589 per¹

292 626 414 681 officium
433 626 645 681 tabellariorum
658 666 931 681 .......
953 662 974 679 ι.
1012 666 1019 681 .
1057 666 1063 679 .
1102 667 1113 697 ,1
1146 666 1153 679 .
1191 646 1294 697 ‚pop
1313 628 1367 693 623

331 732 464 787 Formula
482 734 585 786 citandi
604 719 772 800 testes'iam
792 734 880 787 citato
898 739 928 787 et
946 733 1098 787 constituto
1117 748 1197 787 reo.
1235 772 1242 785 .
1280 734 1367 789 »624

330 840 463 893 Formnla
481 840 634 905 citationis,
645 856 718 910 quaa
729 841 834 910 triplici
854 840 1003 895 monitorio
1022 839 1198 910 aequivaleat
1209 840 1243 893 ad

293 948 426 1001 effectum
445 952 547 1000 testam
566 947 698 1015 puniendi
719 951 749 999 ut
768 952 968 1009 contumacem,
983 944 1005 998 si
1021 960 1182 1014 comparare
1200 963 1241 999 re·

291 1066 370 1108 cusat
383 1090 1238 1107 ....................
1277 1068 1294 1109 >t
1328 1056 1364 1107 ib.

328 1160 462 1214 Formula
486 1160 647 1215 litterarum
670 1161 898 1215 remissorialium
918 1176 968 1229 pro
991 1159 1117 1215 habenda
1136 1161 1242 1229 deposi·
1370 1138 1373 1144 ¹

295 1265 371 1319 tione
389 1266 471 1318 testis
489 1265 518 1319 in
537 1265 630 1319 aliena
650 1265 771 1319 dioecesi
790 1267 987 1321 commorantis
988 1304 1241 1319 .......
1278 1279 1297 1321 >i
1329 1268 1366 1319 ib.

329 1372 465 1426 Formula
484 1372 603 1427 tenenda
622 1390 639 1425 a
657 1372 748 1427 iudice
766 1372 799 1425 ad
817 1390 899 1443 quem
925 1375 1025 1427 missas
1046 1381 1111 1426 sunt
1129 1372 1241 1427 litterae

293 1479 502 1545 remissoriales,
521 1486 553 1533 ut
571 1485 672 1533 testem
690 1480 831 1533 examinet
832 1514 1239 1533 ..........
1276 1496 1293 1534 a
1311 1480 1365 1533 6¹25

331 1586 464 1639 Formnla
481 1587 649 1640 sententiam
667 1586 773 1639 terendi
793 1592 892 1640 contra
909 1593 1101 1641 contumacem
1119 1592 1239 1639 testem.
1277 1588 1365 1641 »626

328 1698 430 1752 Forma
449 1696 668 1765 recognoscendi
687 1703 717 1750 st
735 1696 913 1765 comparandi
932 1698 1105 1765 scripturas.
1144 1734 1151 1749 .
1188 1736 1196 1749 .
1233 1734 1240 1749 .
1277 1700 1294 1752 a
1327 1698 1363 1749 ib.

331 1807 432 1860 Forma
451 1805 660 1875 compositionis
679 1803 862 1872 postulandae
880 1809 908 1856 et
926 1803 1117 1857 concedendae
1144 1841 1153 1856 .
1189 1842 1195 1855 .
1234 1842 1240 1855 .
1277 1802 1365 1859 »628

238 1932 246 1946 ·
332 1910 464 1967 Formnla
482 1912 587 1965 decreti
606 1909 815 1977 compositionis
833 1947 1244 1971 ...........
1276 1926 1291 1961 a
1327 1909 1362 1962 ib.

330 2014 432 2070 Forma
449 2013 636 2069 constituendi
655 2028 732 2066 raum
744 2050 1237 2065 ............
1275 2030 1292 2065 »
1326 2013 1364 2065 ib.

328 2123 430 2176 Forma
448 2120 553 2174 citandi
572 2120 621 2186 rei,
640 2120 750 2185 quando
769 2118 929 2188 proceditur
946 2120 1132 2173 accusationis
1150 2120 1203 2171 via.
1232 2160 1238 2171 .
1276 2118 1364 2175 »629

322 2232 430 2285 ⁴Forma
449 2229 558 2316 'citandi
582 2244 659 2282 reum
678 2227 789 2297 quando
814 2226 971 2295 proceditur
990 2243 1024 2281 ex
1045 2243 1122 2281 mero
1139 2226 1238 2291 officio,

289 2357 338 2393 seu
352 2337 542 2407 inquisitionis
554 2335 685 2404 specialis
696 2336 751 2399 via,
763 2335 799 2387 ob
813 2334 952 2403 publicam
962 2334 996 2386 da
1006 2333 1116 2387 delictis
1128 2334 1239 2388 lamam.
1275 2350 1292 2391 a
1326 2336 1362 2389 ib.

325 2446 426 2499 Forma
452 2444 556 2498 citandi
583 2460 661 2497 reum
683 2442 711 2494 in
734 2441 965 2495 aliena‘dioecssi
990 2442 1170 2507 existentem,
1189 2460 1238 2511 per

291 2551 491 2607 remissoriales
509 2550 620 2604 litteras
639 2550 679 2601 ita
697 2547 731 2600 ad
750 2554 814 2600 acta
833 2546 938 2601 relatas
965 2586 1237 2603 .......
1273 2566 1291 2607 a
1323 2552 1362 2605 ib.

324 2659 425 2710 Forma
444 2654 564 2710 tenenda
582 2655 707 2708 sindica
725 2653 836 2707 alienae
854 2655 995 2720 dioecesis,
1013 2655 1040 2708 in
1059 2655 1236 2725 exequendis,

289 2783 359 2837 quas
377 2763 494 2832 accepit,
513 2761 754 2815 remissorialibus
785 2800 1235 2816 ...........
1274 2782 1289 2817 a
1307 2765 1360 2818 630

329 2871 431 2924 Forma
449 2867 606 2924 declarandi
626 2866 831 2920 contumaciam
851 2867 890 2920 rei
916 2903 1235 2922 ........
1273 2888 1289 2923 a
1307 2869 1356 2926 631

324 2979 425 3031 Forma
445 2975 551 3029 citandi
571 2991 648 3028 raum
674 2981 865 3026 contumacem
886 2972 919 3026 sd
938 2973 1100 3028 audendum
1126 2981 1236 3028 senten·
1271 2994 1288 3028 a

288 3086 358 3139 tiam
378 3083 554 3138 definitivam
563 3120 791 3133 ......
827 3120 834 3140 ,.
873 3118 1234 3134 .........
1271 3099 1288 3138 a
1321 3084 1358 3138 ib.

326 3188 458 3243 For-mula
476 3157 634 3241 sententiae
649 3186 809 3239 definitivae
828 3190 926 3238 contre
945 3201 1021 3238 reum
1035 3163 1236 3242 contumacem.
1272 3201 1290 3245 a
1307 3188 1360 3242 632

326 3297 427 3349 Forma
446 3293 620 3348 examinandi
642 3293 680 3346 rei
695 3329 1232 3344 ..............
1270 3309 1287 3348 a
1320 3294 1356 3347 ib.

324 3401 426 3456 Forma
443 3407 538 3454 autem
558 3399 745 3453 reassumendi
764 3399 950 3467 interruptum
970 3413 1087 3452 examen
1106 3399 1145 3451 rei
1165 3397 1234 3452 haec

287 3525 347 3564 esse
370 3508 473 3577 poterit
474 3542 1232 3560 ..................
1269 3523 1286 3558 a
1304 3505 1357 3559 634

324 3615 426 3668 Forma
445 3613 604 3683 publicandi
625 3627 768 3681 processus
787 3611 912 3664 offensivi
916 3649 1230 3664 ........
1268 3630 1284 3665 a
1320 3613 1356 3667 ib.

326 3722 427 3775 Forma
446 3721 556 3790 petendi
574 3720 798 3789 prorogationem
817 3717 928 3770 termini
948 3718 1104 3782 defensorii,
1116 3735 1233 3788 sanique

287 3828 454 3882 concedendi
475 3827 520 3881 vel
539 3826 693 3896 denegandi
707 3841 824 3878 necnon
839 3843 856 3876 a
868 3824 1052 3892 denegatione
1064 3823 1234 3893 appellandi.
1271 3839 1288 3880 >t
1305 3826 1358 3880 635

325 3935 425 3988 Forma
444 3935 581 3989 scribendi
600 3933 834 4002 interrogator-ios
852 3931 986 3984 articulos
1004 3969 1231 3984 ......
1268 3947 1286 3988 a
1303 3931 1356 3986 636

323 4041 425 4094 Forma
442 4042 599 4110 corrigendi
619 4040 844 4108 interrogatoria.
870 4079 876 4092 .
915 4077 923 4093 .
960 4075 968 4110 ·.
1005 4077 1232 4092 ......
1270 4056 1285 4091 a
1319 4039 1355 4094 ib.

323 4146 424 4200 Forma
442 4146 546 4200 citandi
566 4163 643 4200 reum
663 4148 696 4198 ad
715 4147 883 4199 sententiam
902 4146 1100 4199 definitivam.
1137 4183 1143 4194 .
1181 4183 1188 4196 .
1225 4183 1232 4196 .
1268 4145 1355 4200 »637

324 4251 456 4306 Formula
474 4253 630 4306 sententiae
648 4249 825 4322 definitivae!
836 4251 926 4322 quoad
944 4257 1232 4320 samps1·tem,quae

285 4358 417 4423 omnibus
435 4359 615 4428 generalibus
633 4359 949 4413 sententiisdeflnitivis
967 4359 1188 4412 communisset.
1226 4399 1233 4412 .
1271 4375 1286 4410 a
1319 4359 1355 4411 ib.
