3350 5100
354 289 421 359 608
804 308 1013 357 mneosruu
1035 307 1084 356 nv.

354 430 416 487 eius
433 427 603 499 dispensatio
622 428 827 497 intercesserit,
853 430 1016 485 consulendi
1035 432 1119 484 erunt
1137 426 1204 482 libri
1222 427 1473 491 matrimoniorum,
1490 426 1532 480 vel

355 536 441 591 etiem
459 538 571 605 regesta
589 534 694 601 eurise,
712 535 742 589 in
760 537 862 608 quihus
881 536 951 593 hese
968 540 1102 591 aeourate
1119 540 1204 590 erunt
1233 550 1345 603 semper
1361 532 1535 588 mensanda.

354 640 474 705 Quodsi
492 640 643 697 seeundum
661 642 873 698 matrimonium
891 647 1068 698 eontraetum
1088 642 1175 697 fuerit
1199 641 1286 696 etium
1310 641 1341 696 in
1362 638 1533 707 infidelitate,

354 749 584 820 praesumendum
610 750 722 821 quidem
740 748 796 805 erit
813 749 888 821 quod
911 753 1219 821 antequamperaona,
1243 748 1277 803 de
1295 764 1353 820 qua
1374 748 1480 817 agitur,
1503 746 1535 800 ad

355 856 523 926 baptismum
542 855 746 923 admitteretur,
766 860 879 911 servata
901 856 1007 911 fuerint
1024 856 1128 921 omnia,
1141 872 1214 927 quae
1231 874 1266 909 ss
1280 853 1408 911 Canones
1425 853 1536 924 probis

354 960 466 1015 ossibus
474 964 618 1026 statuuut3
627 958 675 1015 sed
684 960 707 1013 si
720 959 859 1021 institutis
867 958 1032 1030 opportunis
1042 959 1316 1029 investigationibus,
1323 958 1412 1013 adhue
1422 957 1537 1013 dubium

353 1063 439 1130 subit,
456 1062 491 1117 ed
510 1062 536 1116 S.
556 1062 655 1119 Sedem
674 1064 729 1119 erit
747 1064 952 1119 recurrendum.

810 1312 1024 1367 ARTICULUS
1049 1312 1082 1367 V.

703 1507 740 1546 DE
760 1506 963 1546 lupnnlunrt'ro
982 1506 1189 1545 rumunnense.

444 1704 457 1770 l
475 1703 518 1758 46.
538 1702 581 1757 Ad
599 1702 820 1773 impugnandum
838 1702 985 1771 ex·oapite
1003 1702 1188 1773 impotentiae
1205 1702 1416 1757 matrimonium
1434 1703 1540 1757 solum·

354 1808 436 1863 modo
453 1809 588 1878 coniuges
606 1808 802 1875 admittuntur,
819 1807 887 1879 quie
905 1807 973 1877 ipsis
993 1808 1166 1863 solummodo
1189 1808 1243 1863 hoo
1266 1809 1373 1863 factum
1391 1808 1540 1879 cognitum

355 1932 415 1972 esse
428 1919 529 1985 potest,
542 1915 635 1985 stipsi
654 1915 848 1969 tantummodo
865 1916 900 1971 de
918 1914 972 1969 heo
990 1931 1021 1969 re
1038 1915 1155 1970 solliciti
1173 1932 1234 1970 esse
1253 1915 1362 1971 debent
1383 1914 1424 1971 Ut
1443 1920 1540 1969 autem

354 2020 522 2090 impotentia
540 2020 747 2074 matrimonium
767 2002 941 2075 contreetuui
959 2021 1063 2087 irritet,
1082 2036 1195 2076 neeesse
1213 2026 1257 2076 est
1275 2025 1308 2074 ut
1319 2021 1357 2075 sit
1368 2020 1541 2076 antecedens

355 2130 441 2199 etque
458 2131 606 2196 perpetue,
629 2143 702 2197 quse
720 2126 829 2183 seilicet
848 2125 1024 2182 naturalibus
1042 2131 1127 2198 atque
1147 2126 1233 2182 licitis
1251 2126 1381 2182 remediis
1399 2126 1466 2182 tolli
1484 2142 1541 2181 non

305 2262 308 2270 ·
355 2234 455 2307 possit
472 2232 530 2287 lete
548 2232 714 2301 impotentia
726 2232 750 2287 si
761 2232 848 2287 fuerit
860 2232 998 2298 absolute,
1010 2249 1060 2287 seu
1072 2231 1140 2286 talis
1158 2235 1189 2286 ut
1206 2233 1321 2287 omuino
1336 2231 1540 2302 impossibilem

354 2340 453 2397 reddet
471 2337 646 2408 coniugalem
659 2339 797 2409 copulem,
809 2339 1016 2393 matrimonium
1029 2337 1136 2393 dirimit
1153 2353 1273 2410 semper,
1284 2345 1314 2394 et
1329 2355 1391 2393 eum
1410 2338 1542 2409 qualibet

355 2462 474 2517 persona
491 2449 681 2513 contractum
693 2445 717 2499 si
736 2462 802 2502 vero
820 2444 942 2500 relative
958 2449 1076 2511 tentum,
1088 2445 1298 2501 matrimonium
1317 2445 1423 2499 dirimit
1436 2445 1541 2499 solum·

355 2555 436 2610 modo
454 2571 516 2610 oum
536 2555 596 2622 ille,
607 2555 642 2608 ad
657 2571 741 2644 quam
760 2555 927 2624 impotentia
937 2556 999 2624 ipse
1010 2556 1139 2610 refertur.
1153 2554 1196 2608 lte
1207 2555 1297 2625 igitur
1309 2554 1337 2608 in
1350 2555 1444 2609 musis
1456 2552 1540 2607 huius

355 2662 467 2731 generis
478 2661 709 2730 investigationes
723 2666 807 2716 erunt
819 2661 989 2732 dirigendae,
999 2665 1032 2716 ut
1043 2660 1157 2716 tandem
1169 2661 1334 2737 devenietur
1345 2660 1381 2714 ed
1392 2659 1542 2714 edstruen·

356 2768 418 2822 dum
436 2759 481 2823 vel
500 2767 701 2823 excludendam
719 2773 855 2822 assertam
872 2767 1066 2837 impotentiam
1085 2766 1298 2822 anteoedentem
1317 2770 1347 2821 et
1364 2771 1541 2836 perpetuam,

356 2875 415 2930 sive
433 2875 600 2938 absolutam,
618 2873 676 2929 sive
695 2872 795 2928 saltem
814 2873 972 2930 relativam.

446 2981 525 3035 Hune
543 2981 572 3036 in
591 2983 675 3037 finem
694 2997 760 3050 prae
778 2978 869 3057 oeulis
886 2979 1014 3035 habenda
1031 2981 1087 3035 erit
1097 2980 1245 3036 instructio
1257 2995 1403 3050 supremae
1415 2978 1540 3049 Congre-

356 3089 479 3160 getionis
498 3088 524 3142 S.
545 3087 642 3143 Officii.

447 3197 460 3264 ἣ
479 3197 524 3250 47.
544 3195 621 3256 Οιιοά
639 3195 663 3249 si
681 3210 763 3249 cesus
781 3197 920 3260 occurrat,
938 3195 983 3248 oui
1002 3194 1031 3248 in
1050 3195 1235 3250 instructione
1252 3193 1306 3248 hee
1320 3193 1464 3264 provisum
1482 3207 1537 3247 non

356 3302 403 3370 sit,
421 3302 456 3356 ad
475 3302 543 3356 iuris
562 3303 717 3356 eommunis
735 3317 861 3356 normam
880 3305 1076 3371 pertractetur,
1095 3317 1128 3356 ae
1146 3301 1291 3356 deridetur
1308 3304 1428 3372 oportet
