3350 5100
493 306 538 353 ns
561 305 702 352 runicus
724 303 970 353 emnmnurnus
1257 284 1322 351 145

140 423 384 491 indemnitatem
400 433 432 492 et
450 428 541 494 luant
562 449 710 514 poenam,
729 429 919 495 incumbere
941 428 1001 495 sub
1023 428 1152 494 diverso
1172 434 1323 514 respectu

140 554 209 613 tum
233 549 359 616 civibus
380 555 525 639 singulis,
549 560 616 620 tum
639 556 815 621 universae
837 557 994 621 societati.

233 674 379 741 Societas
401 698 493 754 vern,
520 681 565 744 nti
588 700 729 764 persona
750 681 893 754 moralis,
918 700 982 744 non
1007 685 1110 766 potest
1136 699 1235 766 agere
1265 699 1322 744 sen

143 817 302 866 accusare
315 822 376 886 per
393 823 439 875 se,
456 803 514 868 sed
535 806 710 871 constituat
725 811 852 891 oportet
867 812 1088 872 accusatorem
1109 806 1163 889 qni
1185 805 1323 870 crimina

142 923 323 989 insectetur
346 929 476 993 nomine
491 934 524 994 et
538 931 730 995 anctoritate
753 931 853 1023 ipsius
875 931 1047 996 societatis.
1074 931 1220 994 Persona
1241 947 1322 992 vero

142 1051 353 1118 accusatoris.
367 1053 441 1134 quia
451 1030 636 1140 ariumque
647 1055 799 1121 damnum
814 1060 986 1140 promanat
1000 1075 1043 1120 ex
1058 1053 1170 1120 eodem
1186 1053 1323 1119 crimine

144 1177 177 1234 et
198 1172 377 1257 imputatur
399 1175 501 1242 eidem
525 1178 670 1244 criminis
684 1181 821 1252 auctori,
838 1185 952 1264 potest,
968 1181 1001 1250 in
1020 1176 1242 1265 persequendo
1259 1177 1323 1242 cri·

145 1296 243 1377 mine,
266 1317 388 1363 curare
410 1307 444 1365 et
465 1301 573 1366 damni
596 1305 713 1384 privati
738 1303 980 1370 indemnitatem
1004 1287 1043 1368 et
1060 1302 1179 1388 publici
1204 1298 1326 1365 ordinis

146 1425 427 1488 restaurationem.
455 1425 518 1491 Sed
540 1429 572 1492 in
597 1428 684 1493 civili
700 1430 855 1496 societate
870 1430 1016 1514 privatus
1032 1429 1112 1494 civis
1135 1444 1236 1512 agere
1259 1443 1325 1490 non
1402 1471 1405 1478 .

146 1551 251 1628 potest
274 1567 447 1631 personam
467 1551 596 1634 publici
619 1555 818 1618 accusatoris
832 1555 895 1619 nisi
919 1553 1080 1618 exsenia
1103 1557 1158 1617 aut
1173 1548 1325 1614 mandato

147 1671 247 1738 tacite
271 1675 322 1738 vel
347 1695 510 1758 expresso
535 1677 753 1764 Reipublicae,
778 1685 812 1746 et
833 1679 963 1764 planum
989 1683 1046 1742 est.

236 1797 348 1872 Quare
370 1798 495 1886 lingere
517 1823 686 1888 possumus
708 1803 829 1889 duplex
852 1811 994 1889 systema
1019 1800 1184 1875 iudiciale;
1208 1815 1325 1883 nempe

151 1926 204 1990 vel
226 1933 408 1993 ncmsctor
426 1928 584 2010 publicus
608 1937 655 1994 est
675 1930 834 2013 privatus
857 1931 938 1995 civis
953 1929 1005 2012 qui
1030 1927 1093 1992 hoc
1115 1929 1260 2012 praestat
1284 1943 1327 1988 ex

152 2053 243 2115 venia
266 2058 323 2116 aut
345 2053 496 2120 mandato
515 2053 732 2141 Reipublicae,
749 2055 801 2118 vel
824 2059 1003 2122 αοοιιςαιον
1025 2058 1075 2118 est
1092 2049 1325 2136 mapistratuu

152 2178 201 2258 qui
229 2176 361 2261 publica
383 2181 575 2244 auctoritate
597 2180 789 2248 constitutus
811 2179 949 2244 crimina
971 2177 1175 2262 persequitur
1197 2174 1327 2238 nomine

152 2301 378 2387 Reipublicae,
405 2303 446 2368 ad
469 2305 629 2389 publicam
654 2325 768 2391 nempe
791 2307 963 2371 criminum
990 2309 1046 2370 aut
1072 2301 1245 2366 vindictam
1272 2303 1329 2364 aut

152 2430 451 2513 reprehensionem,
476 2434 583 2516 pronti
608 2435 763 2517 exposcit,
788 2432 979 2517 respective,
1003 2430 1137 2494 intentio
1161 2427 1328 2512 potestatis

151 2557 318 2641 punitivae
345 2564 400 2622 aut
426 2558 530 2623 civilis
552 2566 608 2624 ant
631 2560 745 2625 eccles.
780 2594 797 2607 -
829 2559 957 2623 Verum
978 2555 1018 2621 ad
1042 2552 1195 2620 eiusmodi
1227 2554 1328 2635 magi·

152 2684 289 2745 stratum
325 2700 390 2744 non
424 2683 565 2766 pertinet
594 2702 694 2767 agere
724 2681 765 2745 de
788 2680 1005 2749 indemnitate,
1031 2698 1113 2761 quae
1135 2681 1259 2761 spectat
1287 2674 1327 2738 ad

154 2806 254 2869 civem
280 2807 410 2872 damno
432 2807 629 2874 immediato
652 2803 820 2877 offensum,
837 2805 893 2872 sed
918 2808 986 2890 ipse
1010 2805 1090 2868 civis
1112 2802 1219 2867 laesus
1234 2802 1328 2865 istam

155 2934 313 2995 actionem
340 2932 524 2995 instaurare
548 2930 651 3003 debet,
666 2933 784 3015 quippe
801 2930 932 2995 civilem
948 2934 981 2994 et
1002 2934 1079 2992 tuuc
1099 2925 1217 2991 dicitur
1231 2944 1330 3009 agere

157 3056 297 3120 civiliter
319 3054 361 3119 de
383 3058 530 3120 crimine.
556 3090 574 3104 ·
599 3057 697 3139 Atqui
721 3058 755 3119 in
771 3075 834 3119 uno
858 3060 891 3118 et
912 3052 1015 3117 altero
1031 3056 1206 3138 systemate
1222 3050 1330 3131 iudicii

158 3180 349 3248 criminalis,
360 3199 424 3243 non
440 3180 551 3245 eadem
575 3178 725 3244 methodo
742 3186 775 3243 et
791 3181 917 3245 ratione
940 3182 1169 3263 comparantur
1185 3180 1217 3239 et
1232 3174 1331 3260 expli·

159 3313 270 3370 cantur
293 3303 510 3391 probationes,
533 3306 637 3391 prouti
664 3305 757 3370 modo
780 3303 985 3369 disseremus.

238 4552 294 4605 Sua
315 4553 399 4621 Lepu.
419 4552 480 4607 Lib.
498 4553 531 4618 ll,
549 4552 604 4607 vol.
624 4552 668 4605 lv.
