3350 5100
319 314 363 378 74
602 381 609 390 ,
840 332 923 408 enas
948 332 970 379 1.

318 457 391 521 vari
405 456 523 528 solitas,
540 461 574 523 et
588 457 718 542 scriptis
733 457 858 543 legibus
876 455 1090 528 confirmatas.
1108 474 1150 520 ne
1166 451 1307 519 duellum
1330 453 1426 538 (quod
1446 459 1496 520 est

317 581 458 645 alienum
473 579 513 646 ab
530 583 599 666 ipsa
614 583 793 647 intentione
808 581 1035 661 duellantium)
1050 585 1190 645 exuatur
1207 580 1314 645 forma
1329 577 1496 645 nobilioris

317 687 488 771 equestris
506 690 731 754 contentionis.
760 690 830 754 Non
861 691 998 756 interest
1028 707 1069 752 an
1101 685 1158 760 fiat
1187 686 1334 754 omnibus
1361 687 1494 753 remotis

317 811 449 876 arbitris
471 833 528 878 seu
546 814 716 897 patriam
738 834 812 879 nam
827 813 1041 880 substantiali
1055 811 1172 894 formu
1196 810 1294 877 duelli
1310 817 1360 876 est
1375 820 1412 876 ut
1426 809 1491 894 liat,

316 937 350 1020 a)
367 937 563 1012 interdum,
580 939 640 1002 etsi
658 958 676 1001 ‹
692 938 910 1005 convenerint
932 943 969 1002 ut
988 957 1060 1004 nore
1076 935 1214 1023 singuli,
1230 935 1291 1002 sed
1307 934 1387 1008 bini,
1404 936 1492 1000 terrai

316 1067 376 1126 aut
392 1061 514 1144 piures
537 1062 616 1129 hinc
636 1063 717 1128 inde
735 1067 933 1148 pugnent»
959 1063 1003 1126 ita
1026 1061 1125 1127 Olem.
1151 1059 1236 1126 Vlll
1260 1059 1369 1126 Consi.
1394 1058 1492 1124 Illius

314 1186 403 1253 vices
417 1187 439 1269 5
453 1187 493 1261 5;
510 1205 626 1273 nempe
640 1206 723 1252 unus
736 1186 892 1252 adversus
907 1186 1056 1258 alterum,
1071 1187 1133 1252 etsi
1148 1204 1191 1251 ex
1208 1204 1270 1250 uno
1283 1191 1316 1252 et
1332 1184 1491 1250 exaltare

313 1311 417 1376 latere
433 1313 498 1377 sint
511 1311 585 1385 duo,
601 1317 679 1386 tres,
696 1312 747 1376 vel
767 1311 877 1397 plures
893 1312 1058 1397 singulare
1075 1316 1242 1377 certamen
1262 1311 1490 1380 instaurantes.

314 1436 366 1501 vel
386 1437 483 1502 etiam
506 1437 565 1502 etsi
587 1436 697 1523 plures
711 1437 893 1502 successive
909 1455 982 1500 cum
999 1435 1111 1500 eodem
1127 1439 1270 1510 certent;
1297 1434 1329 1520 b)
1349 1454 1392 1498 ex
1410 1451 1488 1500 core-

312 1561 412 1642 dimo,
425 1559 457 1624 id
469 1569 517 1626 est
528 1567 633 1632 antea,
646 1581 703 1626 seu
715 1560 822 1644 aliquo
832 1565 979 1646 tempore
990 1565 1066 1624 ante
1078 1560 1351 1646 congressionem,
1361 1556 1489 1622 indictis

311 1703 440 1769 pugnae
453 1683 536 1757 loco,
552 1689 698 1769 tempore
720 1690 754 1749 et
775 1685 885 1750 armis.
902 1683 1013 1760 Quare
1028 1685 1056 1748 si
1074 1684 1244 1767 extemplo
1261 1681 1323 1748 duo
1340 1683 1488 1747 rixantes

311 1811 506 1876 conveniant
517 1811 550 1875 in
562 1809 645 1875 haec
656 1811 772 1881 omnia,
783 1817 815 1875 et
826 1829 919 1874 arma
927 1815 1110 1890 conserant,
1120 1828 1184 1874 non
1197 1807 1348 1873 dicuntur
1356 1813 1488 1893 patrare

312 1933 452 2000 duellum
472 1935 617 2018 proprio
642 1954 754 2010 sensu,
771 1937 824 2001 cui
847 1935 1081 2001 inhaerendum
1096 1941 1154 2008 est,
1172 1955 1244 2000 cum
1260 1951 1436 2000 versemur
1451 1933 1488 2000 ire

310 2058 444 2125 odiosis.
472 2059 502 2142 c)
526 2061 669 2143 Denique
699 2059 840 2126 duellum
871 2061 1082 2128 committitur
1112 2059 1267 2126 letalibus
1289 2063 1323 2124 et
1340 2057 1487 2142 paribus

310 2184 420 2248 armis.
439 2185 508 2248 Non
523 2185 629 2251 refert
646 2205 726 2250 vero
740 2206 783 2252 an
798 2206 841 2252 er
857 2188 1071 2253 conventione
1094 2185 1309 2252 dimicandum
1329 2187 1371 2251 sit
1387 2205 1487 2270 usque

308 2307 350 2373 ad
369 2327 482 2375 necem
503 2309 693 2375 alterutrius
716 2307 762 2393 (et
784 2316 861 2375 tunc
877 2309 1018 2376 duellum
1035 2311 1152 2377 dicitur
1166 2310 1296 2397 fatale),
1314 2309 1366 2374 vel
1386 2329 1486 2394 usque

308 2435 349 2500 ad
364 2437 502 2520 primum
519 2440 689 2501 cruentum
700 2436 827 2502 vulnus.
843 2437 907 2504 -Si
924 2437 1006 2503 haec
1024 2458 1086 2502 non
1103 2444 1277 2504 serventur
1292 2436 1396 2521 quoad
1412 2437 1486 2504 mo·
1549 2456 1553 2462 ·

307 2560 478 2636 stantiam,
495 2566 644 2645 patratur
662 2561 714 2625 vel
730 2566 907 2628 attentatur
923 2560 1151 2635 homicidium.
1168 2560 1224 2626 sed
1241 2580 1306 2627 non
1321 2561 1483 2651 duellum.

396 2685 544 2751 Dnellum
562 2685 738 2769 publicum
768 2691 877 2772 potest
906 2706 976 2753 esse
1006 2687 1146 2760 licitum,
1170 2692 1329 2771 quatenus
1359 2688 1485 2771 regitur

306 2809 419 2876 eodem
441 2812 513 2875 iure
536 2828 598 2894 qun
621 2809 707 2875 bella
730 2809 916 2876 indicuntur
939 2814 972 2876 in
995 2811 1115 2877 hostes.

396 2934 543 2998 Duellum
562 2910 740 3017 priuatum
763 2954 891 3019 semper
914 2944 963 3001 est
986 2936 1142 3017 illicitum,
1159 2942 1192 3003 et
1211 2937 1355 3003 continet
1377 2936 1480 3001 homi·

306 3056 381 3124 cidii
410 3063 443 3123 et
469 3058 593 3123 suicidii
626 3065 769 3133 reatum;
795 3060 845 3124 vel
869 3061 993 3142 saltem,
1018 3060 1144 3145 quando
1166 3060 1309 3129 duellum
1340 3082 1406 3127 non
1433 3068 1483 3128 est

303 3180 420 3262 fatale,
437 3181 565 3265 culpam
580 3185 727 3251 continet
741 3185 851 3270 gravis
864 3184 961 3249 realis
977 3185 1116 3249 iniuriae
1128 3185 1186 3250 sibi
1204 3189 1236 3249 et
1250 3184 1346 3250 alteri
1362 3184 1480 3259 illatae,

304 3304 422 3370 etheo
444 3302 564 3370 sufficit
585 3315 620 3372 ut
642 3306 783 3373 duellum
806 3310 919 3394 poenis
943 3307 1059 3374 eccles.
1085 3310 1126 3375 sit
1148 3309 1332 3376 obnoxium.
1358 3310 1479 3375 Nihilo·

304 3431 408 3495 minus
422 3431 449 3494 si
465 3429 506 3494 ob
518 3431 676 3497 rationem
688 3432 859 3498 dimicandi
872 3452 966 3500 omne
981 3434 1117 3508 abesset,
1130 3436 1257 3503 morali
1268 3434 1479 3507 certitudine.

303 3554 482 3639 periculum
498 3557 609 3641 gravis
623 3556 784 3632 laesionis,
801 3558 912 3623 forsan
936 3564 1044 3625 reatus
1067 3578 1132 3624 non
1155 3578 1226 3623 eam
1250 3558 1387 3624 haberet
1409 3578 1480 3645 gra·

302 3678 443 3751 vitatem,
462 3683 497 3743 ut
516 3680 627 3763 poenis
638 3680 759 3745 eccles.
776 3679 940 3746 diceretur
959 3679 1127 3746 obnoxius.
1145 3680 1194 3749 Gt.
1212 3682 1376 3755 Palmieri,
1394 3682 1477 3747 Boll.

302 3802 357 3868 Tr.
381 3802 412 3878 6,
436 3804 459 3887 5
481 3805 515 3875 5,
542 3824 576 3869 n.
604 3806 677 3871 108.

390 3928 516 3995 Verum
540 3929 580 3995 de
602 3928 716 3995 duellis
731 3950 814 4014 quae
829 3934 1001 4015 patrantur
1014 3930 1055 3995 ab
1070 3930 1209 3997 alumnis
1225 3932 1477 4001 Universitatum

301 4052 507 4134 Germaniae,
531 4053 564 4119 S.
588 4054 686 4140 Gong.
703 4053 739 4121 C.
763 4056 796 4119 in
820 4055 1066 4121 Wratislavion.
1092 4056 1115 4120 9
1138 4056 1226 4142 Auo.
1251 4056 1343 4122 1890
1366 4055 1477 4129 edixit.

301 4173 375 4240 inda
405 4176 530 4242 incurri
562 4179 836 4263 irregularitatem
869 4197 914 4243 em
943 4178 1091 4261 infamio
1118 4180 1206 4246 iuris
1229 4180 1290 4265 (Gi.
1315 4181 1389 4247 Vol.
1414 4182 1476 4255 111,

299 4318 332 4363 n.
354 4298 421 4365 256
440 4303 535 4383 seq.);
559 4302 689 4367 atinde
711 4304 868 4386 sequitur,
885 4322 996 4369 omnes
1018 4304 1099 4371 alias
1121 4306 1246 4373 incurri
1270 4326 1405 4391 poenas.
1430 4311 1476 4375 uti

297 4421 448 4507 opinatur
470 4422 666 4498 Lehmkulrl‚
689 4427 717 4499 1.
742 4426 828 4491 852.
