<?xml version="1.0" encoding="UTF-8"?>
<!DOCTYPE html PUBLIC "-//W3C//DTD XHTML 1.0 Transitional//EN"
    "http://www.w3.org/TR/xhtml1/DTD/xhtml1-transitional.dtd">
<html xmlns="http://www.w3.org/1999/xhtml" xml:lang="en" lang="en">
 <head>
  <title>
</title>
<meta http-equiv="Content-Type" content="text/html;charset=utf-8" />
  <meta name='ocr-system' content='tesseract 3.04.00' />
  <meta name='ocr-capabilities' content='ocr_page ocr_carea ocr_par ocr_line ocrx_word'/>
</head>
<body>
  <div class='ocr_page' id='page_1' title='image "./praelectionesin00legagoog_0249.png"; bbox 0 0 3350 5100; ppageno 0'>
   <div class='ocr_carea' id='block_1_1' title="bbox 508 312 1333 379">
    <p class='ocr_par' dir='ltr' id='par_1_1' title="bbox 508 312 1333 379">
     <span class='ocr_line' id='line_1_1' title="bbox 508 312 1333 379; baseline 0.002 -3"><span class='ocrx_word' id='word_1_1' title='bbox 508 331 552 377; x_wconf 82' lang='lat' dir='ltr'><strong>nn</strong></span> <span class='ocrx_word' id='word_1_2' title='bbox 576 330 716 378; x_wconf 79' lang='lat' dir='ltr'><strong>runicus</strong></span> <span class='ocrx_word' id='word_1_3' title='bbox 740 329 984 379; x_wconf 75' lang='lat' dir='ltr'><strong>caruissemus</strong></span> <span class='ocrx_word' id='word_1_4' title='bbox 1267 312 1333 378; x_wconf 81' lang='lat'><strong>247</strong></span> 
     </span>
    </p>
   </div>
   <div class='ocr_carea' id='block_1_2' title="bbox 146 454 1441 3783">
    <p class='ocr_par' dir='ltr' id='par_1_2' title="bbox 148 454 1335 1659">
     <span class='ocr_line' id='line_1_2' title="bbox 148 454 1335 542; baseline 0.002 -24"><span class='ocrx_word' id='word_1_5' title='bbox 148 455 350 536; x_wconf 84' lang='lat' dir='ltr'><strong>poenalem,</strong></span> <span class='ocrx_word' id='word_1_6' title='bbox 375 475 439 539; x_wconf 85' lang='lat' dir='ltr'><strong>qua</strong></span> <span class='ocrx_word' id='word_1_7' title='bbox 461 455 501 521; x_wconf 89' lang='lat' dir='ltr'><strong>de</strong></span> <span class='ocrx_word' id='word_1_8' title='bbox 523 456 667 542; x_wconf 79' lang='lat' dir='ltr'><strong>agimus,</strong></span> <span class='ocrx_word' id='word_1_9' title='bbox 692 475 712 520; x_wconf 89' lang='lat' dir='ltr'><strong>a</strong></span> <span class='ocrx_word' id='word_1_10' title='bbox 738 455 875 541; x_wconf 84' lang='lat' dir='ltr'><strong>simplici</strong></span> <span class='ocrx_word' id='word_1_11' title='bbox 902 455 1078 521; x_wconf 88' lang='lat' dir='ltr'><strong>monitione</strong></span> <span class='ocrx_word' id='word_1_12' title='bbox 1105 454 1277 522; x_wconf 78' lang='lat' dir='ltr'><strong>amicabili</strong></span> <span class='ocrx_word' id='word_1_13' title='bbox 1301 460 1335 521; x_wconf 88' lang='lat' dir='ltr'><strong>et</strong></span> 
     </span>
     <span class='ocr_line' id='line_1_3' title="bbox 151 580 1332 668; baseline -0.001 -21"><span class='ocrx_word' id='word_1_14' title='bbox 151 581 383 666; x_wconf 70' lang='lat' dir='ltr'><strong>exhortatiom</strong></span> <span class='ocrx_word' id='word_1_15' title='bbox 399 584 475 667; x_wconf 82' lang='lat' dir='ltr'><strong>quia</strong></span> <span class='ocrx_word' id='word_1_16' title='bbox 489 584 544 648; x_wconf 91' lang='lat' dir='ltr'><strong>illa</strong></span> <span class='ocrx_word' id='word_1_17' title='bbox 559 584 694 649; x_wconf 89' lang='lat' dir='ltr'><strong>monitio</strong></span> <span class='ocrx_word' id='word_1_18' title='bbox 706 587 876 668; x_wconf 81' lang='lat' dir='ltr'><strong>promanat</strong></span> <span class='ocrx_word' id='word_1_19' title='bbox 887 583 956 647; x_wconf 89' lang='lat' dir='ltr'><strong>sive</strong></span> <span class='ocrx_word' id='word_1_20' title='bbox 967 580 1096 667; x_wconf 87' lang='lat' dir='ltr'><strong>publica</strong></span> <span class='ocrx_word' id='word_1_21' title='bbox 1111 583 1179 647; x_wconf 88' lang='lat' dir='ltr'><strong>sive</strong></span> <span class='ocrx_word' id='word_1_22' title='bbox 1194 588 1332 656; x_wconf 85' lang='lat' dir='ltr'><strong>secreta,</strong></span> 
     </span>
     <span class='ocr_line' id='line_1_4' title="bbox 151 706 1331 792; baseline 0.002 -22"><span class='ocrx_word' id='word_1_23' title='bbox 151 725 194 770; x_wconf 79' lang='lat' dir='ltr'><strong>ex</strong></span> <span class='ocrx_word' id='word_1_24' title='bbox 208 707 400 792; x_wconf 90' lang='lat' dir='ltr'><strong>magisterio</strong></span> <span class='ocrx_word' id='word_1_25' title='bbox 416 706 562 790; x_wconf 91' lang='lat' dir='ltr'><strong>publicae</strong></span> <span class='ocrx_word' id='word_1_26' title='bbox 577 709 745 792; x_wconf 86' lang='lat' dir='ltr'><strong>potestatis</strong></span> <span class='ocrx_word' id='word_1_27' title='bbox 754 708 923 789; x_wconf 85' lang='lat' dir='ltr'><strong>poenalis,</strong></span> <span class='ocrx_word' id='word_1_28' title='bbox 936 709 1028 772; x_wconf 93' lang='lat' dir='ltr'><strong>cuius</strong></span> <span class='ocrx_word' id='word_1_29' title='bbox 1045 709 1237 773; x_wconf 77' lang='lat' dir='ltr'><strong>exercitium</strong></span> <span class='ocrx_word' id='word_1_30' title='bbox 1254 727 1331 774; x_wconf 91' lang='lat' dir='ltr'><strong>con-</strong></span> 
     </span>
     <span class='ocr_line' id='line_1_5' title="bbox 151 827 1331 916; baseline 0.003 -26"><span class='ocrx_word' id='word_1_31' title='bbox 151 827 288 893; x_wconf 78' lang='lat' dir='ltr'><strong>formari</strong></span> <span class='ocrx_word' id='word_1_32' title='bbox 305 833 433 912; x_wconf 88' lang='lat' dir='ltr'><strong>oportet</strong></span> <span class='ocrx_word' id='word_1_33' title='bbox 447 830 509 893; x_wconf 90' lang='lat' dir='ltr'><strong>iuri</strong></span> <span class='ocrx_word' id='word_1_34' title='bbox 524 833 593 895; x_wconf 86' lang='lat' dir='ltr'><strong>tum</strong></span> <span class='ocrx_word' id='word_1_35' title='bbox 606 829 733 914; x_wconf 91' lang='lat' dir='ltr'><strong>publico</strong></span> <span class='ocrx_word' id='word_1_36' title='bbox 745 834 814 894; x_wconf 91' lang='lat' dir='ltr'><strong>tum</strong></span> <span class='ocrx_word' id='word_1_37' title='bbox 825 829 952 913; x_wconf 85' lang='lat' dir='ltr'><strong>privato</strong></span> <span class='ocrx_word' id='word_1_38' title='bbox 969 829 1132 896; x_wconf 85' lang='lat' dir='ltr'><strong>societatis</strong></span> <span class='ocrx_word' id='word_1_39' title='bbox 1150 829 1331 916; x_wconf 78' lang='lat' dir='ltr'><strong>religiosae.</strong></span> 
     </span>
     <span class='ocr_line' id='line_1_6' title="bbox 151 953 1331 1036; baseline 0.001 -20"><span class='ocrx_word' id='word_1_40' title='bbox 151 953 289 1018; x_wconf 80' lang='lat' dir='ltr'><strong>Monitio</strong></span> <span class='ocrx_word' id='word_1_41' title='bbox 311 953 465 1018; x_wconf 88' lang='lat' dir='ltr'><strong>eiusmodi</strong></span> <span class='ocrx_word' id='word_1_42' title='bbox 487 953 646 1036; x_wconf 83' lang='lat' dir='ltr'><strong>poenalis</strong></span> <span class='ocrx_word' id='word_1_43' title='bbox 675 956 718 1032; x_wconf 83' lang='lat' dir='ltr'><strong>lta</strong></span> <span class='ocrx_word' id='word_1_44' title='bbox 747 953 942 1019; x_wconf 77' lang='lat' dir='ltr'><strong>describitur</strong></span> <span class='ocrx_word' id='word_1_45' title='bbox 972 973 992 1018; x_wconf 88' lang='lat' dir='ltr'><strong>a</strong></span> <span class='ocrx_word' id='word_1_46' title='bbox 1021 954 1075 1020; x_wconf 91' lang='lat' dir='ltr'><strong>cit.</strong></span> <span class='ocrx_word' id='word_1_47' title='bbox 1100 954 1183 1020; x_wconf 85' lang='lat' dir='ltr'><strong>lust.</strong></span> <span class='ocrx_word' id='word_1_48' title='bbox 1207 959 1273 1019; x_wconf 85' lang='lat' dir='ltr'><strong>art.</strong></span> <span class='ocrx_word' id='word_1_49' title='bbox 1297 953 1331 1018; x_wconf 83' lang='lat'><strong>6.</strong></span> 
     </span>
     <span class='ocr_line' id='line_1_7' title="bbox 153 1077 1332 1163; baseline 0.003 -26"><span class='ocrx_word' id='word_1_50' title='bbox 153 1096 169 1136; x_wconf 70' lang='grc' dir='ltr'><strong><em>ι</em></strong></span> <span class='ocrx_word' id='word_1_51' title='bbox 188 1077 387 1142; x_wconf 73' lang='lat' dir='ltr'><strong>canonicae</strong></span> <span class='ocrx_word' id='word_1_52' title='bbox 408 1077 610 1144; x_wconf 80' lang='lat' dir='ltr'><strong>monitiones</strong></span> <span class='ocrx_word' id='word_1_53' title='bbox 624 1079 710 1163; x_wconf 71' lang='lat' dir='ltr'><strong>fiunt</strong></span> <span class='ocrx_word' id='word_1_54' title='bbox 725 1079 795 1142; x_wconf 86' lang='lat' dir='ltr'><strong>siue</strong></span> <span class='ocrx_word' id='word_1_55' title='bbox 809 1077 847 1142; x_wconf 89' lang='lat' dir='ltr'><strong>in</strong></span> <span class='ocrx_word' id='word_1_56' title='bbox 861 1077 978 1160; x_wconf 75' lang='lat' dir='ltr'><strong>forma</strong></span> <span class='ocrx_word' id='word_1_57' title='bbox 990 1083 1140 1161; x_wconf 85' lang='lat' dir='ltr'><strong>paterna</strong></span> <span class='ocrx_word' id='word_1_58' title='bbox 1156 1082 1187 1142; x_wconf 90' lang='lat' dir='ltr'><strong>et</strong></span> <span class='ocrx_word' id='word_1_59' title='bbox 1202 1081 1332 1144; x_wconf 84' lang='lat' dir='ltr'><strong>secreta</strong></span> 
     </span>
     <span class='ocr_line' id='line_1_8' title="bbox 150 1198 1332 1287; baseline -0.001 -21"><span class='ocrx_word' id='word_1_60' title='bbox 150 1198 268 1284; x_wconf 83' lang='lat' dir='ltr'><strong>(etiam</strong></span> <span class='ocrx_word' id='word_1_61' title='bbox 280 1220 349 1283; x_wconf 80' lang='lat' dir='ltr'><strong>per</strong></span> <span class='ocrx_word' id='word_1_62' title='bbox 363 1200 539 1284; x_wconf 85' lang='lat' dir='ltr'><strong>epistotam</strong></span> <span class='ocrx_word' id='word_1_63' title='bbox 563 1206 625 1268; x_wconf 86' lang='lat' dir='ltr'><strong>ant</strong></span> <span class='ocrx_word' id='word_1_64' title='bbox 642 1221 710 1285; x_wconf 76' lang='lat' dir='ltr'><strong>pet·</strong></span> <span class='ocrx_word' id='word_1_65' title='bbox 731 1202 968 1284; x_wconf 72' lang='lat' dir='ltr'><strong>interpositam</strong></span> <span class='ocrx_word' id='word_1_66' title='bbox 978 1200 1182 1287; x_wconf 80' lang='lat' dir='ltr'><strong>personam)</strong></span> <span class='ocrx_word' id='word_1_67' title='bbox 1202 1201 1272 1266; x_wconf 87' lang='lat' dir='ltr'><strong>siue</strong></span> <span class='ocrx_word' id='word_1_68' title='bbox 1294 1199 1332 1265; x_wconf 90' lang='lat' dir='ltr'><strong>in</strong></span> 
     </span>
     <span class='ocr_line' id='line_1_9' title="bbox 148 1325 1331 1411; baseline -0.001 -20"><span class='ocrx_word' id='word_1_69' title='bbox 148 1325 267 1405; x_wconf 80' lang='lat' dir='ltr'><strong>forma</strong></span> <span class='ocrx_word' id='word_1_70' title='bbox 292 1326 394 1411; x_wconf 73' lang='lat' dir='ltr'><strong>legali</strong></span> <span class='ocrx_word' id='word_1_71' title='bbox 416 1345 471 1392; x_wconf 74' lang='lat' dir='ltr'><strong>rus</strong></span> <span class='ocrx_word' id='word_1_72' title='bbox 503 1346 619 1392; x_wconf 78' lang='lat' dir='ltr'><strong>runnu</strong></span> <span class='ocrx_word' id='word_1_73' title='bbox 643 1347 688 1394; x_wconf 86' lang='lat' dir='ltr'><strong>ur</strong></span> <span class='ocrx_word' id='word_1_74' title='bbox 712 1347 756 1392; x_wconf 80' lang='lat' dir='ltr'><strong>nu</strong></span> <span class='ocrx_word' id='word_1_75' title='bbox 782 1345 901 1394; x_wconf 70' lang='lat' dir='ltr'><strong>aranu</strong></span> <span class='ocrx_word' id='word_1_76' title='bbox 934 1345 1149 1393; x_wconf 72' lang='lat' dir='ltr'><strong>exueremur</strong></span> <span class='ocrx_word' id='word_1_77' title='bbox 1182 1345 1331 1394; x_wconf 82' lang='lat' dir='ltr'><strong>consrnr</strong></span> 
     </span>
     <span class='ocr_line' id='line_1_10' title="bbox 150 1447 1329 1534; baseline 0 -20"><span class='ocrx_word' id='word_1_78' title='bbox 150 1467 194 1514; x_wconf 80' lang='lat' dir='ltr'><strong>rx</strong></span> <span class='ocrx_word' id='word_1_79' title='bbox 215 1467 345 1523; x_wconf 72' lang='lat' dir='ltr'><strong>resono</strong></span> <span class='ocrx_word' id='word_1_80' title='bbox 367 1470 454 1516; x_wconf 74' lang='lat' dir='ltr'><strong>reru</strong></span> <span class='ocrx_word' id='word_1_81' title='bbox 470 1473 501 1514; x_wconf 74' lang='lat' dir='ltr'><strong>r.</strong></span> <span class='ocrx_word' id='word_1_82' title='bbox 525 1454 629 1518; x_wconf 88' lang='lat' dir='ltr'><strong>Actus</strong></span> <span class='ocrx_word' id='word_1_83' title='bbox 652 1450 823 1517; x_wconf 85' lang='lat' dir='ltr'><strong>conficitur</strong></span> <span class='ocrx_word' id='word_1_84' title='bbox 846 1451 887 1516; x_wconf 85' lang='lat' dir='ltr'><strong>ad</strong></span> <span class='ocrx_word' id='word_1_85' title='bbox 912 1451 1183 1518; x_wconf 81' lang='lat' dir='ltr'><strong>constituendam</strong></span> <span class='ocrx_word' id='word_1_86' title='bbox 1204 1447 1329 1534; x_wconf 89' lang='lat' dir='ltr'><strong>proba-</strong></span> 
     </span>
     <span class='ocr_line' id='line_1_11' title="bbox 151 1573 1059 1659; baseline 0.009 -21"><span class='ocrx_word' id='word_1_87' title='bbox 151 1575 277 1641; x_wconf 87' lang='lat' dir='ltr'><strong>tionem</strong></span> <span class='ocrx_word' id='word_1_88' title='bbox 301 1578 519 1641; x_wconf 86' lang='lat' dir='ltr'><strong>necessariam</strong></span> <span class='ocrx_word' id='word_1_89' title='bbox 543 1579 577 1640; x_wconf 91' lang='lat' dir='ltr'><strong>in</strong></span> <span class='ocrx_word' id='word_1_90' title='bbox 598 1575 677 1659; x_wconf 70' lang='lat' dir='ltr'><strong>soro</strong></span> <span class='ocrx_word' id='word_1_91' title='bbox 701 1583 855 1644; x_wconf 76' lang='lat' dir='ltr'><strong>ecterno.</strong></span> <span class='ocrx_word' id='word_1_92' title='bbox 1054 1573 1059 1582; x_wconf 84' lang='grc'>’</span> 
     </span>
    </p>

    <p class='ocr_par' dir='ltr' id='par_1_3' title="bbox 146 1698 1441 3783">
     <span class='ocr_line' id='line_1_12' title="bbox 236 1698 1331 1785; baseline 0 -25"><span class='ocrx_word' id='word_1_93' title='bbox 236 1699 467 1782; x_wconf 81' lang='lat' dir='ltr'><strong>Praeceptum</strong></span> <span class='ocrx_word' id='word_1_94' title='bbox 489 1718 511 1763; x_wconf 82' lang='lat' dir='ltr'><strong>a</strong></span> <span class='ocrx_word' id='word_1_95' title='bbox 532 1701 707 1764; x_wconf 89' lang='lat' dir='ltr'><strong>monitione</strong></span> <span class='ocrx_word' id='word_1_96' title='bbox 729 1699 835 1768; x_wconf 83' lang='lat' dir='ltr'><strong>distat.</strong></span> <span class='ocrx_word' id='word_1_97' title='bbox 852 1702 927 1784; x_wconf 87' lang='lat' dir='ltr'><strong>quia</strong></span> <span class='ocrx_word' id='word_1_98' title='bbox 942 1719 1002 1785; x_wconf 90' lang='lat' dir='ltr'><strong>per</strong></span> <span class='ocrx_word' id='word_1_99' title='bbox 1018 1699 1237 1765; x_wconf 85' lang='lat' dir='ltr'><strong>monitionem</strong></span> <span class='ocrx_word' id='word_1_100' title='bbox 1261 1698 1331 1782; x_wconf 86' lang='lat' dir='ltr'><strong>quis</strong></span> 
     </span>
     <span class='ocr_line' id='line_1_13' title="bbox 150 1823 1328 1910; baseline -0.001 -23"><span class='ocrx_word' id='word_1_101' title='bbox 150 1829 327 1889; x_wconf 78' lang='lat' dir='ltr'><strong>revocatur</strong></span> <span class='ocrx_word' id='word_1_102' title='bbox 348 1823 389 1889; x_wconf 86' lang='lat' dir='ltr'><strong>ad</strong></span> <span class='ocrx_word' id='word_1_103' title='bbox 412 1823 650 1889; x_wconf 84' lang='lat' dir='ltr'><strong>observantiam</strong></span> <span class='ocrx_word' id='word_1_104' title='bbox 673 1826 780 1910; x_wconf 90' lang='lat' dir='ltr'><strong>legum</strong></span> <span class='ocrx_word' id='word_1_105' title='bbox 798 1831 831 1890; x_wconf 89' lang='lat' dir='ltr'><strong>et</strong></span> <span class='ocrx_word' id='word_1_106' title='bbox 846 1825 1074 1910; x_wconf 86' lang='lat' dir='ltr'><strong>obligationum</strong></span> <span class='ocrx_word' id='word_1_107' title='bbox 1098 1825 1167 1890; x_wconf 91' lang='lat' dir='ltr'><strong>sive</strong></span> <span class='ocrx_word' id='word_1_108' title='bbox 1191 1841 1328 1909; x_wconf 86' lang='lat' dir='ltr'><strong>genera·</strong></span> 
     </span>
     <span class='ocr_line' id='line_1_14' title="bbox 148 1946 1331 2035; baseline 0.003 -24"><span class='ocrx_word' id='word_1_109' title='bbox 148 1949 223 2013; x_wconf 93' lang='lat' dir='ltr'><strong>lium</strong></span> <span class='ocrx_word' id='word_1_110' title='bbox 248 1951 321 2014; x_wconf 83' lang='lat' dir='ltr'><strong>sire</strong></span> <span class='ocrx_word' id='word_1_111' title='bbox 342 1946 566 2035; x_wconf 81' lang='lat' dir='ltr'><strong>singularium,</strong></span> <span class='ocrx_word' id='word_1_112' title='bbox 590 1949 665 2014; x_wconf 90' lang='lat' dir='ltr'><strong>dum</strong></span> <span class='ocrx_word' id='word_1_113' title='bbox 684 1956 909 2034; x_wconf 86' lang='lat' dir='ltr'><strong>praeceptum</strong></span> <span class='ocrx_word' id='word_1_114' title='bbox 932 1950 1050 2034; x_wconf 89' lang='lat' dir='ltr'><strong>aliquid</strong></span> <span class='ocrx_word' id='word_1_115' title='bbox 1075 1950 1163 2018; x_wconf 88' lang='lat' dir='ltr'><strong>iubet</strong></span> <span class='ocrx_word' id='word_1_116' title='bbox 1187 1946 1258 2014; x_wconf 90' lang='lat' dir='ltr'><strong>lieri</strong></span> <span class='ocrx_word' id='word_1_117' title='bbox 1275 1953 1331 2014; x_wconf 87' lang='lat' dir='ltr'><strong>ant</strong></span> 
     </span>
     <span class='ocr_line' id='line_1_15' title="bbox 150 2074 1327 2162; baseline -0.001 -26"><span class='ocrx_word' id='word_1_118' title='bbox 150 2076 249 2139; x_wconf 89' lang='lat' dir='ltr'><strong>omitti</strong></span> <span class='ocrx_word' id='word_1_119' title='bbox 274 2074 335 2139; x_wconf 85' lang='lat' dir='ltr'><strong>sub</strong></span> <span class='ocrx_word' id='word_1_120' title='bbox 350 2075 477 2160; x_wconf 83' lang='lat' dir='ltr'><strong>poenali</strong></span> <span class='ocrx_word' id='word_1_121' title='bbox 500 2077 677 2141; x_wconf 88' lang='lat' dir='ltr'><strong>sanctione.</strong></span> <span class='ocrx_word' id='word_1_122' title='bbox 695 2075 742 2141; x_wconf 86' lang='lat' dir='ltr'><strong>De</strong></span> <span class='ocrx_word' id='word_1_123' title='bbox 757 2082 931 2162; x_wconf 90' lang='lat' dir='ltr'><strong>praecepto</strong></span> <span class='ocrx_word' id='word_1_124' title='bbox 948 2077 1030 2142; x_wconf 83' lang='lat' dir='ltr'><strong>haec</strong></span> <span class='ocrx_word' id='word_1_125' title='bbox 1053 2076 1152 2142; x_wconf 86' lang='lat' dir='ltr'><strong>habet</strong></span> <span class='ocrx_word' id='word_1_126' title='bbox 1177 2076 1229 2142; x_wconf 86' lang='lat' dir='ltr'><strong>cit.</strong></span> <span class='ocrx_word' id='word_1_127' title='bbox 1245 2076 1327 2142; x_wconf 85' lang='lat' dir='ltr'><strong>lust.</strong></span> 
     </span>
     <span class='ocr_line' id='line_1_16' title="bbox 148 2199 1330 2282; baseline 0.001 -19"><span class='ocrx_word' id='word_1_128' title='bbox 148 2218 180 2263; x_wconf 90' lang='lat' dir='ltr'><strong>a.</strong></span> <span class='ocrx_word' id='word_1_129' title='bbox 197 2200 230 2264; x_wconf 86' lang='lat'><strong>7.</strong></span> <span class='ocrx_word' id='word_1_130' title='bbox 250 2219 270 2262; x_wconf 87' lang='lat'><strong>‹</strong></span> <span class='ocrx_word' id='word_1_131' title='bbox 290 2199 462 2270; x_wconf 80' lang='lat' dir='ltr'><strong>Quatenus</strong></span> <span class='ocrx_word' id='word_1_132' title='bbox 476 2200 713 2282; x_wconf 77' lang='lat' dir='ltr'><strong>infructuosae</strong></span> <span class='ocrx_word' id='word_1_133' title='bbox 727 2202 928 2268; x_wconf 88' lang='lat' dir='ltr'><strong>monitiones</strong></span> <span class='ocrx_word' id='word_1_134' title='bbox 944 2202 1102 2276; x_wconf 82' lang='lat' dir='ltr'><strong>evadant,</strong></span> <span class='ocrx_word' id='word_1_135' title='bbox 1122 2200 1330 2266; x_wconf 78' lang='lat' dir='ltr'><strong>ordinarius</strong></span> 
     </span>
     <span class='ocr_line' id='line_1_17' title="bbox 146 2324 1328 2411; baseline 0.004 -28"><span class='ocrx_word' id='word_1_136' title='bbox 146 2324 317 2406; x_wconf 80' lang='lat' dir='ltr'><strong>praecipit</strong></span> <span class='ocrx_word' id='word_1_137' title='bbox 343 2324 459 2390; x_wconf 85' lang='lat' dir='ltr'><strong>curiae</strong></span> <span class='ocrx_word' id='word_1_138' title='bbox 480 2331 518 2390; x_wconf 91' lang='lat' dir='ltr'><strong>ut</strong></span> <span class='ocrx_word' id='word_1_139' title='bbox 541 2324 752 2409; x_wconf 81' lang='lat' dir='ltr'><strong>delinquenti</strong></span> <span class='ocrx_word' id='word_1_140' title='bbox 775 2326 962 2411; x_wconf 71' lang='lat' dir='ltr'><strong>analogum</strong></span> <span class='ocrx_word' id='word_1_141' title='bbox 994 2326 1197 2411; x_wconf 76' lang='lat' dir='ltr'><strong>iniunpntur</strong></span> <span class='ocrx_word' id='word_1_142' title='bbox 1222 2343 1328 2406; x_wconf 82' lang='lat' dir='ltr'><strong>prue-</strong></span> 
     </span>
     <span class='ocr_line' id='line_1_18' title="bbox 150 2449 1328 2537; baseline 0.002 -24"><span class='ocrx_word' id='word_1_143' title='bbox 150 2456 293 2531; x_wconf 74' lang='lat' dir='ltr'><strong>ceptnm</strong></span> <span class='ocrx_word' id='word_1_144' title='bbox 310 2450 348 2513; x_wconf 91' lang='lat' dir='ltr'><strong>in</strong></span> <span class='ocrx_word' id='word_1_145' title='bbox 370 2469 438 2534; x_wconf 84' lang='lat' dir='ltr'><strong>quo</strong></span> <span class='ocrx_word' id='word_1_146' title='bbox 452 2451 647 2517; x_wconf 80' lang='lat' dir='ltr'><strong>declaretur</strong></span> <span class='ocrx_word' id='word_1_147' title='bbox 662 2451 747 2534; x_wconf 81' lang='lat' dir='ltr'><strong>quid</strong></span> <span class='ocrx_word' id='word_1_148' title='bbox 768 2452 879 2517; x_wconf 91' lang='lat' dir='ltr'><strong>eidem</strong></span> <span class='ocrx_word' id='word_1_149' title='bbox 902 2451 1077 2537; x_wconf 70' lang='lat' dir='ltr'><strong>agendum</strong></span> <span class='ocrx_word' id='word_1_150' title='bbox 1100 2456 1159 2516; x_wconf 88' lang='lat' dir='ltr'><strong>aut</strong></span> <span class='ocrx_word' id='word_1_151' title='bbox 1179 2449 1328 2515; x_wconf 87' lang='lat' dir='ltr'><strong>omitten-</strong></span> 
     </span>
     <span class='ocr_line' id='line_1_19' title="bbox 148 2572 1328 2657; baseline 0.002 -20"><span class='ocrx_word' id='word_1_152' title='bbox 148 2572 229 2638; x_wconf 90' lang='lat' dir='ltr'><strong>dum</strong></span> <span class='ocrx_word' id='word_1_153' title='bbox 244 2574 299 2646; x_wconf 83' lang='lat' dir='ltr'><strong>sit,</strong></span> <span class='ocrx_word' id='word_1_154' title='bbox 313 2594 392 2639; x_wconf 88' lang='lat' dir='ltr'><strong>cum</strong></span> <span class='ocrx_word' id='word_1_155' title='bbox 407 2574 643 2656; x_wconf 83' lang='lat' dir='ltr'><strong>respondentis</strong></span> <span class='ocrx_word' id='word_1_156' title='bbox 653 2594 789 2657; x_wconf 83' lang='lat' dir='ltr'><strong>poenae</strong></span> <span class='ocrx_word' id='word_1_157' title='bbox 804 2576 1048 2642; x_wconf 85' lang='lat' dir='ltr'><strong>ecclesiasticae</strong></span> <span class='ocrx_word' id='word_1_158' title='bbox 1065 2574 1328 2641; x_wconf 86' lang='lat' dir='ltr'><strong>comminatione</strong></span> 
     </span>
     <span class='ocr_line' id='line_1_20' title="bbox 149 2700 1327 2785; baseline -0.001 -21"><span class='ocrx_word' id='word_1_159' title='bbox 149 2717 253 2781; x_wconf 71' lang='lat' dir='ltr'><strong>meam</strong></span> <span class='ocrx_word' id='word_1_160' title='bbox 269 2700 423 2764; x_wconf 85' lang='lat' dir='ltr'><strong>incurret</strong></span> <span class='ocrx_word' id='word_1_161' title='bbox 444 2700 482 2764; x_wconf 90' lang='lat' dir='ltr'><strong>in</strong></span> <span class='ocrx_word' id='word_1_162' title='bbox 497 2719 579 2765; x_wconf 84' lang='lat' dir='ltr'><strong>casu</strong></span> <span class='ocrx_word' id='word_1_163' title='bbox 594 2700 878 2785; x_wconf 80' lang='lat' dir='ltr'><strong>transpressionis</strong></span> <span class='ocrx_word' id='word_1_164' title='bbox 890 2720 920 2775; x_wconf 78' lang='lat'><strong>›;</strong></span> <span class='ocrx_word' id='word_1_165' title='bbox 936 2706 998 2765; x_wconf 89' lang='lat' dir='ltr'><strong>art.</strong></span> <span class='ocrx_word' id='word_1_166' title='bbox 1018 2701 1048 2764; x_wconf 91' lang='lat'><strong>8.</strong></span> <span class='ocrx_word' id='word_1_167' title='bbox 1067 2720 1086 2764; x_wconf 74' lang='lat' dir='ltr'><strong>e</strong></span> <span class='ocrx_word' id='word_1_168' title='bbox 1099 2700 1327 2781; x_wconf 83' lang='lat' dir='ltr'><strong>Praeceptum</strong></span> 
     </span>
     <span class='ocr_line' id='line_1_21' title="bbox 149 2821 1325 2903; baseline 0.003 -20"><span class='ocrx_word' id='word_1_169' title='bbox 149 2821 328 2887; x_wconf 83' lang='lat' dir='ltr'><strong>intimatur</strong></span> <span class='ocrx_word' id='word_1_170' title='bbox 354 2828 540 2903; x_wconf 81' lang='lat' dir='ltr'><strong>praevento</strong></span> <span class='ocrx_word' id='word_1_171' title='bbox 564 2842 587 2887; x_wconf 88' lang='lat' dir='ltr'><strong>a</strong></span> <span class='ocrx_word' id='word_1_172' title='bbox 609 2824 815 2890; x_wconf 85' lang='lat' dir='ltr'><strong>cancellario</strong></span> <span class='ocrx_word' id='word_1_173' title='bbox 844 2843 962 2891; x_wconf 90' lang='lat' dir='ltr'><strong>coram</strong></span> <span class='ocrx_word' id='word_1_174' title='bbox 994 2822 1128 2889; x_wconf 88' lang='lat' dir='ltr'><strong>Vicario</strong></span> <span class='ocrx_word' id='word_1_175' title='bbox 1155 2822 1325 2894; x_wconf 74' lang='lat' dir='ltr'><strong>denunti,</strong></span> 
     </span>
     <span class='ocr_line' id='line_1_22' title="bbox 148 2944 1327 3043; baseline 0.004 -35"><span class='ocrx_word' id='word_1_176' title='bbox 148 2944 214 3011; x_wconf 86' lang='lat' dir='ltr'><strong>siue</strong></span> <span class='ocrx_word' id='word_1_177' title='bbox 241 2965 363 3012; x_wconf 89' lang='lat' dir='ltr'><strong>coram</strong></span> <span class='ocrx_word' id='word_1_178' title='bbox 385 2945 517 3013; x_wconf 82' lang='lat' dir='ltr'><strong>duobus</strong></span> <span class='ocrx_word' id='word_1_179' title='bbox 548 2947 684 3013; x_wconf 89' lang='lat' dir='ltr'><strong>testibus</strong></span> <span class='ocrx_word' id='word_1_180' title='bbox 706 2948 939 3015; x_wconf 84' lang='lat' dir='ltr'><strong>ecclesiasticis</strong></span> <span class='ocrx_word' id='word_1_181' title='bbox 961 2953 1021 3013; x_wconf 87' lang='lat' dir='ltr'><strong>aut</strong></span> <span class='ocrx_word' id='word_1_182' title='bbox 1044 2945 1327 3043; x_wconf 76' lang='lat' dir='ltr'><strong>luicis-probatae</strong></span> 
     </span>
     <span class='ocr_line' id='line_1_23' title="bbox 149 3068 1441 3157; baseline 0.005 -27"><span class='ocrx_word' id='word_1_183' title='bbox 149 3068 351 3155; x_wconf 69' lang='lat' dir='ltr'><strong>integritatis</strong></span> <span class='ocrx_word' id='word_1_184' title='bbox 366 3094 397 3136; x_wconf 82' lang='lat'><strong>».</strong></span> <span class='ocrx_word' id='word_1_185' title='bbox 411 3072 629 3157; x_wconf 83' lang='lat' dir='ltr'><strong>Praeceptum</strong></span> <span class='ocrx_word' id='word_1_186' title='bbox 646 3078 696 3138; x_wconf 89' lang='lat' dir='ltr'><strong>est</strong></span> <span class='ocrx_word' id='word_1_187' title='bbox 712 3072 891 3137; x_wconf 89' lang='lat' dir='ltr'><strong>remedium</strong></span> <span class='ocrx_word' id='word_1_188' title='bbox 904 3073 1167 3155; x_wconf 83' lang='lat' dir='ltr'><strong>proeaenliuum</strong></span> <span class='ocrx_word' id='word_1_189' title='bbox 1178 3072 1326 3155; x_wconf 85' lang='lat' dir='ltr'><strong>poenale</strong></span> <span class='ocrx_word' id='word_1_190' title='bbox 1438 3082 1441 3089; x_wconf 86' lang='grc'><strong>’</strong></span> 
     </span>
     <span class='ocr_line' id='line_1_24' title="bbox 150 3195 1326 3284; baseline 0.004 -27"><span class='ocrx_word' id='word_1_191' title='bbox 150 3196 280 3276; x_wconf 85' lang='lat' dir='ltr'><strong>gravius</strong></span> <span class='ocrx_word' id='word_1_192' title='bbox 307 3195 499 3268; x_wconf 69' lang='lat' dir='ltr'><strong>mannitione,</strong></span> <span class='ocrx_word' id='word_1_193' title='bbox 529 3196 728 3281; x_wconf 89' lang='lat' dir='ltr'><strong>proindeque</strong></span> <span class='ocrx_word' id='word_1_194' title='bbox 754 3217 776 3261; x_wconf 87' lang='lat' dir='ltr'><strong>a</strong></span> <span class='ocrx_word' id='word_1_195' title='bbox 801 3196 940 3279; x_wconf 77' lang='lat' dir='ltr'><strong>fortiori</strong></span> <span class='ocrx_word' id='word_1_196' title='bbox 964 3200 1013 3263; x_wconf 85' lang='lat' dir='ltr'><strong>ius</strong></span> <span class='ocrx_word' id='word_1_197' title='bbox 1041 3200 1193 3284; x_wconf 90' lang='lat' dir='ltr'><strong>competit</strong></span> <span class='ocrx_word' id='word_1_198' title='bbox 1219 3199 1326 3283; x_wconf 90' lang='lat' dir='ltr'><strong>appel-</strong></span> 
     </span>
     <span class='ocr_line' id='line_1_25' title="bbox 148 3317 1324 3410; baseline 0.009 -31"><span class='ocrx_word' id='word_1_199' title='bbox 148 3317 276 3385; x_wconf 85' lang='lat' dir='ltr'><strong>lationis</strong></span> <span class='ocrx_word' id='word_1_200' title='bbox 291 3321 321 3383; x_wconf 87' lang='lat' dir='ltr'><strong>ei</strong></span> <span class='ocrx_word' id='word_1_201' title='bbox 336 3322 390 3403; x_wconf 91' lang='lat' dir='ltr'><strong>qui</strong></span> <span class='ocrx_word' id='word_1_202' title='bbox 401 3325 578 3406; x_wconf 88' lang='lat' dir='ltr'><strong>praecepto</strong></span> <span class='ocrx_word' id='word_1_203' title='bbox 594 3327 734 3386; x_wconf 85' lang='lat' dir='ltr'><strong>tenetur.</strong></span> <span class='ocrx_word' id='word_1_204' title='bbox 753 3322 824 3387; x_wconf 87' lang='lat' dir='ltr'><strong>Hac</strong></span> <span class='ocrx_word' id='word_1_205' title='bbox 841 3323 882 3389; x_wconf 91' lang='lat' dir='ltr'><strong>de</strong></span> <span class='ocrx_word' id='word_1_206' title='bbox 897 3343 996 3391; x_wconf 85' lang='lat' dir='ltr'><strong>causa</strong></span> <span class='ocrx_word' id='word_1_207' title='bbox 1010 3332 1185 3410; x_wconf 88' lang='lat' dir='ltr'><strong>praecepto</strong></span> <span class='ocrx_word' id='word_1_208' title='bbox 1198 3323 1324 3391; x_wconf 91' lang='lat' dir='ltr'><strong>edendo</strong></span> 
     </span>
     <span class='ocr_line' id='line_1_26' title="bbox 150 3446 1324 3535; baseline 0.007 -30"><span class='ocrx_word' id='word_1_209' title='bbox 150 3461 210 3507; x_wconf 91' lang='lat' dir='ltr'><strong>non</strong></span> <span class='ocrx_word' id='word_1_210' title='bbox 233 3446 342 3509; x_wconf 85' lang='lat' dir='ltr'><strong>minus</strong></span> <span class='ocrx_word' id='word_1_211' title='bbox 365 3464 460 3529; x_wconf 85' lang='lat' dir='ltr'><strong>quam</strong></span> <span class='ocrx_word' id='word_1_212' title='bbox 487 3446 654 3510; x_wconf 91' lang='lat' dir='ltr'><strong>monitioni</strong></span> <span class='ocrx_word' id='word_1_213' title='bbox 683 3449 845 3531; x_wconf 85' lang='lat' dir='ltr'><strong>praemitti</strong></span> <span class='ocrx_word' id='word_1_214' title='bbox 873 3448 968 3515; x_wconf 88' lang='lat' dir='ltr'><strong>debet</strong></span> <span class='ocrx_word' id='word_1_215' title='bbox 995 3448 1133 3535; x_wconf 88' lang='lat' dir='ltr'><strong>diligens</strong></span> <span class='ocrx_word' id='word_1_216' title='bbox 1163 3452 1324 3534; x_wconf 88' lang='lat' dir='ltr'><strong>inquisitio</strong></span> 
     </span>
     <span class='ocr_line' id='line_1_27' title="bbox 149 3565 1323 3658; baseline 0.009 -30"><span class='ocrx_word' id='word_1_217' title='bbox 149 3565 304 3645; x_wconf 72' lang='lat' dir='ltr'><strong>spedatis</strong></span> <span class='ocrx_word' id='word_1_218' title='bbox 330 3572 363 3630; x_wconf 91' lang='lat' dir='ltr'><strong>et</strong></span> <span class='ocrx_word' id='word_1_219' title='bbox 387 3566 645 3649; x_wconf 86' lang='lat' dir='ltr'><strong>specialissimo,</strong></span> <span class='ocrx_word' id='word_1_220' title='bbox 669 3588 727 3633; x_wconf 88' lang='lat' dir='ltr'><strong>seu</strong></span> <span class='ocrx_word' id='word_1_221' title='bbox 754 3570 810 3634; x_wconf 89' lang='lat' dir='ltr'><strong>illa</strong></span> <span class='ocrx_word' id='word_1_222' title='bbox 840 3572 1033 3637; x_wconf 87' lang='lat' dir='ltr'><strong>summaria</strong></span> <span class='ocrx_word' id='word_1_223' title='bbox 1054 3571 1139 3655; x_wconf 71' lang='lat' dir='ltr'><strong>sacti</strong></span> <span class='ocrx_word' id='word_1_224' title='bbox 1166 3572 1323 3658; x_wconf 70' lang='lat' dir='ltr'><strong>cognitio,</strong></span> 
     </span>
     <span class='ocr_line' id='line_1_28' title="bbox 149 3689 1324 3783; baseline 0.007 -30"><span class='ocrx_word' id='word_1_225' title='bbox 149 3706 242 3771; x_wconf 82' lang='lat' dir='ltr'><strong>quam</strong></span> <span class='ocrx_word' id='word_1_226' title='bbox 264 3690 354 3756; x_wconf 88' lang='lat' dir='ltr'><strong>iubet</strong></span> <span class='ocrx_word' id='word_1_227' title='bbox 380 3689 452 3755; x_wconf 84' lang='lat' dir='ltr'><strong>fieri</strong></span> <span class='ocrx_word' id='word_1_228' title='bbox 474 3692 630 3758; x_wconf 85' lang='lat' dir='ltr'><strong>articulus</strong></span> <span class='ocrx_word' id='word_1_229' title='bbox 654 3694 686 3775; x_wconf 83' lang='lat'><strong>5,</strong></span> <span class='ocrx_word' id='word_1_230' title='bbox 707 3700 739 3759; x_wconf 88' lang='lat' dir='ltr'><strong>et</strong></span> <span class='ocrx_word' id='word_1_231' title='bbox 761 3694 802 3759; x_wconf 89' lang='lat' dir='ltr'><strong>ab</strong></span> <span class='ocrx_word' id='word_1_232' title='bbox 819 3694 996 3761; x_wconf 90' lang='lat' dir='ltr'><strong>Ordinario</strong></span> <span class='ocrx_word' id='word_1_233' title='bbox 1019 3697 1226 3783; x_wconf 86' lang='lat' dir='ltr'><strong>probationes</strong></span> <span class='ocrx_word' id='word_1_234' title='bbox 1249 3696 1324 3762; x_wconf 92' lang='lat' dir='ltr'><strong>inde</strong></span> 
     </span>
    </p>
   </div>
   <div class='ocr_carea' id='block_1_3' title="bbox 147 3814 1324 4032">
    <p class='ocr_par' dir='ltr' id='par_1_4' title="bbox 147 3814 1324 4032">
     <span class='ocr_line' id='line_1_29' title="bbox 149 3814 1324 3909; baseline 0.009 -30"><span class='ocrx_word' id='word_1_235' title='bbox 149 3814 303 3881; x_wconf 81' lang='lat' dir='ltr'><strong>collectae</strong></span> <span class='ocrx_word' id='word_1_236' title='bbox 318 3816 559 3902; x_wconf 87' lang='lat' dir='ltr'><strong>religiosissime</strong></span> <span class='ocrx_word' id='word_1_237' title='bbox 574 3818 795 3884; x_wconf 81' lang='lat' dir='ltr'><strong>asservandae</strong></span> <span class='ocrx_word' id='word_1_238' title='bbox 807 3826 882 3885; x_wconf 91' lang='lat' dir='ltr'><strong>sunt</strong></span> <span class='ocrx_word' id='word_1_239' title='bbox 897 3822 930 3885; x_wconf 93' lang='lat' dir='ltr'><strong>in</strong></span> <span class='ocrx_word' id='word_1_240' title='bbox 942 3822 1089 3887; x_wconf 88' lang='lat' dir='ltr'><strong>archivio</strong></span> <span class='ocrx_word' id='word_1_241' title='bbox 1106 3844 1166 3909; x_wconf 88' lang='lat' dir='ltr'><strong>pro</strong></span> <span class='ocrx_word' id='word_1_242' title='bbox 1187 3826 1324 3889; x_wconf 87' lang='lat' dir='ltr'><strong>necessi-</strong></span> 
     </span>
     <span class='ocr_line' id='line_1_30' title="bbox 147 3941 1182 4032; baseline 0.009 -28"><span class='ocrx_word' id='word_1_243' title='bbox 147 3944 209 4005; x_wconf 81' lang='lat' dir='ltr'><strong>tate</strong></span> <span class='ocrx_word' id='word_1_244' title='bbox 231 3941 342 4007; x_wconf 78' lang='lat' dir='ltr'><strong>forsan</strong></span> <span class='ocrx_word' id='word_1_245' title='bbox 365 3944 536 4008; x_wconf 82' lang='lat' dir='ltr'><strong>exoritura</strong></span> <span class='ocrx_word' id='word_1_246' title='bbox 563 3944 780 4009; x_wconf 78' lang='lat' dir='ltr'><strong>satisfaciendi</strong></span> <span class='ocrx_word' id='word_1_247' title='bbox 804 3945 923 4011; x_wconf 91' lang='lat' dir='ltr'><strong>iudicio</strong></span> <span class='ocrx_word' id='word_1_248' title='bbox 948 3948 1182 4032; x_wconf 85' lang='lat' dir='ltr'><strong>appellationis.</strong></span> 
     </span>
    </p>
   </div>
   <div class='ocr_carea' id='block_1_4' title="bbox 0 0 1680 5100">
    <p class='ocr_par' dir='ltr' id='par_1_5' title="bbox 0 0 1680 5100">
     <span class='ocr_line' id='line_1_31' title="bbox 0 0 1680 5100; baseline 0 1"><span class='ocrx_word' id='word_1_249' title='bbox 0 0 1680 5100; x_wconf 95' lang='lat' dir='ltr'><strong> </strong></span> 
     </span>
    </p>
   </div>
  </div>
 </body>
</html>
