3350 5100
779 668 960 735 TITULUS
990 668 1032 733 V.

609 880 653 925 DE
677 880 841 929 PROCBSSU
865 883 954 930 PURB
978 879 1196 935 moolsmvo.

313 1084 530 1145 Samaria.
549 1118 583 1129 -
601 1088 663 1145 373.
688 1090 778 1146 Hodie
802 1106 947 1161 processus
970 1092 1075 1143 maistas
1102 1088 1252 1160 aliquando
1279 1088 1411 1157 explicari
1437 1104 1492 1141 non

402 1204 503 1267 potest,
512 1198 579 1269 quia
587 1204 675 1253 testas
686 1216 742 1253 non
754 1198 872 1255 reddunt
881 1198 1077 1253 attestationes
1087 1198 1139 1251 nisi
1153 1214 1249 1252 sorum
1259 1197 1373 1251 nomina
1381 1195 1493 1251 occulta

401 1318 542 1361 maneant
555 1336 590 1349 -
601 1306 664 1361 37⁴„
682 1306 833 1363 instructio
851 1306 878 1361 S.
892 1306 922 1361 C.
936 1306 991 1361 ΕΕ.
1004 1311 1034 1361 et
1053 1306 1112 1359 RR
1131 1307 1234 1359 formas
1252 1323 1270 1358 a
1287 1322 1317 1359 se
1337 1304 1492 1375 propon‘tas

401 1427 457 1467 non
474 1413 556 1467 iussit
573 1418 706 1479 tuentius,
729 1413 777 1469 sed
803 1414 946 1483 praecepit
963 1414 1069 1467 servari
1087 1428 1202 1465 nomas
1226 1413 1348 1466 insuaue
1366 1413 1493 1467 umes·-

400 1521 490 1574 u'alea.
507 1547 545 1561 -
561 1519 623 1575 375.
642 1519 757 1581 Quando
775 1518 822 1574 hic
841 1535 985 1590 processus
1007 1519 1110 1573 servari
1132 1518 1219 1588 possit
1237 1518 1318 1573 iuxta
1335 1518 1492 1572 canonista·

400 1642 462 1680 rum
481 1627 660 1682 senteutiam.
679 1654 715 1669 -
732 1626 794 1681 376.
814 1627 844 1681 ln
863 1626 998 1681 eiusmodi
1017 1642 1083 1679 casn
1109 1625 1226 1679 inservit
1250 1640 1394 1695 processus
1415 1642 1490 1695 pura

398 1732 582 1803 inquisitione.
593 1760 629 1775 -
637 1731 699 1785 377.
710 1732 742 1786 ln
753 1748 809 1804 quo
818 1732 956 1786 consistat
964 1732 1025 1786 eius
1033 1732 1162 1802 specifice
1174 1736 1284 1783 natura.
1294 1757 1330 1771 -
1339 1728 1400 1783 378.
1411 1728 1492 1783 Com-

399 1838 547 1893 mendatur
564 1840 659 1909 praxis
674 1837 821 1893 adhibendi
842 1854 996 1893 assessores
1014 1854 1063 1893 seu
1081 1838 1264 1893 consultores.
1284 1863 1319 1878 -
1337 1835 1398 1889 379.
1418 1836 1491 1897 Quo·

398 1946 479 2001 modo
497 1946 660 2001 consulatur
677 1946 732 2001 iuri
751 1946 889 2001 naturalis
907 1946 1083 2001 defensionis
1097 1974 1133 1989 -
1146 1944 1207 2000 380.
1230 1946 1331 2001 Utrum
1348 1945 1488 2015 processui

398 2052 579 2108 instaurando
604 2054 830 2124 praerequiretnr
853 2054 977 2107 infamia.
997 2081 1035 2095 -
1054 2052 1117 2107 381.
1143 2051 1304 2123 Appellatio
1327 2050 1490 2120 deneganda

398 2171 453 2208 non
474 2160 518 2209 est
539 2156 592 2209 nisi
614 2172 747 2227 capream
770 2155 952 2225 prohibeatur
973 2172 991 2209 a
1012 2157 1080 2209 iure.
1099 2183 1134 2198 ·-
1156 2155 1217 2209 382.
1242 2154 1319 2209 Tunc
1344 2153 1428 2209 iudici
1451 2156 1489 2209 ud

396 2281 479 2333 quem
496 2281 546 2318 sen
564 2264 764 2334 appellationis
782 2262 944 2333 pandendae
963 2268 1028 2316 sunt
1043 2279 1140 2317 omnes
1153 2263 1331 2332 probationes
1349 2262 1379 2315 in
1399 2262 1488 2331 prima

398 2369 535 2425 instantia
553 2370 698 2426 collectae.

397 2584 471 2650 373.
497 2584 611 2653 Hodie.
628 2587 703 2670 quia
722 2586 892 2651 Ecclesiae
915 2591 1045 2670 praesto
1061 2591 1135 2650 suut
1151 2583 1320 2648 dumtaxat
1344 2581 1486 2648 remedia

306 2711 512 2793 epirituulio,
544 2712 578 2774 in
601 2711 714 2796 primis
736 2729 913 2782 censurae,
945 2709 1062 2776 iudicia
1092 2715 1199 2774 autem
1231 2709 1389 2795 explicari
1420 2727 1485 2773 non

308 2834 427 2905 valent,
448 2836 509 2898 nisi
532 2833 629 2898 iudici
652 2835 684 2898 in
709 2839 916 2899 contumaces
940 2833 1084 2898 remedia
1106 2838 1235 2918 praesto
1259 2835 1323 2897 sint
1340 2831 1485 2918 physica

305 2960 492 3031 coercitiva,
510 2960 707 3044 potissimum
729 2959 770 3024 ad
794 2957 956 3044 cogendos
979 2963 1088 3032 testes,
1105 2959 1264 3043 contingit
1287 2977 1350 3022 non
1374 2957 1483 3028 semel,

306 3083 515 3149 Ordinarium
532 3102 576 3147 ex
598 3082 802 3166 inquisitione
820 3081 964 3167 speciali,
982 3081 1033 3146 vel
1057 3083 1153 3147 etiam
1176 3101 1219 3147 ex
1242 3081 1484 3147 denuntiatione

304 3207 479 3273 certiorem
502 3205 573 3270 lieri
596 3206 637 3271 de
666 3208 803 3271 crimine
833 3213 867 3270 et
895 3207 1041 3271 oriminis
1068 3211 1211 3278 anctore,
1243 3204 1299 3270 sed
1330 3205 1483 3270 iudicium

305 3330 487 3395 instaurare
514 3331 616 3412 ipsum
648 3347 712 3393 non
737 3329 860 3408 valere,
888 3331 1005 3414 quippe
1036 3330 1068 3408 ii,
1095 3330 1149 3411 qui
1177 3347 1246 3392 rem
1274 3331 1481 3412 cognoscunt,

305 3455 417 3519 nolunt
439 3455 676 3521 attestationem
696 3453 834 3519 reddere
850 3453 1056 3535 iudicialem,
1073 3453 1126 3517 vel
1146 3453 1221 3536 quia
1240 3453 1353 3517 timent
1375 3451 1481 3516 odium

304 3586 338 3642 et
352 3573 560 3643 offensionem
575 3578 726 3661 inquisiti,
739 3577 791 3641 rel
803 3578 879 3661 quia
891 3578 1059 3642 Ecclesiae
1074 3581 1231 3661 spernunt
1246 3577 1479 3642 auctoritatem.

303 3702 366 3767 Sed
397 3702 599 3787 frequentius
629 3702 761 3783 accidit,
785 3703 846 3768 hos
876 3703 963 3767 nolle
986 3707 1085 3770 testes
1109 3721 1180 3768 esse
1204 3705 1235 3765 in
1259 3701 1331 3765 foro
1362 3701 1478 3766 eccles.

302 3829 453 3909 quoniam
475 3847 587 3894 eorum
611 3829 782 3900 attestatio,
800 3849 898 3913 quum
914 3828 1018 3894 civilis
1041 3829 1243 3894 auctoritatis
1258 3847 1322 3892 non
1339 3827 1481 3892 obtineat

301 3951 505 4036 praesidium,
530 3953 590 4037 ipsi
618 3957 725 4021 testes.
750 3952 873 4033 forsan,
898 3959 1030 4037 praeter
1052 3952 1243 4017 domesticas
1275 3949 1477 4025 offensiones,

301 4075 398 4140 facile
428 4077 589 4142 sustinere
611 4083 809 4162 cogerentur
839 4077 1021 4142 iudicialem
1052 4077 1218 4160 querelam
1248 4075 1333 4160 apud
1362 4075 1478 4142 laicale

299 4199 452 4266 tribunal.
470 4201 555 4267 Huic
570 4203 771 4268 incommodo
795 4202 882 4268 haud
897 4199 1028 4268 difficile
1044 4206 1235 4268 occurreret
1252 4201 1428 4287 Episcopus
1450 4202 1479 4266 si

301 4327 360 4410 ipsi
382 4327 498 4393 liceret
519 4332 618 4393 testes
640 4329 804 4413 excipere,
824 4328 888 4393 hac
911 4329 1037 4394 adiecta
1059 4329 1281 4414 promissione,
1305 4347 1340 4393 se
1365 4345 1476 4392 eorum

299 4467 418 4513 nomen
441 4469 614 4534 numquam
638 4470 709 4515 esse
731 4450 976 4536 evulgaturnm:
1001 4450 1057 4517 sed
1088 4451 1207 4516 licetne
1226 4451 1290 4516 hoc
1305 4450 1474 4536 Episcopo,
