3350 5100
325 283 392 350 142
847 303 928 349 rans
952 301 989 348 11.

415 427 488 492 102.
513 427 599 493 Sane
622 427 758 493 historia
786 427 898 502 refert,
930 427 1099 493 admodum
1130 428 1222 492 varia
1252 426 1352 492 fuisse
1384 427 1417 491 in
1448 447 1508 492 auo

322 531 475 634 processu
492 547 610 613 iudicia
625 549 824 624 criminalia;
849 551 932 616 ratio
956 569 1036 616 vero
1052 549 1248 616 diversitatis
1265 549 1441 634 repetenda
1456 555 1509 615 est

321 674 463 738 maxime
485 692 529 738 ex
551 673 680 739 diverso
703 673 830 739 obiecto
853 675 1001 741 mediate
1025 675 1108 759 quod
1131 694 1247 760 nempe
1270 673 1330 740 sibi
1354 675 1507 760 proponit

321 803 464 882 systema
486 797 632 882 poenale.
652 798 861 883 -Quousque
888 799 1050 881 delictum,
1074 798 1157 884 apud
1182 798 1332 864 rudiores
1359 799 1505 884 populos,

321 924 511 990 aestimatur
533 926 579 988 uti
602 925 702 988 laesio
722 925 840 990 iuriam
857 925 1058 1010 privatorum
1074 924 1264 999 dumtaxtat
1282 943 1386 1008 poena
1401 923 1506 988 induit

322 1045 461 1112 indolem
487 1048 634 1132 privatae
656 1047 828 1129 vindictae,
846 1049 936 1114 cuius
953 1049 1136 1114 executioni
1158 1049 1291 1132 praevia
1307 1051 1356 1112 est
1378 1053 1504 1113 mutum

321 1172 480 1236 naturalis
502 1172 663 1236 factorum
686 1174 828 1258 cognitio
856 1177 889 1238 et
919 1173 1110 1260 exploratio,
1135 1180 1232 1257 atque
1256 1173 1345 1238 nulla
1368 1173 1431 1238 alia
1454 1179 1506 1238 est

322 1295 437 1380 regula
451 1301 485 1361 et
500 1317 652 1362 mensura
664 1297 904 1364 coercitationis
920 1299 980 1362 nisi
996 1297 1146 1362 voluntas
1161 1302 1194 1362 et
1209 1302 1351 1382 potestas
1365 1299 1504 1382 punien-

320 1421 371 1484 tis.
389 1423 433 1486 At
446 1442 572 1486 morum
588 1421 774 1486 barbariem
790 1443 856 1486 una
871 1423 1006 1487 vincere
1022 1427 1099 1487 nata
1113 1427 1163 1486 est
1179 1421 1334 1505 religiosa
1350 1422 1383 1485 in
1400 1420 1503 1485 Deum

322 1546 489 1627 institutio,
515 1553 547 1612 et
570 1567 630 1632 per
654 1546 837 1632 religiosam
865 1549 1096 1612 institutionem
1127 1549 1230 1632 magis
1261 1547 1294 1610 in
1325 1545 1393 1610 dies
1424 1566 1505 1610 evo-

320 1670 433 1742 lutam.
450 1672 558 1757 populi
582 1673 703 1738 cultum
726 1679 942 1756 assequuntur
964 1673 1172 1738 humanitatis
1197 1679 1229 1738 et
1252 1673 1389 1736 crimina
1411 1670 1502 1736 dete-

320 1798 401 1860 stari
413 1795 540 1862 discunt
550 1798 597 1861 uti
613 1795 872 1862 deordinatioues
888 1797 1040 1881 spheram
1052 1795 1371 1883 praetergredientes
1381 1797 1503 1861 iurium

321 1921 538 2005 privatorum:
561 1927 640 1984 tunc
662 1940 765 2005 poena
787 1920 971 2006 appellatur
1000 1922 1207 2004 suppliciam
1235 1926 1269 1987 et
1295 1940 1354 2006 per
1386 1939 1503 1986 sacer·-

321 2044 415 2110 dotes
441 2046 616 2130 irrogatur.
640 2081 658 2093 ·
685 2045 921 2131 Progrediente
948 2067 1060 2111 rerum
1087 2047 1270 2131 cognitione
1294 2045 1504 2129 distinguitur

321 2169 394 2234 idea
416 2171 496 2236 iuris
512 2169 552 2234 ab
567 2169 640 2235 idea
664 2170 730 2244 Dei,
747 2172 889 2234 omnium
913 2171 1031 2236 iurium
1053 2176 1187 2235 auctore
1211 2155 1243 2235 et
1265 2169 1502 2252 fonte;.quam-

320 2293 432 2359 obrem
447 2300 526 2360 tunc
541 2296 672 2379 ponitur
686 2294 928 2360 fundamentum
942 2314 1118 2380 poenarum
1134 2295 1168 2358 in
1181 2295 1250 2379 ipsa
1262 2294 1380 2358 iurium
1392 2291 1504 2358 deien-

321 2422 428 2496 sione;
453 2421 571 2486 iurium
597 2423 748 2486 nimirum
773 2426 840 2486 tum
864 2421 1064 2506 singulorum
1089 2420 1207 2486 civium
1231 2424 1298 2485 tum
1327 2420 1502 2484 universae

321 2547 493 2619 societatis.
511 2551 544 2611 et
567 2546 756 2613 iudiciorum
773 2546 853 2611 ordo
870 2547 915 2611 ita
930 2545 1134 2631 componitur
1154 2554 1190 2612 ut
1213 2547 1245 2611 in
1268 2543 1503 2629 persequendis

319 2672 386 2735 reis
402 2675 435 2736 et
449 2689 627 2756 poenarum
643 2668 909 2755 applicationibus
930 2670 1012 2734 ratio
1028 2667 1188 2734 habeatur
1201 2688 1266 2734 non
1283 2669 1388 2733 minus
1403 2687 1502 2734 accu-

318 2795 443 2862 satoaa's
473 2815 568 2879 quam
597 2796 757 2863 commati.
787 2832 805 2844 ·
839 2797 930 2861 inter
961 2795 1095 2881 populos
1124 2796 1291 2875 ethnicos,
1322 2796 1437 2880 graeci
1465 2800 1502 2859 et

318 2921 517 3005 potissimum
535 2923 660 2987 romani
676 2921 904 2987 excelluerunt
926 2922 960 2985 in
984 2920 1174 2987 exornando
1190 2940 1344 3007 processu
1363 2940 1499 2987 accusa-

318 3045 402 3109 torio
424 3047 480 3129 qui
502 3046 579 3112 huic
601 3046 665 3132 legi
690 3047 915 3132 responderet.

410 3170 448 3234 ln
472 3170 621 3235 Ecclesia
643 3170 764 3236 Christi
786 3171 880 3236 sicuti
904 3170 1025 3237 diserte
1048 3170 1088 3236 ab
1112 3171 1189 3255 ipsis
1211 3172 1393 3256 praeceptis
1410 3170 1499 3255 Apo-

319 3291 451 3365 stolicis.
467 3290 504 3377 (Ι
527 3293 676 3359 Cariath.
702 3293 772 3366 V‚1
792 3313 854 3378 sp,
874 3296 913 3359 ll
938 3292 1086 3361 Commta.
1105 3295 1153 3369 II,
1175 3295 1199 3359 6
1221 3292 1286 3381 sq.)
1302 3292 1498 3358 delineatum

318 3423 381 3488 tuit
395 3426 538 3508 systema
553 3420 698 3505 poenale,
716 3423 761 3486 ita
784 3440 849 3485 non
873 3422 1011 3488 obscure
1034 3421 1225 3489 adumbrata
1247 3426 1322 3487 sunt
1345 3440 1498 3508 suprema

317 3546 515 3611 lineamenta
543 3563 716 3629 processus
746 3546 923 3610 criminalis
955 3546 1166 3611 ecclesiastici
1190 3547 1222 3609 in
1250 3546 1306 3609 illa
1336 3545 1498 3611 sententia

318 3670 474 3736 Matthaei
492 3669 620 3739 XVIII,
640 3670 682 3735 15
697 3641 744 3753 sq.
764 3690 782 3731 ‹
799 3670 836 3735 Si
848 3671 1041 3753 peccauerit
1064 3670 1100 3735 ia
1126 3675 1156 3735 te
1170 3669 1285 3753 frater
1306 3674 1385 3735 taus
1406 3667 1496 3733 vade

318 3799 351 3860 et
372 3793 507 3876 corripe
537 3811 616 3858 eum
641 3793 731 3859 inter
753 3799 783 3859 te
806 3800 837 3859 at
859 3794 974 3877 ipsam
1000 3794 1161 3877 solam...,·
1182 3794 1212 3860 si
1235 3798 1349 3859 autem
1371 3799 1402 3859 te
1423 3808 1497 3859 aaa

316 3919 466 3985 audierit
481 3917 604 3985 adhibe
627 3923 735 3984 tecum
759 3919 873 3985 adhue
895 3938 1004 3985 anum
1026 3920 1078 3985 aet
1100 3920 1235 4001 duos...,·
1258 3918 1350 4004 qaod
1372 3918 1402 3983 si
1423 3936 1495 3984 aon

316 4044 467 4110 audierat
489 4062 546 4111 eos
569 4043 625 4110 dic
639 4044 809 4111 Ecclesiae
815 4064 829 4128 ,·
852 4044 882 4110 si
904 4049 1018 4111 autem
1042 4044 1228 4111 Ecclesiam
1251 4062 1322 4110 aon
1345 4042 1496 4109 audierat

316 4168 361 4233 sit
382 4166 440 4233 teht
461 4168 547 4234 sicut
570 4170 721 4236 ethnicus
743 4176 775 4236 et
793 4169 1001 4254 publicanus
1016 4191 1046 4234 ›.
1065 4169 1229 4235 Eiusmodi
1252 4173 1387 4241 textum,
1412 4186 1494 4251 qua-

316 4297 411 4358 tenus
433 4292 488 4358 hic
510 4314 546 4359 se
569 4295 673 4361 refert
687 4294 728 4359 ad
747 4294 1060 4360 animadversimsem
1083 4296 1116 4359 in
1140 4294 1289 4361 Ecclesia
1311 4290 1493 4358 faciendam

316 4417 588 4503 indelinquentes
611 4424 644 4484 et
655 4416 839 4505 'appositam
856 4420 1014 4486 rationem
1030 4418 1235 4505 procedendi,
1252 4438 1295 4485 ex
1310 4437 1368 4483 suo
1383 4436 1491 4502 scopo,
