3350 5100
429 276 473 321 nn
496 274 636 323 romans
659 274 903 323 caruissemus
927 275 963 321 nv
987 273 1103 321 senem
1291 254 1356 319 439
1479 280 1483 289 ⁶

177 399 326 465 tinebant
354 418 490 465 normae
518 399 686 465 iudiciales
715 400 938 484 praescriptae
961 399 995 462 in
1022 398 1070 464 tit.
1095 397 1146 464 De
1168 396 1357 464 munatio-

177 524 288 606 aibas,
311 525 358 589 uti
381 523 475 589 docet
498 520 677 597 Reiffenst„
702 524 733 588 b.
759 529 779 588 t.
802 544 837 589 a.
862 520 940 605 313,
964 542 1012 608 sq.

267 648 343 715 386.
367 647 474 725 Quum
497 668 540 713 ex
562 648 780 734 applicatione
805 649 885 714 iuris
909 648 1136 719 Decretalium‚
1162 652 1235 712 orta
1257 647 1358 713 luerit
1481 708 1484 715 .

178 775 354 839 necessitas
369 760 545 857 ampliairdi
556 776 747 856 potestatem
765 738 991 837 Praelatorum
1007 768 1088 836 adeo
1100 775 1136 836 nt
1150 770 1194 843 hi,
1211 772 1357 855 inspecta
1402 810 1403 815 κ

178 900 282 984 magis
308 918 419 963 rerum
441 898 582 963 emitote
604 917 700 981 quam
723 895 847 963 ordinis
868 896 1038 963 iudicialis
1060 897 1280 977 solemnitate,
1297 897 1355 961 ali-

178 1021 304 1107 quando
320 1026 451 1107 possent
473 1020 628 1087 devenire
650 1018 691 1084 ad
714 1018 859 1085 remedia
874 1016 1031 1105 poenalia.
1048 1022 1108 1087 etsi
1131 1023 1256 1087 crimen
1272 1020 1358 1087 iadi-

179 1148 309 1214 cialiter
331 1147 502 1232 probatum
520 1167 585 1212 non
609 1148 777 1218 existeret,
794 1148 951 1231 sequitur,
968 1144 1169 1233 disciplinam
1185 1165 1206 1210 a
1220 1144 1356 1211 Triden-

177 1274 246 1337 tino
262 1272 358 1338 (lonc.
382 1272 546 1337 inductam
568 1274 670 1357 magis
693 1271 872 1339 inhaesisse
887 1273 949 1337 iuri
969 1260 1142 1356 antiquiori
1167 1270 1357 1339 decernenti

178 1393 220 1458 ob
249 1394 403 1460 eiusmodi
437 1395 570 1460 oeetdta
600 1395 738 1459 crimina
765 1393 921 1477 pvabiicm
952 1393 1050 1461 indici
1077 1394 1314 1479 poenitentias.
1339 1430 1357 1443 -

179 1518 291 1584 Tradit
314 1519 561 1590 thomassinus,
587 1518 637 1587 De
657 1524 720 1585 oet.
745 1524 776 1584 et
797 1538 890 1585 aava
912 1520 1037 1585 Erotes.
1062 1518 1254 1603 disciplina,
1273 1519 1311 1582 P.
1331 1519 1355 1593 l,

177 1642 450 1729 lib.11,eap.7‚
476 1662 507 1706 n.
534 1643 585 1715 14,
616 1662 674 1726 sq„
705 1642 860 1708 eiusmodi
886 1642 1045 1725 publicas
1062 1643 1292 1726 poenitentias
1314 1642 1355 1707 ob

179 1770 316 1834 crimina
337 1768 392 1833 vel
414 1769 544 1835 occulta
562 1771 593 1833 in
610 1768 746 1835 Oriente
769 1768 951 1834 exolevisse
967 1769 1096 1834 saeculo
1116 1768 1148 1834 V
1165 1770 1307 1849 ineunte,
1323 1770 1357 1833 in
1432 1824 1436 1835 .

179 1891 358 1959 Occidente
381 1912 461 1957 vero
484 1890 602 1957 diutius
631 1890 826 1977 perdurasse
850 1898 883 1956 at
911 1910 987 1965 raro
1011 1862 1233 1975 frequentatas
1258 1893 1356 1957 luisse

178 2017 308 2082 saecqu
332 2018 409 2082 XII.
434 2017 610 2083 Gratianus
628 2018 663 2081 in
685 2017 826 2083 Decreta
850 2017 1008 2102 evulgans
1023 2035 1164 2081 canones
1183 2017 1358 2101 poeaiten-

179 2142 275 2207 tiotes
295 2143 511 2225 antiquiorem
534 2143 735 2227 disciplinam
760 2143 945 2207 instaurare
969 2148 1102 2207 conatus
1130 2146 1187 2207 est.
1212 2138 1357 2207 Effectus

177 2272 285 2331 autem
309 2266 457 2351 publicae
480 2268 698 2351 poenitentiae
721 2271 794 2332 erat
808 2266 983 2352 prohibere
1006 2265 1047 2330 ab
1067 2265 1231 2333 ordinibus
1254 2269 1356 2332 susci-

178 2387 312 2473 piendis.
332 2389 381 2454 cf.
398 2390 535 2473 Phillips
551 2390 607 2454 Da
621 2390 712 2457 droit
735 2390 860 2462 eccles..
884 2389 938 2454 lib.
962 2390 991 2461 1,
1008 2389 1030 2471 5
1045 2390 1098 2455 54.
1125 2388 1204 2454 Inde
1228 2390 1357 2455 clericis

178 2532 220 2579 ex
236 2515 307 2580 iure
319 2514 508 2601 particulari
521 2515 750 2581 nonnullarum
762 2515 986 2582 Ecclesiarum
998 2534 1063 2592 non
1079 2513 1355 2599 solebantimponi

177 2610 325 2726 publicae
340 2641 558 2724 poeniteutiae
580 2659 623 2704 ne
646 2639 806 2705 inhabiles
825 2637 944 2707 fierent
959 2641 1137 2706 ministerio
1153 2638 1355 2704 sacerdotali.

179 2764 269 2838 Quae
284 2763 454 2851 disciplina
468 2765 701 2851 indulcentiae
717 2767 776 2845 (ita
791 2765 947 2830 suadente
963 2766 1124 2831 communi
1140 2784 1266 2829 morum
1282 2784 1356 2829 cor·

177 2889 318 2974 ruptela)
333 2891 367 2954 in
384 2889 452 2955 dies
466 2892 570 2975 magis
585 2890 729 2963 inolevit,
742 2909 844 2974 quare
856 2889 896 2954 ob
907 2895 1035 2957 secreta
1052 2891 1189 2955 crimina
1199 2888 1357 2973 publicos

177 3015 394 3097 poenitentias
406 3034 448 3078 ue
459 3015 552 3080 laicis
564 3015 691 3098 quidem
703 3017 822 3101 imponi
835 3017 1018 3091 consumta
1035 3020 1067 3081 ei
1078 3015 1122 3088 bi,
1136 3015 1176 3080 ob
1191 3020 1356 3082 rametam

176 3143 352 3220 peractam
375 3140 615 3223 poenitentiam,
633 3159 698 3203 non
721 3138 919 3205 arcebantur
938 3139 1084 3208 absolute
1107 3160 1128 3204 a
1150 3141 1253 3206 sacris
1276 3138 1358 3204 ordi-

178 3261 282 3336 nibus,
298 3263 354 3328 sed
370 3263 585 3330 suasionibus
600 3263 865 3345 retrahebantur,
881 3268 1035 3348 quocirca
1050 3263 1240 3331 Alexander
1256 3266 1304 3330 lIl
1320 3265 1358 3329 ia

179 3390 296 3473 oap.2
318 3390 369 3456 De
391 3391 501 3456 cleric.
525 3409 596 3456 aaa
618 3390 766 3456 ordinat.
790 3390 879 3456 mist.
903 3392 938 3456 X
950 3392 1007 3472 (V,
1025 3392 1091 3478 28),
1109 3392 1184 3456 sinit
1201 3390 1356 3456 eiusmodi

179 3514 297 3581 laicum
314 3522 442 3582 secreto
453 3516 682 3598 poenitentem
697 3518 800 3582 sacris
814 3517 946 3598 initiari,
963 3517 1019 3582 sed
1035 3516 1181 3582 eumdem
1198 3523 1307 3582 monet
1323 3523 1358 3585 ut

178 3636 219 3702 ad
230 3639 337 3705 uitam
347 3639 545 3724 reputarem
555 3658 591 3705 se
603 3639 792 3722 deusserat
798 3660 813 3722 ,·
825 3647 858 3705 et
870 3639 953 3706 idem
968 3642 1123 3737 Pontifex
1134 3642 1171 3706 ia
1183 3643 1236 3707 eit.
1249 3641 1357 3724 capt

179 3761 230 3826 De
259 3767 359 3843 temp.
388 3761 462 3828 ord.
494 3765 617 3826 tantum
650 3761 763 3826 suadet
789 3782 831 3827 ne
862 3764 913 3827 isti
940 3764 1062 3830 occulti
1089 3765 1290 3849 poenitentes
1317 3761 1357 3827 ad

179 3908 220 3952 ss.
245 3885 376 3952 ordines
399 3892 662 3972 promoveantur.
684 3888 901 3972 Excipiuntur
923 3907 1003 3955 vero
1031 3889 1187 3955 nonnulle
1210 3889 1358 3970 crimina,

180 4028 262 4093 qnae
284 4013 345 4076 etsi
368 4017 497 4076 secreta
515 4011 647 4095 pariunt
661 4011 963 4097 irregularitatem,
980 4013 1079 4079 veluti
1102 4015 1226 4078 erinna
1251 4013 1357 4079 bomi-

180 4133 269 4207 eidii
286 4135 331 4198 uti
348 4139 442 4199 cavet
458 4134 555 4220 Greg.
577 4136 625 4200 lX
640 4137 674 4200 in
690 4137 744 4201 cit.
761 4155 830 4221 cap.
848 4137 918 4210 ult,
931 4136 981 4203 De
996 4142 1097 4221 temp.
1110 4138 1184 4204 ord.
1204 4136 1357 4218 Proinde,
1471 4205 1474 4216 ,

180 4260 252 4324 iure
274 4259 502 4333 Decretelium‚
527 4280 623 4344 quum
648 4279 714 4324 non
736 4260 993 4328 observarentur
1003 4261 1162 4346 publicae
1180 4262 1358 4344 poeaiten-

181 4382 256 4457 tiac,
273 4403 356 4466 quae
378 4383 527 4472 indignos
551 4384 707 4450 arcebant
721 4406 740 4450 a
756 4387 935 4451 ministerio
958 4389 1081 4468 altaris,
1102 4386 1360 4464 determinantur
