3350 5100
594 357 801 408 masuerum
824 357 872 408 rv.
1261 341 1328 410 597

139 481 201 551 ipse
219 477 273 533 hoc
291 495 392 532 munus
410 475 579 548 neglexerit,
596 478 729 547 compelli
748 479 783 532 ad
801 479 829 532 id
850 479 954 548 poterit
967 480 1011 536 vel
1024 498 1043 534 a
1055 497 1106 534 suo
1119 481 1267 552 Episcop0,
1281 481 1327 536 vel

143 586 230 643 etiam
248 587 283 640 ab
302 585 362 651 illo,
380 585 454 656 apud
472 601 555 656 quem
574 585 608 640 de
627 585 688 640 iure
707 584 862 656 appellatio
880 591 955 641 emet
973 588 1109 642 facienda

230 691 300 760 pao.
313 690 387 746 Ordo
399 690 596 760 appellationis
609 691 664 745 erit
676 695 759 760 prout
772 692 906 762 sequitur.
917 691 946 744 Si
960 693 1050 762 prima
1062 683 1205 748 sententia
1216 711 1234 748 a
1248 694 1328 748 curia

141 797 302 870 Episcopali
320 797 380 854 lata
397 795 664 881 fueritappellatio
682 797 732 852 tlet
751 797 786 850 ad
805 798 914 852 curiam
932 797 1197 868 Metropolitauam3
1216 799 1240 851 si
1259 815 1326 853 vero

140 922 159 959 a
177 906 256 960 curia
273 904 492 975 Metropolitaua
511 921 545 959 ea
565 903 709 972 prodierit,
728 903 919 974 appellabitur
938 905 973 959 ad
997 906 1104 960 curiam
1131 906 1325 975 Metropolita-

138 1030 206 1066 nam
224 1012 396 1066 viciniorem.
417 1011 459 1065 Ad
485 1012 511 1066 S.
531 1009 630 1066 Sedem
656 1011 809 1081 appellatio
836 1013 892 1066 erit
915 1028 1026 1081 semper
1049 1012 1194 1074 iacienda,
1214 1012 1326 1083 quoties

139 1120 248 1189 primae
266 1118 337 1173 duae
355 1118 514 1173 sententiae
533 1118 609 1173 inter
627 1135 656 1173 se
675 1119 832 1172 conformes
851 1133 906 1172 uon
925 1118 1039 1186 inerint,
1058 1119 1110 1171 nisi
1127 1118 1253 1187 partibus
1265 1118 1327 1189 pla·

141 1227 234 1280 cuerit
250 1237 365 1279 'causam
384 1224 419 1278 ad
438 1225 527 1294 ipsam
547 1223 573 1276 S.
593 1224 693 1278 Sedem
713 1225 748 1277 ab
768 1223 851 1277 initio
869 1228 899 1279 et
916 1223 1077 1278 immediate
1095 1224 1211 1279 deferre.

231 1332 306 1399 W.
327 1332 413 1386 Facta
432 1330 630 1402 appellatione,
648 1331 801 1400 Episcopus
819 1347 868 1385 seu
882 1329 1054 1396 ordinarius,
1066 1331 1114 1402 qui
1128 1331 1246 1400 primam
1265 1347 1326 1387 sen-

138 1438 260 1493 teutiam
279 1437 406 1507 protulit,
425 1454 486 1492 eam
505 1437 650 1492 remittere
669 1437 783 1492 debebit
801 1453 857 1491 uua
875 1453 939 1491 cum
952 1438 1064 1506 integro
1083 1454 1221 1507 processu,
1234 1442 1326 1492 caete·

140 1547 236 1617 risque
253 1546 382 1600 omnibus
401 1544 435 1598 ad
454 1561 567 1598 causam
585 1545 688 1599 iterum
714 1543 889 1598 iudicandam
909 1544 1125 1614 pertinentibus,
1148 1545 1182 1597 ad
1200 1543 1327 1599 tribuual

140 1655 176 1707 ad
195 1653 269 1726 quod
287 1653 460 1724 appellatum
479 1658 532 1707 est.

230 1762 245 1828 d
262 1761 304 1814 28.
325 1759 401 1816 Haec
418 1765 514 1816 autem
533 1760 626 1814 omnia
639 1778 656 1814 a
669 1761 758 1830 primo
776 1760 912 1815 tribunali
931 1765 1045 1830 peracta
1057 1759 1209 1830 diligenter
1221 1762 1326 1816 exami-

138 1868 229 1933 nabit,
247 1872 332 1938 atque
351 1883 385 1921 ea
403 1867 497 1920 omnia
523 1871 638 1936 peraget
663 1883 736 1938 qnae
759 1867 918 1921 necessaria
940 1867 1124 1931 videbuntur,
1144 1871 1175 1921 ut
1199 1867 1325 1923 defectus

139 1973 340 2044 suppleantur,
359 1973 444 2027 dubia
467 1971 657 2038 elucidantur,
677 1977 706 2026 et
730 1987 841 2026 errores
864 1973 1052 2042 corrigantur.
1073 1971 1154 2028 Hunc
1177 1973 1206 2028 iu
1231 1975 1326 2043 tinem,

138 2081 288 2148 praesente
306 2093 416 2147 semper
433 2076 538 2131 vinculi
557 2077 703 2132 defensore
715 2077 744 2131 in
757 2077 836 2132 curia
849 2077 1003 2132 constituto
1016 2077 1064 2132 vel
1077 2077 1239 2148 specialiter
1250 2077 1323 2134 dele·

137 2188 217 2254 gato,
236 2185 370 2253 coniuges
382 2182 563 2248 examinabit,
577 2183 807 2253 investigationes
822 2184 952 2239 instituet
965 2185 1041 2239 circa
1060 2185 1227 2240 documenta
1240 2184 1326 2254 priori

138 2291 277 2346 tribunali
294 2291 429 2358 exhibita,
448 2295 543 2356 testes,
563 2309 580 2345 a
598 2292 699 2362 quibua
717 2307 807 2346 novae
826 2291 1040 2346 informationes
1067 2290 1174 2346 hauriri
1203 2292 1326 2362 possint,

136 2398 244 2451 iterum
263 2397 364 2451 audiet.
384 2395 441 2450 lmo
460 2397 565 2466 poterit
582 2397 668 2452 etiam
688 2397 886 2466 praescribere,
900 2402 932 2451 ut
947 2414 1036 2452 novus
1049 2414 1193 2467 processus
1205 2414 1240 2451 ex
1253 2396 1326 2452 inte-

139 2521 194 2575 gro
212 2503 385 2558 conficiatur.

232 2611 335 2666 Verum
354 2616 493 2683 quatenus
510 2610 620 2666 validae
639 2611 730 2665 desint
749 2612 874 2665 rationes
892 2628 994 2665 novum
1008 2628 1167 2680 processum
1186 2612 1325 2680 exigendi,

138 2718 298 2773 consultius
316 2717 380 2784 erit,
398 2718 561 2787 praesertim
581 2717 603 2770 si
631 2732 811 2787 personarum
836 2721 866 2772 et
891 2716 1016 2772 locorum
1044 2718 1272 2774 circumstantiae
1296 2720 1324 2773 id

137 2824 289 2889 suaserint,
309 2827 340 2878 ut
368 2839 497 2892 processu
527 2823 582 2875 iarn
610 2822 723 2891 expleto
748 2825 861 2890 utatur,
880 2822 994 2877 indictis
1019 2828 1114 2877 tamen
1144 2823 1325 2879 ulterioribus

136 2930 415 2999 investigationibus,
434 2945 504 2999 quas
523 2928 693 2983 necessarias
712 2928 887 2983 iudicaverit.

230 3036 308 3097 Quod
327 3037 350 3090 si
369 3052 470 3090 novum
490 3052 648 3106 processum
667 3036 824 3091 faciendum
844 3051 905 3092 esse
922 3036 1071 3101 censuerit,
1082 3035 1229 3091 methodus
1240 3054 1325 3106 supra

135 3144 281 3214 descripta
298 3144 435 3199 servanda
453 3144 516 3199 erit.
535 3142 564 3196 Si
584 3158 650 3197 vero
669 3142 765 3213 aliqua
784 3146 894 3199 tantum
914 3158 987 3198 nova
1005 3148 1069 3197 acta
1081 3143 1266 3213 adiungenda,
1277 3145 1325 3200 vel

137 3253 206 3307 novi
225 3251 331 3321 aliquid
349 3249 574 3319 investigandum
593 3250 742 3315 censuerit,
762 3266 872 3319 semper
890 3254 985 3305 tamen
1003 3250 1132 3306 defensor
1149 3250 1325 3307 matrimonii

138 3358 238 3413 adesse
256 3358 378 3424 debebit,
395 3357 441 3413 vel
460 3356 561 3411 saltem
581 3373 653 3412 nova
672 3358 742 3411 haec
760 3357 851 3413 eidem
869 3357 1100 3412 communicanda
1117 3362 1208 3427 eruut,
1221 3363 1254 3414 ut
1265 3352 1323 3429 'pro

138 3480 257 3519 munere
274 3479 325 3517 suo
342 3480 377 3518 ea
395 3462 561 3533 expendere,
578 3466 607 3517 et
619 3467 756 3533 quatenus
770 3479 839 3533 opus
851 3478 914 3517 esse
926 3463 1046 3529 duxerit,
1059 3464 1186 3533 propriae
1200 3465 1324 3518 animad-

137 3569 283 3624 versiones
301 3569 359 3622 illis
378 3583 518 3637 apponere
537 3567 639 3623 valeat.

230 3676 244 3741 ξ
261 3674 305 3728 29.
325 3674 445 3745 Expleto
463 3675 591 3730 examine
607 3676 690 3746 primi
703 3692 856 3747 processus,
866 3680 896 3732 et
905 3676 1035 3745 imposito
1047 3678 1103 3745 tine
1115 3676 1194 3731 novis
1206 3676 1322 3731 iuvesti-

138 3782 311 3853 gationibus‚
327 3780 411 3835 iudex
429 3780 627 3851 appellationis
645 3781 760 3836 debebit
778 3783 926 3852 exquirere
943 3798 962 3835 a
978 3783 1123 3837 defensore
1142 3782 1324 3850 matrimonii,

138 3894 234 3943 utrum
254 3887 360 3958 aliquid
378 3875 470 3941 adhuc
488 3886 592 3943 habeat
610 3886 799 3942 deducendum
824 3892 875 3942 aut
902 3888 1110 3959 inquirendum
1129 3892 1159 3943 et
1186 3892 1324 3959 quatenus

138 4012 171 4051 sa
189 3994 230 4051 nil
249 3994 369 4064 amplius
387 3992 490 4049 babere
509 3994 620 4060 dixerit,
638 3995 741 4048 auditis
758 3994 835 4063 prius
854 3994 945 4059 modo,
958 3990 1024 4066 ¹quo
1047 4011 1132 4064 supra
1149 3994 1322 4049 declaratum

137 4106 192 4169 est,
211 4101 351 4172 aliquibus
362 4100 431 4154 viris
450 4100 477 4155 in
490 4100 609 4156 scientie
620 4101 691 4154 iuris
702 4100 809 4171 peritis,
822 4100 991 4155 septemium
1010 4101 1216 4170 pronunciabit,
1228 4101 1323 4155 omnia

138 4207 277 4264 servando
294 4224 367 4279 quae
387 4222 436 4277 pro
454 4208 588 4265 tribunali
608 4209 715 4279 primae
733 4208 886 4263 instantiae
904 4207 1077 4278 praescripta
1092 4209 1215 4263 fuerunt.
1319 4260 1325 4279 Ι,

232 4314 245 4379 ξ
262 4310 305 4366 30.
324 4311 440 4373 Quando
451 4316 568 4384 utraque
581 4313 721 4368 sententia
734 4312 885 4367 conformis
897 4328 948 4381 pro
960 4311 1107 4369 validitate
1120 4312 1248 4382 coniugii
1256 4328 1323 4382 pro·

138 4418 272 4479 nuntiata
289 4418 335 4484 sit,
353 4418 425 4473 sciat
443 4423 537 4475 tamen
553 4436 615 4489 pars
628 4419 795 4489 impugnans
808 4418 1027 4485 matrimonium,
1039 4419 1092 4473 sibi
1106 4418 1196 4475 adhuc
1207 4418 1322 4475 omnino
