3350 5100
321 288 389 355 622
776 306 985 355 snnncsrnsr
1008 304 1056 353 vr.

318 431 487 485 conscicntia
506 444 523 481 a
540 427 643 483 divinis
661 425 857 497 suspendimus
876 444 926 497 per
944 424 1013 481 dnos
1031 443 1177 483 menses...
1190 429 1220 483 et
1232 442 1396 497 suspensum
1413 425 1507 481 decis·

320 550 414 589 ramus
432 550 465 588 ac
483 532 510 589 ei
528 533 672 590 decretum
690 533 881 605 suspensionis
899 533 1027 587 intimari
1044 532 1219 588 mandamus.

1242 652 1277 707 N.
1296 652 1451 724 Episcopus
1467 652 1503 707 N.

1243 758 1277 813 N.
1296 760 1456 815 Actusriua

416 996 576 1045 FORMULA
599 996 810 1045 SENTENTIAE
835 994 1145 1044 CONDENNATORIAB
1164 996 1201 1043 IN
1224 970 1405 1043 GBNSURAS.

409 1189 535 1257 Decreta,
560 1189 661 1260 quibus
685 1189 849 1259 irrogantur
873 1204 1018 1255 censurae,
1039 1189 1148 1259 concipi
1173 1192 1290 1259 possunt
1307 1185 1435 1259 sequenti
1456 1184 1503 1242 vel

318 1296 376 1351 alio
400 1296 520 1350 adsimili
545 1296 625 1351 modo
651 1296 822 1367 (Monacelli,
849 1296 944 1350 Form.
972 1297 1025 1368 lep.
1050 1306 1141 1367 praet.
1165 1300 1222 1367 for.
1248 1296 1314 1351 eccl.
1335 1312 1367 1367 p.
1384 1295 1415 1361 3,
1440 1272 1504 1360 a'f,

318 1406 374 1473 for.
401 1400 463 1473 17):
491 1400 553 1455 Visa
577 1400 776 1473 comportatores
801 1411 828 1455 ct
853 1402 986 1455 trutanam
1011 1401 1044 1455 R.
1068 1400 1098 1455 P.
1122 1400 1152 1455 D.
1176 1399 1305 1455 Rectoris
1328 1403 1358 1454 et
1381 1397 1503 1453 Parnchi

318 1504 393 1561 Eccl.
407 1504 580 1560 Perochialis
593 1505 618 1558 S.
632 1504 665 1559 N.
678 1505 733 1560 loci
747 1504 780 1558 N.
794 1504 912 1575 desuper
928 1504 1070 1560 retardata
1082 1503 1223 1560 solutions
1239 1505 1409 1559 decimarum
1423 1519 1505 1572 prae·

316 1614 434 1668 dialium'
459 1614 529 1684 (sive
548 1610 749 1686 personalium)
771 1613 796 1667 d.
816 1612 953 1669 ecclesiae
971 1618 1001 1668 et
1018 1613 1070 1667 eibi
1094 1612 1264 1677 debitarum,
1283 1616 1313 1668 et
1330 1610 1403 1665 solvi
1426 1610 1502 1665 debi-

317 1728 410 1777 tarum
424 1723 458 1776 ab
472 1721 658 1791 infrascriptis
676 1720 869 1791 parochianisz
887 1722 954 1775 vius
972 1722 1170 1780 monitionibus
1184 1726 1284 1776 contra
1301 1735 1349 1775 eos
1367 1718 1503 1784 exacutis,

317 1834 348 1883 et
365 1828 437 1882 nihil
456 1827 484 1883 in
503 1828 625 1883 termino
649 1829 780 1897 praefixo,
804 1826 877 1897 quod
896 1843 913 1880 a
931 1826 1015 1881 dictis
1037 1825 1153 1881 decimis
1173 1828 1234 1897 ipso
1259 1826 1384 1880 eximere
1407 1825 1504 1878 cahat

317 1934 450 2001 deduct0;
468 1934 583 2005 visaque
596 1940 625 1989 et
638 1938 748 1989 attenta
761 1933 921 1989 eorumdem
937 1932 1169 2004 parochianorum
1188 1931 1373 1999 contumacia,
1385 1931 1505 1986 dicimus

317 2047 347 2098 et
365 2040 538 2098 declaramus
556 2056 653 2095 omnes
674 2040 867 2109 infrascriptos
886 2055 947 2095 esse
966 2030 1249 2095 escornmuatcsssdos
1266 2044 1296 2094 et
1313 2038 1505 2093 excommuni-

317 2150 395 2203 catos
413 2164 473 2203 esse
491 2146 729 2201 denunciamus...
748 2147 801 2199 etc.
821 2142 982 2216 Sequuntur
1006 2144 1119 2199 nomina
1143 2162 1249 2212 eorum,
1267 2144 1315 2216 qui
1339 2160 1504 2200 excommu-

317 2250 662 2309 mmNNNM„

461 2376 593 2449 Sequitur
610 2376 797 2446 subsignatio:

1140 2481 1175 2536 N.
1195 2482 1357 2554 Episcopus.

1140 2589 1174 2644 N.
1194 2589 1324 2644 vicarius
1345 2587 1501 2644 Generalis.

1144 2698 1179 2753 N.
1198 2699 1356 2753 Actuarius.

717 2930 874 2970 DBGRBTUH
893 2927 1097 2969 adseruaturus.

407 3109 475 3166 Visa
492 3114 522 3166 et
539 3114 649 3166 attenta
667 3110 866 3165 informatione
884 3113 976 3179 capta,
989 3124 1024 3164 ex
1038 3125 1095 3180 qua
1113 3110 1224 3163 constat
1244 3106 1444 3178 Presbyterum
1462 3095 1500 3160 N.

316 3219 389 3272 alcis
408 3219 509 3274 luders
525 3217 649 3282 solitum,
672 3219 818 3272 monitioni
841 3219 896 3273 sius·
917 3222 1012 3289 stactus
1029 3221 1061 3271 ut
1079 3233 1097 3270 a
1114 3215 1166 3272 tali
1184 3214 1250 3270 ludo
1273 3214 1429 3269 abstineret
1445 3215 1499 3268 snb

317 3341 408 3396 poena
425 3324 613 3395 suspensionis
632 3340 686 3379 non
706 3324 840 3396 paruisse,
857 3323 943 3378 immo
961 3321 1139 3377 adhucds‘cec
1153 3323 1296 3377 ludorum
1310 3321 1390 3374 luicis
1401 3321 1501 3376 descr-

316 3433 378 3488 ss'rs
397 3431 453 3501 (vel
466 3432 597 3488 tabernas
613 3429 804 3503 frequentare)
823 3447 888 3484 eum
900 3449 919 3483 a
930 3430 1033 3484 casim
1045 3431 1243 3500 suspendimus
1250 3443 1307 3498 per
1317 3437 1376 3482 tres
1386 3441 1500 3481 mussas

316 3541 347 3598 ot
364 3552 528 3608 suspensum
541 3537 728 3606 declaramus,
747 3536 947 3592 denunciamus
965 3539 995 3590 et
1013 3535 1106 3590 eidem
1123 3535 1250 3588 insinuari
1266 3535 1441 3587 manum.

1141 3671 1175 3726 N.
1195 3669 1325 3724 Vicarins
1341 3667 1498 3725 Generalis.

1139 3777 1173 3833 N.
1190 3779 1351 3833 Actuarim.
