3350 5100
366 349 455 404 Quart
478 349 514 397 IN
538 351 672 404 QUARTO
694 350 872 399 VOLUbssNE
898 351 1138 400 CONTINENTUR

161 470 235 525 dicio
253 470 288 525 de
306 472 423 525 crimine
441 472 593 537 convictus,
607 473 640 525 fit
655 473 724 526 infa-

160 542 216 595 mis
233 545 353 613 infamia
371 547 449 614 facti,
468 559 530 612 pag.
550 542 593 596 83.

216 685 310 740 Fures
329 714 363 726 -
382 702 444 757 pag.
463 684 507 738 85.

427 868 459 935 G

220 1040 339 1096 Gradus.
357 1070 396 1083 -
414 1042 453 1095 De
472 1043 661 1110 competentia
683 1059 726 1095 ra·

160 1111 240 1167 tione
253 1112 365 1182 gratim,
378 1130 427 1167 sen
446 1113 479 1168 de
497 1114 673 1169 ordinatione
684 1114 725 1167 iu·

159 1182 255 1238 dicum
270 1185 362 1255 quoad
373 1200 473 1239 causas
485 1185 645 1240 criminales
656 1186 726 1241 iudi·

160 1254 274 1310 cialiter
291 1256 512 1325 cognoscendas,
533 1272 594 1325 pag.
613 1257 667 1310 227
684 1273 725 1340 sq.

159 1353 175 1366 ·
195 1326 236 1381 De
260 1328 449 1395 competentia
466 1329 496 1381 in
514 1328 606 1381 causis
629 1333 726 1382 matri·

159 1398 347 1464 monialibus,
365 1399 475 1453 ratione
493 1400 596 1468 gratim
617 1400 725 1456 hierar·

160 1468 245 1535 obici,
264 1486 328 1538 pag.
348 1470 410 1524 467.
471 1537 475 1545 ¹

399 1667 403 1675 '
425 1653 462 1717 Η

216 1824 344 1879 Habitus.
357 1824 506 1880 -Clerici
526 1842 581 1879 non
601 1827 726 1881 deferen-

159 1900 206 1949 tes
231 1897 358 1951 habitum
384 1898 464 1951 iuxta
489 1913 609 1963 morem,
630 1898 723 1964 variis,

158 1966 242 2021 vario
262 1974 386 2037 tempore
411 1969 503 2024 affecti
529 1978 595 2023 sunt
620 1970 725 2040 poenis,

158 2055 226 2109 pag.
250 2039 299 2092 117
318 2057 357 2109 sq.

433 2220 451 2287 1

216 2394 388 2449 Immuuitas.
400 2422 434 2437 ·-
447 2394 518 2456 Quid
530 2400 559 2450 et
571 2396 725 2466 quotuplex

157 2467 200 2520 sit
208 2467 372 2521 immunitas
380 2467 454 2538 asyli
462 2466 654 2531 ecclesiastici,
661 2484 724 2537 pag.

157 2538 206 2603 60,
214 2565 229 2576 ·
239 2543 268 2593 et
280 2555 418 2608 quaenam
432 2555 538 2609 poenae
551 2544 650 2593 contra
662 2557 724 2594 eam

157 2610 312 2674 violantes,
329 2612 394 2665 ibid.
414 2627 453 2681 sq.

216 2753 451 2823 impedimentum
478 2781 515 2794 -
542 2753 667 2806 criminis
690 2769 725 2806 ex

158 2839 283 2896 quonam
294 2825 433 2879 adulterio
446 2825 600 2892 proveniat,
608 2839 671 2892 pag.
681 2823 725 2876 88.

156 2896 243 2957 -Qui
263 2896 433 2950 denunciant
450 2895 648 2964 impedimenta
667 2910 726 2947 ma-

157 2969 335 3023 trimonialia
360 2973 493 3022 accusant
517 2968 725 3020 matrimonium

160 3039 394 3105 contrahendum,
413 3056 475 3109 pag.
494 3039 555 3092 485.
574 3067 588 3078 -
608 3037 726 3108 impedi-

159 3114 288 3167 mentum
307 3129 342 3166 ex
361 3110 535 3179 obligatione
554 3109 725 3179 sponsalium

159 3187 272 3238 tautum
286 3182 378 3251 sponsi
391 3197 534 3252 opponere
546 3180 651 3246 valent,
660 3182 725 3234 ibid.

161 3285 177 3298 -
197 3254 237 3308 Da
255 3255 371 3323 speciali
397 3255 504 3308 ratione
529 3252 664 3322 probandi
685 3252 726 3305 di-

161 3323 724 3395 ⁴⁸⁶⁰

162 3471 249 3540 fessio
261 3475 316 3524 etc.
330 3498 343 3509 ·
357 3467 499 3530 Quomodo
517 3469 545 3519 in
564 3468 657 3521 causis
669 3482 727 3520 rna·

161 3540 370 3594 trimonislibus
389 3539 501 3609 singula
525 3539 726 3607 impedimenta

161 3612 313 3681 specialem
332 3611 455 3666 habeant
475 3610 637 3680 procedendi
660 3625 725 3662 nor·

163 3699 233 3749 mas,
251 3700 315 3752 pag.
335 3683 396 3737 493.

218 3825 392 3895 Impotentia.
399 3853 435 3867 -
445 3825 475 3878 ln
485 3825 576 3878 musis
583 3824 725 3878 matrimo-

162 3897 286 3951 nialibus
301 3913 336 3951 ex
354 3897 446 3966 capite
464 3896 649 3965 impotentiae
666 3911 727 3965 spe-

162 3967 264 4023 cialem
283 3971 475 4037 probationem
495 3965 627 4022 exhibent
644 3968 726 4036 periti

163 4038 282 4110 physici,
299 4057 361 4109 pag.
380 4039 440 4093 489.
453 4072 467 4084 -
479 4038 615 4108 Specialis
633 4055 728 4108 proce·

164 4110 246 4164 dendi
267 4113 347 4179 ratio,
367 4127 431 4180 pag.
450 4111 512 4164 490.

219 4253 384 4324 impuberes
392 4280 428 4295 -
438 4269 569 4306 accusare
580 4251 730 4320 prohiben-

165 4328 222 4390 tur,
235 4341 291 4394 pag
315 4324 374 4380 187.

219 4467 403 4538 Incapucitns.
426 4494 463 4508 -
487 4465 605 4534 Propter
630 4465 726 4520 clerici

1274 336 1339 400 669

779 472 995 540 incapacitatem
1014 474 1112 543 nequit
1123 475 1191 527 terri
1204 478 1342 542 sententia

779 560 816 597 en
833 545 988 612 informata
1013 546 1176 613 concientia,
1195 563 1258 615 pag.
1278 548 1339 600 443.

833 685 1011 741 Incestuosus
1023 672 1060 727 -’-
1072 688 1174 741 coniux
1186 689 1283 759 nequit
1296 704 1343 759 pe-

779 760 854 823 tere,
880 756 928 811 sed
955 757 1038 812 debet
1065 758 1178 814 reddere
1206 758 1340 826 debitum,

779 843 841 896 pag.
862 827 905 881 83.

832 970 967 1025 Incestus.
982 997 1020 1011 ·-
1041 970 1090 1025 Est
1108 972 1258 1026 fornicatio
1277 989 1340 1026 cum

779 1057 897 1110 persona
907 1043 1114 1118 consanguinea
1124 1042 1168 1097 vel
1179 1044 1270 1108 affine,
1278 1060 1340 1113 pag.

778 1111 822 1165 83.
836 1142 850 1154 -
870 1112 1008 1169 Reticitus
1027 1114 1055 1167 iu
1075 1116 1212 1184 precibus,
1231 1116 1342 1178 dispen-

778 1183 917 1240 sationem
936 1185 1055 1255 amplius
1074 1202 1129 1240 non
1148 1187 1252 1253 irritat,
1274 1188 1339 1243 ibid.

833 1326 1061 1399 Jacompetentia.
1079 1358 1116 1369 -
1135 1329 1175 1383 Cf.
1197 1330 1340 1405 Euceptio.

779 1460 785 1473 ’
832 1468 1077 1525 Inconsummau'o.
1093 1500 1129 1513 -
1148 1472 1188 1525 Gi.
1210 1474 1342 1527 Consum-

777 1544 872 1594 motio.

833 1683 983 1738 Iudicium.
1004 1712 1037 1725 -
1058 1686 1107 1739 list
1125 1686 1288 1741 coniectura
1306 1704 1341 1740 ea

778 1754 874 1825 aliquo
887 1756 962 1809 iacto
980 1760 1043 1809 orta
1061 1762 1091 1811 et
1109 1756 1281 1825 allegataad
1294 1758 1342 1811 ad·

778 1826 939 1881 struendam
964 1827 1004 1881 rei
1031 1827 1134 1882 dubiae
1160 1829 1258 1895 fidem,
1277 1846 1340 1899 pag.

778 1896 840 1951 283.
854 1896 895 1951 Of.
912 1898 1113 1969 Praesumptio.
1127 1930 1143 1940 -
1157 1899 1233 1954 Male
1245 1900 1342 1955 distin·

778 1975 903 2038 guantur
913 1970 1039 2025 diversae
1050 1972 1157 2040 species
1166 1972 1341 2038 iudiciorum,

778 2040 877 2095 habita
895 2042 1004 2095 ratione
1022 2043 1064 2095 vis
1086 2044 1258 2111 probativae,
1277 2059 1339 2113 pag.

778 2111 840 2165 285.
860 2141 872 2153 ·
897 2112 1036 2175 Quattuor
1059 2115 1175 2183 regulae
1200 2118 1282 2183 aptae
1307 2115 1341 2169 ad

778 2184 980 2238 aestimandam
999 2186 1054 2238 vim
1075 2186 1248 2254 probatiram
1272 2186 1342 2240 iudi-

778 2255 896 2319 ciorum,
915 2273 976 2325 pag.
996 2256 1056 2310 286.

832 2397 987 2451 Incultum.
1002 2426 1035 2439 ·—
1050 2398 1100 2452 Est
1116 2399 1229 2470 qsridem
1241 2399 1339 2452 modus

778 2476 937 2611 {possset
950 2470 1024 2523 actio
1037 2470 1199 2535 criminalis,
1213 2486 1274 2540 pag.
1288 2469 1341 2524 ’249

831 2681 956 2753 Infantes
975 2713 1010 2722 -
1029 2684 1057 2735 in
1079 2700 1190 2754 genere,
1209 2701 1273 2754 pag.
1295 2683 1339 2740 96.

779 2784 792 2795 -
803 2755 995 2809 Prohibentur
1013 2771 1154 2822 accusare,
1168 2772 1230 2826 pag.
1246 2755 1305 2811 187.

834 2896 956 2966 infamia
974 2901 1049 2969 facti.
1064 2926 1098 2938 -
1118 2897 1157 2950 Ea
1176 2899 1209 2952 fit
1228 2899 1340 2952 infamis

778 2968 931 3022 fornicator
950 2969 1104 3037 sacrilegus
1129 2970 1157 3022 in
1182 2969 1286 3023 iudicio
1308 2969 1341 3023 de

779 3040 895 3093 crimine
914 3042 1067 3106 convictus,
1087 3057 1148 3108 pag.
1168 3040 1213 3094 83.
1234 3069 1247 3081 ·
1267 3041 1341 3094 Infa-

779 3111 835 3164 mia
854 3112 964 3165 notoria
982 3112 1093 3180 supplet
1111 3129 1211 3165 munus
1229 3129 1342 3166 accusa·

779 3183 849 3236 toris
874 3183 901 3235 in
929 3199 1057 3252 processu
1083 3183 1258 3254 inquisitivo,
1278 3199 1340 3254 pag.

781 3253 832 3308 195
851 3269 891 3324 sq.
911 3283 924 3294 -
946 3253 1046 3309 Utrum
1065 3255 1206 3324 processui
1224 3255 1342 3326 inquisi-

778 3327 837 3380 tivo
856 3325 1038 3380 instaurando
1055 3327 1282 3396 praerequiratur
1300 3327 1343 3379 in-

778 3397 872 3459 famia,
893 3413 956 3466 pag.
976 3395 1036 3451 435.

833 3538 958 3611 infamia
978 3541 1057 3605 iuris,
1076 3567 1113 3580 -
1130 3539 1283 3593 incurritur
1305 3541 1340 3600 ab

778 3611 900 3664 alumnis
927 3609 1149 3665 Universitatum
1174 3611 1340 3666 Germaniae

779 3682 827 3754 qui
847 3690 960 3752 patrant
978 3681 1111 3747 duellum,
1130 3698 1193 3752 pag.
1212 3683 1257 3737 74.

834 3823 984 3894 Ingressus
996 3851 1030 3864 -
1044 3826 1071 3878 in
1083 3824 1208 3878 ordinem
1227 3822 1342 3893 religio-

778 3913 840 3948 sum
853 3904 896 3950 est
909 3913 953 3949 res
964 3895 1119 3964 spiritualis
1128 3911 1145 3950 a
1154 3912 1211 3966 qua
1221 3895 1342 3950 arcenda

780 3967 1075 4032 estlabesaimoniaca,
1083 3983 1144 4037 pag.
1156 3967 1198 4020 43.
1206 3965 1342 4029 -Qnaudo

779 4043 809 4093 et
818 4055 905 4109 quare
915 4041 949 4092 ab
960 4039 1128 4109 ingressuris
1137 4039 1165 4092 iu
1176 4037 1341 4108 religionem

779 4109 885 4181 aliquid
899 4111 1027 4180 excipere
1041 4112 1083 4164 ias
1096 4115 1146 4175 est,
1159 4111 1225 4164 ibid.

835 4253 1010 4308 inhabitans.
1029 4280 1062 4292 —
1083 4251 1192 4305 Adsunt
1209 4250 1341 4306 inhabili·

780 4329 855 4378 tates
867 4323 900 4376 ad
914 4323 1098 4378 accusandum
1115 4328 1174 4378 tum
1186 4326 1341 4390 abaciacus,

781 4411 843 4464 pag.
868 4394 931 4460 1873
944 4423 958 4436 ·
971 4401 1030 4449 tum
1043 4396 1189 4461 relativae,
1202 4411 1264 4464 pag.
1281 4394 1340 4449 188.

781 4495 796 4507 -
810 4466 1010 4536 Exceptiones‚
1029 4469 1094 4522 ibid.
1113 4471 1187 4522 nota.
1206 4495 1218 4508 ·
1237 4465 1342 4522 Adver-
