3350 5100
348 259 414 326 176
861 276 947 323 rins
978 276 1014 322 11.

415 401 477 467 Sed
490 403 582 475 haec,
595 420 678 485 quse
689 401 865 466 traduntur
877 399 917 464 de
929 399 1146 484 exceptioneii
1158 417 1312 483 processu
1325 416 1371 462 em
1385 351 1530 476 notor-te,

347 526 444 592 hodie
456 546 570 611 perum
585 531 641 590 eut
652 525 733 591 nihil
744 523 868 590 attendi
884 531 1017 610 possunt
1033 523 1135 607 quoad
1151 521 1305 606 praesim.
1321 557 1339 572 -
1353 522 1392 587 In
1404 522 1532 605 primis

348 651 567 718 solemnitates
580 650 703 740 ordinis
719 648 876 716 iudicialis
891 649 988 714 hodie
1004 668 1069 714 non
1086 647 1229 714 difficilia
1247 648 1386 714 reddunt
1401 647 1529 719 iudicia,

347 772 504 857 siquidem
533 774 721 858 proceditur
749 774 862 839 ordine
892 774 1082 842 summario
1110 780 1142 839 ot
1165 747 1401 854 oeconomico3
1422 771 1532 854 ulique

349 917 429 964 vero
444 899 584 984 cognitio
599 899 772 966 iudicialis
787 898 828 965 de
843 899 929 965 fecto
945 899 999 964 vel
1013 899 1146 966 notorio
1170 919 1235 964 non
1256 901 1305 962 ost
1328 898 1439 970 otiose,
1457 897 1533 980 quie

349 1020 486 1088 eiudioe
495 1041 566 1114 ¹uon
581 1027 707 1089 motum
721 1025 852 1109 pensari
868 1022 963 1088 debet
977 1022 1098 1090 fectum
1114 1021 1348 1096 materialiter,
1361 1020 1417 1087 sed
1433 1021 1533 1085 etiam

348 1147 535 1221 moraliter,
551 1167 612 1212 seu
626 1146 736 1212 habitu
758 1150 885 1215 ratione
899 1149 1042 1216 moratis
1062 1147 1306 1232 imputationis.
1333 1181 1351 1195 -
1375 1143 1533 1212 Semndo

350 1271 445 1338 hodie
461 1270 508 1359 (l)
523 1274 606 1338 hoec
622 1274 704 1337 ratio
719 1272 915 1358 procedendi
933 1293 979 1339 em
994 1276 1139 1348 notorio,
1156 1275 1239 1340 mule
1258 1273 1347 1338 audit
1361 1272 1437 1356 quia
1453 1272 1533 1337 iuri-

350 1403 429 1471 stee‚
453 1398 656 1484 experientia
678 1398 769 1471 duce,
793 1400 999 1465 severissime
1015 1401 1217 1486 exprobrant
1239 1398 1391 1464 eiusmodi
1416 1416 1531 1483 prooe-

350 1519 447 1588 dendi
464 1525 632 1590 rationem.
647 1522 744 1596 Sene,
762 1526 806 1590 uti
822 1524 964 1590 advertit
980 1545 1054 1608 cop.
1071 1526 1112 1590 14
1132 1526 1182 1590 De
1196 1526 1322 1610 appell.
1339 1524 1374 1588 X
1388 1523 1445 1604 (11,
1463 1523 1531 1610 28),

350 1673 424 1718 cum
447 1652 556 1716 mutto
574 1650 735 1716 dicontur
755 1649 893 1716 notorio
915 1668 1005 1735 quae
1026 1669 1098 1718 non
1119 1655 1209 1730 runt,
1223 1651 1408 1732 providere
1431 1647 1533 1715 debes

350 1797 394 1842 ne
412 1775 505 1860 quod
524 1773 666 1841 άαϋίαηι
681 1779 738 1846 est,
750 1794 819 1857 pro
833 1775 969 1842 notorio
985 1775 1135 1842 videaris
1151 1774 1274 1841 habere
1281 1796 1296 1857 ,·
1320 1773 1394 1838 inde
1415 1774 1534 1840 faciles

350 1903 500 1986 irrepunt
514 1899 632 1965 abusus
644 1898 700 1984 (2).
717 1899 827 1974 Quare
843 1899 940 1970 iudex
955 1901 1051 1966 etiam
1067 1900 1172 1986 quood
1184 1901 1280 1972 fecte,
1297 1919 1379 1984 quae
1394 1901 1534 1967 notoria

351 2025 531 2097 habentur,
565 2023 660 2090 debet
690 2043 749 2108 per
775 2031 874 2090 testes
901 2025 1013 2090 eadem
1039 2025 1235 2092 iudicialiter
1261 2025 1533 2110 comprobasset

351 2152 533 2224 aestimare,
550 2151 685 2236 praevia
703 2150 859 2218 citatione
875 2156 906 2216 et
922 2153 1068 2216 oriminis
1082 2154 1333 2228 contestetione;
1354 2151 1437 2236 quod
1460 2171 1534 2217 esse

440 2485 481 2556 (1)
500 2483 629 2548 Currere,
644 2501 687 2556 op.
701 2485 746 2538 cit.
759 2487 777 2548 ς
792 2485 864 2552 883,
879 2485 935 2538 risu
949 2485 1060 2555 excepit
1079 2501 1237 2555 processum
1252 2503 1288 2541 eor
1300 2489 1417 2553 notorio,
1435 2487 1534 2540 adrer-

352 2600 414 2649 tens
431 2594 582 2657 notorium,
596 2594 636 2647 uti
650 2592 716 2659 tole,
729 2609 783 2645 non
797 2594 858 2647 fieri
870 2594 1007 2653 iudiciale,
1016 2604 1211 2664 arpumentum
1225 2595 1465 2649 condemnationis
1478 2596 1532 2649 nisi

352 2705 486 2772 probetur
504 2702 533 2755 in
551 2702 664 2755 iudicio.
692 2703 730 2752 nt
748 2699 817 2754 haec
835 2702 958 2755 obiectio
977 2716 1027 2755 nos
1048 2702 1162 2756 minime
1180 2704 1287 2771 tsngit;
1313 2704 1415 2773 quippe
1434 2702 1532 2757 edver-

353 2810 452 2873 timus‚
472 2825 506 2862 ex
525 2809 586 2862 iure
606 2806 808 2873 Decretslium,
827 2808 856 2861 in
880 2813 997 2862 notoriis
1021 2809 1145 2864 deveniri
1174 2809 1208 2862 sd
1236 2811 1403 2864 sententiam
1432 2810 1534 2864 conde-

353 2914 503 2967 mnationis
522 2916 626 2982 absque
645 2928 775 2982 processu
794 2914 930 2967 iudicioli.
953 2914 1043 2967 -Alii
1069 2915 1186 2969 iuristee
1211 2916 1344 2969 damnant
1367 2915 1441 2970 huno
1467 2932 1531 2985 pro·

352 3036 460 3073 cessum
474 3019 532 3086 (sed
549 3018 700 3088 immerito)
713 3018 801 3073 veluti
815 3025 1032 3075 consentaneum
1046 3022 1098 3090 ipsi
1118 3022 1263 3077 doctrines
1277 3022 1376 3077 iudicis
1388 3052 1398 3063 -
1412 3024 1530 3093 Lynci-

353 3128 401 3198 qui
420 3127 552 3181 nefandas
571 3126 681 3181 induxit
700 3127 847 3196 populares
866 3130 1001 3198 capitulos
1020 3132 1199 3185 executiones
1218 3133 1246 3185 in
1267 3133 1403 3187 Americe.

442 3233 481 3303 (2)
501 3234 639 3294 Quantum
662 3235 700 3287 sit
719 3235 852 3303 periculis
877 3236 960 3305 piene
979 3238 1052 3292 ratio
1071 3239 1234 3307 procedendi
1254 3257 1291 3294 em
1309 3242 1431 3305 notorio,
1451 3239 1532 3294 docet

352 3340 421 3394 haec
440 3340 518 3393 notio
536 3341 637 3394 notorii
657 3341 761 3394 tradite
773 3359 790 3393 e
802 3340 966 3413 Schmelng„
987 3344 1004 3396 l.
1019 3364 1050 3409 c.,
1066 3364 1093 3399 rr.
1108 3348 1188 3401 14:⁴1
1202 3346 1290 3402 Debet
1308 3348 1398 3417 ipsum
1418 3350 1533 3413 fectum,

352 3446 425 3517 qnod
444 3446 473 3500 in
492 3446 625 3500 delictum
640 3446 723 3513 cedit,
736 3465 796 3508 esse
814 3454 969 3509 notorium:
984 3451 1042 3506 tete
1060 3452 1123 3518 erit,
1136 3454 1248 3524 quando
1266 3454 1371 3509 crimen
1391 3462 1533 3525 patratum

353 3557 397 3607 eet
414 3567 507 3606 eorem
523 3551 619 3606 decem
638 3558 687 3606 out
705 3552 805 3607 saltem
824 3572 874 3608 sex
892 3554 1060 3625 hominibus,
1075 3558 1123 3629 qui
1138 3559 1207 3613 illud
1226 3566 1346 3615 certost
1360 3578 1532 3630 percensum

353 3660 549 3728 cognoverint3
564 3657 638 3732 quie,
653 3664 684 3713 ut
698 3678 733 3715 ex
752 3660 888 3715 hactenus
900 3663 983 3717 dictis
1001 3670 1121 3731 constet,
1141 3667 1174 3720 sd
1194 3670 1333 3722 notorium
1353 3669 1421 3728 fecti
1441 3670 1532 3740 requi·

352 3768 424 3821 ritur
444 3773 475 3821 ut
494 3767 563 3821 iilud
575 3772 717 3837 patratum
729 3768 767 3822 sit
779 3785 873 3823 coram
888 3771 990 3841 populo
1009 3778 1058 3827 sut
1077 3775 1181 3828 maiore
1194 3774 1272 3828 illius
1288 3781 1381 3844 perte:
1395 3776 1428 3829 ed
1445 3792 1531 3846 popu·

352 3873 411 3927 lum
430 3880 524 3927 summ
543 3874 768 3928 constituendum
787 3876 968 3946 requiruntur
986 3876 1081 3933 decem
1099 3880 1199 3933 saltem
1219 3879 1345 3936 homines
1357 3896 1382 3937 re.
1397 3882 1532 3953 Equidem

353 3980 456 4034 suisti
482 3980 516 4034 de
535 3980 638 4050 populo
660 3983 758 4036 decem
782 3987 832 4035 eut
853 4000 904 4037 sero
925 3984 983 4038 sint
1006 3990 1094 4039 testes
1115 3986 1169 4056 fide
1194 3986 1287 4056 digni,
1312 3997 1343 4042 ut
1364 3989 1531 4059 plurimum,

354 4086 465 4155 probari
484 4087 567 4141 debet
586 4088 614 4140 in
634 4088 751 4153 iudicio3
770 4105 851 4143 secus
869 4090 1023 4145 innumeris
1041 4091 1163 4146 fallaciis
1182 4095 1307 4162 aperitur
1320 4095 1420 4149 editus.
1441 4096 1532 4157 Quare

353 4193 458 4246 fectum
478 4195 518 4247 ita
535 4198 676 4249 notorium
701 4202 733 4249 ut
757 4196 835 4251 nulla
853 4197 979 4267 indigeat
1004 4200 1182 4267 probatione,
1201 4218 1236 4257 ne
1256 4201 1380 4256 iudiciali
1404 4204 1531 4273 quidem,

354 4299 455 4354 mtrem
482 4302 573 4371 quoad
600 4305 722 4373 pradum
750 4304 944 4374 imputationis
970 4306 1098 4371 moralis,
1119 4313 1197 4377 petet
1215 4326 1275 4364 esse
1303 4311 1408 4364 fectum
1437 4326 1532 4381 perre-

354 4422 415 4459 rum
434 4413 463 4461 et
482 4425 552 4477 pone
571 4408 793 4479 hypotheticum.
