3350 5100
272 282 339 350 558
785 299 869 346 raes
894 300 943 346 111.

365 424 387 477 l.
408 423 510 478 interr.
532 421 632 478 Utrum
654 423 763 476 noverit
782 421 961 476 Sacerdotem
982 421 1031 475 N..
1044 461 1067 474 ..
1088 421 1121 474 N.
1134 461 1142 474 .
1153 461 1159 474 .
1172 419 1197 473 ‚t
1217 420 1337 491 (nomer,
1352 436 1451 490 coqne-

271 545 337 582 mcn
355 539 382 582 et
400 530 547 599 qualitates
565 529 744 599 emunctae).

362 635 444 705 Resp.
465 639 654 703 (exscribatur
670 637 777 706 linque,
795 653 850 706 quc
867 637 955 690 utitur
975 639 1059 700 tertia,
1080 637 1139 690 eius
1157 637 1322 706 responsio).

361 746 386 794 2.
406 743 508 798 interr.
526 742 668 804 Quaenam
687 745 724 797 sit
740 743 856 798 huiusce
875 743 1033 798 Sacerdotis
1045 743 1119 796 vitae
1133 743 1213 807 ratio,
1226 743 1338 813 quinam
1352 757 1451 806 mores,

272 861 409 915 quaenam
430 863 515 916 penes
533 847 665 916 populum
684 847 874 902 existimatiot

362 953 439 1024 Rerp
438 993 521 1007 .....

361 1059 385 1114 3.
406 1059 509 1114 Interr.
533 1061 632 1115 Utrum
652 1061 761 1114 noverit
779 1061 854 1115 viros
873 1060 928 1126 vel,
948 1061 1155 1130 utplurimum,
1175 1060 1306 1114 mulieres
1321 1059 1371 1112 NN
1373 1097 1451 1113 .....

273 1166 331 1219 ΝΝ.
344 1167 405 1220 ...t
423 1169 544 1236 (nomen,
565 1185 717 1238 coynomen
736 1180 764 1223 et
781 1170 930 1239 qualitates
949 1171 1167 1238 uniuscuiusque
1188 1165 1404 1236 denuncientia).

363 1277 437 1348 Resp
438 1315 517 1328 .....

362 1383 386 1434 4.
416 1381 520 1436 Interr.
547 1383 687 1444 Quaenam
712 1383 750 1436 sit
774 1384 990 1453 uniuscuiusque
1015 1397 1110 1436 eorum
1137 1383 1211 1436 vitae
1239 1381 1318 1446 ratio,
1338 1381 1449 1451 quinam

273 1504 372 1552 mores,
391 1505 527 1560 quaenam
547 1506 632 1558 penes
651 1490 782 1559 populum
802 1487 994 1544 existimatio?

363 1596 437 1666 Rcsp
439 1635 519 1648 .....

360 1705 386 1756 5.
406 1703 509 1758 Inter-r.
533 1704 634 1758 Utrum
651 1721 699 1759 eos
716 1709 830 1760 censeat
849 1705 902 1758 tide
921 1704 1029 1774 dignos,
1047 1705 1092 1758 vel
1111 1708 1209 1758 contra
1227 1703 1388 1769 mentiendi,
1407 1719 1452 1756 ca-

273 1810 425 1865 lumniandi
445 1812 473 1864 in
493 1812 595 1866 iudicio
614 1817 643 1866 et
662 1812 746 1865 etiam
766 1812 908 1881 peierandi
928 1827 1043 1881 capaces
1062 1827 1110 1866 eos
1128 1808 1287 1865 existimet?

362 1919 514 1988 Rcsp.....

360 2024 386 2076 6.
406 2023 509 2080 interr.
531 2023 631 2079 Utrum
649 2027 730 2088 sciat,
746 2026 898 2079 numforte
911 2026 1044 2080 intereos
1059 2030 1089 2080 et
1105 2025 1259 2093 praefatum
1274 2023 1451 2078 Sacerdotem

273 2127 331 2182 ulla
351 2144 472 2199 unquam
492 2130 633 2185 extisterit
650 2131 706 2184 odii
725 2131 770 2185 vel
790 2131 1001 2184 inimicitiarum
1021 2127 1122 2184 causa?

362 2233 521 2303 msp.....
970 2295 973 2301 .

361 2337 447 2404 Tunc,
466 2338 559 2393 delato
578 2340 604 2394 ei
624 2339 780 2394 iuramento
798 2340 831 2394 de
850 2345 958 2395 secreto
978 2341 1003 2393 S.
1018 2340 1108 2394 Officii
1128 2340 1273 2408 servande,
1284 2341 1355 2411 quod
1373 2356 1453 2409 prae·
1545 2345 1549 2352 '

270 2446 345 2500 stitit
365 2455 393 2500 ut
413 2464 505 2516 snpra,
524 2447 653 2502 dimissus
671 2448 738 2514 fuit,
755 2458 785 2502 et
802 2453 953 2520 antequam
972 2449 1142 2514 discederet,
1161 2449 1190 2502 in
1209 2451 1449 2504 confirmationem

272 2557 486 2624 praemissorum
505 2574 535 2610 se
554 2557 725 2625 subscripsit.
1259 2539 1261 2544 Α

365 2702 535 2771 Subscriptio
554 2702 748 2771 nurdopraptm
765 2703 842 2755 testie
861 2703 907 2755 uel
926 2705 985 2757 eius
1003 2704 1114 2771 sipnum
1132 2702 1167 2770 »Β
1187 2703 1287 2755 crucia.

362 2848 433 2898 Acta
451 2850 517 2898 sunt
536 2843 605 2899 haec
624 2827 674 2913 per
691 2861 735 2898 me
755 2843 779 2897 N
781 2884 857 2898 .....
878 2846 902 2899 Ν
905 2883 981 2899 .....
1002 2848 1124 2915 (nemen,
1144 2861 1297 2915 copnomen
1316 2854 1342 2899 et
1361 2843 1460 2914 qualia

271 2960 343 3015 teter
362 2951 494 3021 Episcopi
511 2952 559 3004 uel
577 2956 638 3007 eius
657 2952 787 3021 Deleyati
804 2954 853 3021 qui
871 2957 1057 3007 testimonium
1076 2950 1200 3021 recepit).

364 3166 630 3232 Deuuucientium
646 3174 679 3233 et
701 3169 829 3233 testium
847 3170 976 3232 nomina
1001 3186 1057 3233 reo
1074 3186 1236 3252 nunquam
1259 3169 1334 3230 sunt
1353 3166 1450 3230 mani-

271 3287 431 3353 festanda.
457 3290 515 3355 Est
537 3293 623 3355 enim
649 3294 730 3357 ratio
753 3291 950 3376 procedendi
973 3292 1086 3357 stricte
1108 3290 1314 3375 inquisitiva.

364 3412 457 3477 Ratio
481 3413 520 3477 ub
544 3433 639 3497 quam
663 3418 696 3479 in
716 3386 866 3500 §quinta
889 3416 1087 3496 decernitur,
1105 3414 1315 3481 Ordinarium
1331 3412 1451 3478 debere

272 3534 313 3599 ed
337 3534 369 3601 S.
394 3534 544 3601 Officium
560 3537 691 3603 deferre
707 3538 988 3605 denunciationem
1004 3546 1037 3605 et
1052 3540 1213 3626 appositas
1229 3538 1451 3603 attestationes

272 3666 322 3726 est
347 3664 422 3745 quia
444 3662 648 3729 denunciatio
669 3683 750 3747 quae
774 3663 885 3729 forsan
910 3672 959 3729 est
978 3668 1083 3749 prima
1099 3666 1131 3729 iu
1148 3665 1240 3729 curie
1256 3662 1472 3748 Episcopeli,'

272 3793 378 3871 potest
402 3789 441 3852 de
464 3787 576 3853 eodem
608 3789 776 3855 sacerdote
798 3792 862 3855 iam
887 3792 1011 3855 iteratis
1039 3790 1162 3855 vicibus
1190 3790 1353 3875 proposita
1378 3808 1449 3853 esse

272 3910 357 3994 apud
372 3909 406 3975 S.
424 3911 573 3979 Officium
599 3913 640 3979 ad
664 3914 746 3998 qued
770 3914 946 3980 deveniunt
969 3917 1065 3980 etiam
1088 3934 1149 3999 per
1165 3912 1449 3978 Poenitentiariam

276 4037 501 4121 Apostolicam.
532 4039 612 4123 lude
640 4040 754 4125 regula
776 4041 941 4127 generalis
964 4040 1046 4105 haec
1073 4047 1139 4114 est,
1165 4058 1280 4124 nempe
1304 4038 1343 4103 de
1371 4058 1449 4123 qua-

273 4181 411 4245 cumque
440 4163 686 4231 denunciatione
717 4165 757 4230 ab
782 4165 958 4232 Ordiuerio
989 4172 1127 4251 excepta
1157 4170 1188 4230 et
1219 4165 1258 4229 de
1290 4184 1352 4250 que
1383 4166 1450 4249 ipse

273 4285 439 4369 inquirere
462 4288 589 4373 incipit,
623 4288 719 4354 debet
741 4289 809 4375 ipse
832 4290 863 4354 S.
896 4290 1014 4374 Oougr.
1043 4290 1072 4355 S.
1099 4286 1206 4355 Officii
1231 4307 1364 4353 monere
1386 4286 1448 4371 (Of.

273 4408 392 4475 Monit.
417 4412 551 4484 Uectem,
576 4414 651 4477 Vol.
676 4414 717 4481 X.
742 4434 772 4499 p.
799 4416 823 4487 1,
848 4436 877 4499 p.
907 4412 978 4480 184.
