3350 5100
310 270 376 336 286
821 292 906 338 raas
936 291 972 337 11.

306 416 505 480 constituant
517 414 569 479 vel
580 415 789 499 semiplenam
798 415 850 480 vel
864 415 991 499 plenam
1003 414 1236 499 probationem.
1249 415 1490 500 ltaintelligea-

308 538 384 603 dum
400 543 449 604 est
460 535 590 605 effatum
603 574 619 587 ·
630 540 768 626 sinpala
779 559 869 625 puae
880 559 951 607 non
958 545 1116 623 prorant,
1129 540 1233 605 simut
1244 542 1342 607 unita
1354 541 1488 622 iuvant;

308 682 347 727 eo
364 668 470 729 tamen
486 670 581 748 pacto
596 670 632 729 ut
647 686 746 731 unum
762 665 926 745 indicium,
942 664 1110 745 abiectior,
1127 665 1265 730 alterum
1281 665 1443 751 compleat
1456 666 1487 729 in

307 807 366 853 sua
382 790 413 854 vi
437 788 616 872 probativa.
633 826 646 837 ·
664 790 779 860 Porro.
797 790 883 855 banc
902 778 1074 875 aliquando
1093 792 1157 855 vim
1178 791 1284 856 inesse
1308 774 1436 856 indiciis
1455 797 1489 855 ut

307 912 405 979 iudici
428 914 580 999 ingerant
603 915 758 980 moralem
781 912 1017 990 certitudinem,
1034 917 1221 999 requisitam
1236 915 1277 980 ad
1293 917 1487 981 sententiam

307 1037 614 1113 condemnatoriam,
638 1059 703 1104 non
725 1039 864 1105 obscure
887 1039 983 1106 docet
1004 1046 1068 1105 art.
1087 1040 1128 1105 16
1144 1040 1197 1105 ait.
1216 1042 1294 1105 last.
1317 1040 1349 1105 S.
1366 1038 1402 1106 G.
1421 1040 1487 1104 ΕΕ.

307 1165 341 1225 et
356 1160 426 1227 RR.
445 1164 489 1229 ita
504 1182 688 1248 expressus.
707 1182 725 1225 r
743 1163 798 1228 Ad
811 1163 1028 1229 retinendam
1043 1162 1081 1228 in
1095 1162 1205 1245 speeie
1221 1161 1488 1245 culpabititatem

306 1289 457 1355 accusati
478 1307 565 1371 opus
585 1296 633 1355 ert
652 1288 856 1372 probatione
872 1288 983 1374 lepati,
1001 1306 1090 1373 quae
1106 1289 1188 1354 talia
1204 1288 1378 1355 continere
1392 1285 1488 1353 debet

306 1414 472 1479 elementa
494 1420 532 1479 ut
553 1414 731 1499 veritatem
753 1413 885 1480 evincat
912 1418 973 1479 aut
1001 1414 1122 1479 saltem
1145 1414 1287 1479 indurat
1316 1413 1486 1479 nwrulem

305 1537 552 1609 certitudinem.
563 1542 693 1605 remoto
709 1537 746 1601 in
761 1536 975 1603 eontrarium
988 1536 1107 1621 qaoorb
1121 1536 1321 1603 rationabili
1335 1534 1439 1601 dubia
1453 1555 1485 1598 ›.

308 1661 346 1727 In
369 1665 545 1747 systemate
567 1668 675 1727 autem
698 1662 839 1728 intimae
857 1661 1095 1743 permansionis
1119 1661 1241 1725 nullam
1265 1660 1397 1727 facessit
1424 1658 1486 1723 dif-

306 1784 482 1853 ficultatem
504 1787 586 1852 haec
608 1788 719 1869 thesis,
735 1786 899 1870 vsiquidem
922 1787 1041 1853 indicia
1063 1806 1128 1853 non
1152 1787 1257 1853 minus
1280 1806 1376 1869 quam
1402 1787 1487 1851 aliae

307 1910 512 1996 probationes
535 1912 707 1977 veritatem
731 1910 886 1997 detegere
910 1917 985 1977 nata
1008 1916 1092 1977 sunt.
1112 1946 1127 1960 -
1153 1912 1367 1977 Nihilominus
1392 1914 1486 1977 caute

306 2034 471 2123 procedat,
495 2055 629 2102 necesse
652 2040 710 2108 est.
734 2036 833 2101 iudex
857 2037 890 2100 in
914 2035 1152 2121 perpendendis
1164 2035 1291 2101 indiciis
1315 2056 1356 2101 ne
1379 2035 1485 2100 ballu-

306 2158 521 2224 cinationibus
547 2161 615 2244 ipse
645 2159 818 2225 subiaceat
852 2158 902 2225 nd
935 2178 1004 2225 rem
1035 2164 1210 2227 teneantur
1237 2159 1301 2225 hae
1332 2159 1482 2245 regulam

310 2284 341 2367 l)
363 2282 475 2349 Unam
489 2282 655 2349 indiciam
666 2302 737 2348 non
748 2300 818 2349 erre
829 2280 1053 2365 probandum
1064 2283 1132 2351 atio
1149 2282 1285 2356 indicio,
1298 2300 1358 2349 reu
1374 2283 1482 2349 canie-

307 2413 415 2481 ctura,
438 2409 499 2475 rad
521 2412 650 2476 certam
672 2426 744 2473 erse
767 2406 889 2474 mirere
911 2406 949 2472 in
971 2408 1104 2475 ratione
1132 2408 1217 2490 faeti
1246 2426 1307 2473 seu
1338 2407 1376 2472 in
1406 2406 1483 2474 srib-

306 2532 432 2598 rtantia
450 2530 675 2615 probationis.
698 2565 715 2580 ·
740 2530 841 2596 Serus
865 2530 950 2594 enim
974 2528 1010 2598 lit
1031 2530 1122 2598 locus
1138 2548 1301 2598 coaeemm
1318 2551 1484 2618 praesum·

307 2660 451 2745 ptionum
474 2664 507 2724 et
522 2659 793 2732 coniecturarum,
810 2658 894 2743 quod
910 2663 978 2723 tum
994 2658 1100 2760 lopiac
1111 2662 1178 2722 tum
1194 2657 1339 2725 inridier
1355 2658 1483 2743 plenum

306 2790 356 2850 est
382 2784 529 2869 periculi.
554 2784 665 2850 Veluti
688 2786 715 2849 si
739 2785 880 2850 clericus
908 2784 1087 2869 postuletur
1119 2783 1256 2849 crimine
1288 2784 1479 2849 iniuriarum

305 2908 358 2972 rel
382 2906 482 2972 libelli
505 2906 619 2972 famosi
642 2905 798 2970 adversus
821 2905 920 2970 alium
944 2905 1100 2971 clericum
1117 2909 1150 2970 et
1164 2907 1329 2970 accusatio
1350 2906 1481 2990 probari

306 3032 385 3096 velit
402 3032 542 3095 maxime
556 3051 599 3095 ex
614 3030 740 3096 indicio
755 3029 953 3096 inimicitiae
969 3030 1064 3095 unius
1087 3029 1120 3093 in
1143 3030 1301 3104 alterum;
1323 3030 1387 3095 hoc
1404 3031 1484 3096 iudi-

305 3157 391 3222 cium
415 3172 479 3219 non
502 3158 552 3221 est
574 3172 619 3220 ex
633 3155 828 3220 coniecturis
844 3151 1073 3219 desumendum
1089 3152 1145 3218 sed
1163 3152 1264 3218 solide
1283 3153 1485 3238 probandum

307 3282 341 3346 in
363 3278 497 3346 ratione
510 3278 604 3362 faeti,
625 3278 776 3344 videlicet
793 3297 912 3343 revera
931 3277 990 3344 sibi
1014 3279 1154 3344 invicem
1178 3295 1250 3343 esse
1273 3277 1430 3346 inimicos
1452 3285 1484 3344 et

307 3409 492 3470 accusatum
517 3408 551 3468 et
572 3403 676 3468 civem
699 3402 822 3468 laesum
839 3407 874 3467 ut
890 3407 981 3468 certa
997 3403 1038 3468 sit
1057 3397 1245 3468 substantia
1257 3401 1482 3485 probationis.

307 3531 388 3595 liein
410 3547 528 3594 secure
550 3525 761 3614 perpenditur
775 3526 965 3594 rabstantia
979 3525 1098 3594 indicii
1122 3545 1179 3592 seu
1202 3529 1272 3592 eius
1295 3528 1344 3593 vis
1368 3527 1485 3613 proba·

306 3655 375 3720 tiva
397 3653 480 3739 quod
503 3652 544 3718 ad
568 3652 688 3717 lactum
712 3652 930 3718 criminosum.

395 3778 429 3864 2)
453 3777 666 3844 Indieioram
688 3777 740 3842 ais
757 3775 940 3859 probativa
963 3795 1034 3842 non
1058 3781 1204 3862 cupetur
1227 3779 1287 3840 ant
1315 3775 1484 3842 minuitur

305 3904 440 3970 ratione
465 3902 602 3968 numeri
623 3901 684 3967 red
706 3899 840 3967 ratione
867 3900 1008 3966 intimae
1034 3899 1265 3982 cohaesionis;
1287 3919 1360 3967 non
1390 3919 1485 3968 ream

304 4047 349 4094 ac
371 4027 522 4112 quinque
540 4031 660 4110 parter
687 4024 790 4092 uniar
812 4023 923 4104 solidi,
948 4023 978 4090 si
1000 4029 1129 4104 coeant,
1153 4023 1318 4090 unitatem
1339 4023 1482 4106 faciam.

396 4153 429 4234 3)
448 4171 467 4215 ‹
483 4149 563 4218 Non
585 4151 668 4216 satir
689 4154 782 4232 patet
805 4148 855 4214 air
874 4147 1057 4232 probativa
1072 4147 1280 4215 indiciorum
1299 4147 1368 4215 nisi
1388 4148 1483 4232 facta

303 4277 349 4342 sit
371 4280 527 4343 measato
550 4275 698 4357 facultas
720 4294 756 4340 re
778 4273 1017 4340 excusandi».
1042 4273 1084 4340 Ut
1108 4291 1194 4346 ecce,
1212 4276 1303 4358 gutta
1317 4274 1483 4360 sanguinis

306 4408 439 4490 reperta
461 4405 495 4468 in
517 4407 608 4468 veste
630 4402 772 4468 accusati
788 4401 831 4466 de
847 4397 1026 4467 homicidio
1050 4404 1100 4464 est
1122 4399 1297 4464 maximum
1320 4399 1481 4473 indicium,
