3350 5100
666 531 787 634 PARS
815 535 860 631 ΙΙ.

460 742 526 822 De
550 741 723 824 iudiciis
748 743 1069 825 criminalibus.

649 1188 830 1256 TITULUS
855 1189 881 1253 l.

317 1383 362 1430 DE
385 1384 615 1432 oamrtfflorta
638 1383 759 1432 wolon
783 1385 983 1434 calametis
1008 1384 1043 1430 ΙΝ
1068 1383 1214 1430 GENERE.

177 1554 393 1612 mariun.
411 1587 445 1600 -
464 1559 507 1612 97.
527 1557 662 1613 iudicium
681 1559 827 1616 criminale
851 1561 975 1630 pertinet
999 1559 1033 1614 ad
1059 1563 1227 1629 potestatem
1253 1557 1357 1628 puniti-

264 1681 327 1718 vum
347 1669 531 1726 caecutirem
543 1693 580 1706 -
596 1665 641 1718 98.
660 1665 759 1720 Differt
777 1683 795 1720 a
816 1666 920 1720 iudicio
946 1665 1023 1720 civili
1048 1665 1221 1735 potissimum
1247 1665 1356 1720 ratione

265 1785 402 1838 personae
414 1774 518 1825 actoris
530 1787 579 1824 eeu
592 1772 771 1825 commorit.
781 1799 818 1812 -
827 1769 871 1824 99.
885 1769 976 1830 Quare
989 1768 1153 1839 explicanda
1171 1773 1238 1824 sunt
1255 1769 1358 1824 iudicia

264 1876 422 1932 criminalia
441 1879 470 1932 in
489 1895 524 1933 ee
541 1885 621 1948 parte
640 1896 695 1949 que
713 1879 846 1933 differunt
864 1895 882 1932 e
899 1879 1040 1933 civilibus.

265 2075 318 2140 97.
334 2076 401 2139 Iam
418 2075 617 2143 advertimus
633 2079 666 2142 iu
682 2079 847 2163 prooemio
864 2076 1007 2142 adhunc
1025 2076 1200 2142 secundum
1215 2075 1356 2158 Librum,

180 2219 247 2264 rem
258 2201 460 2266 criminalem
470 2200 571 2266 veluti
587 2201 690 2267 tribus
705 2201 851 2287 partibus
867 2207 1027 2273 constare,
1045 2219 1160 2287 nempe
1177 2201 1216 2264 iis
1232 2198 1366 2286 legibus¹

181 2345 312 2408 querum
328 2327 460 2391 violatio
476 2332 526 2391 est
541 2326 690 2409 crimem
707 2328 830 2410 poenis
854 2325 967 2410 quibus
991 2330 1186 2392 coercentur
1202 2327 1356 2401 crimina;

179 2450 311 2516 iudiciis
327 2451 563 2518 criminalibus
577 2452 690 2536 quibus
704 2453 868 2537 detegitur
884 2453 1007 2518 crimen
1024 2458 1059 2516 ut
1075 2453 1220 2516 criminis
1243 2455 1358 2516 auctor

180 2576 300 2643 debitas
326 2577 396 2642 luat
421 2597 550 2663 poenas.
578 2612 595 2626 ·
620 2578 716 2643 Modo
743 2578 783 2643 de
810 2580 873 2644 hoc
899 2558 997 2645 tertio
1017 2583 1176 2643 momento
1192 2578 1358 2662 potestatis

180 2704 374 2767 coercitivae
397 2691 525 2768 socialis
547 2708 693 2768 nostrum
717 2708 767 2768 est
790 2702 963 2769 disserere.

266 2827 320 2891 98.
345 2827 467 2893 Iudicia
490 2805 671 2892 criminalia
694 2834 845 2912 spectant
868 2827 909 2892 ad
932 2827 1077 2893 crimina
1102 2832 1135 2891 et
1158 2826 1198 2891 ad
1216 2844 1357 2910 poenae,

179 2952 276 3018 veluti
300 2954 519 3018 necessarium
544 2955 723 3038 practicum
739 2954 986 3025 consectarium,
1003 2972 1046 3018 ne
1062 2952 1186 3018 seilicet
1202 2952 1360 3018 inutiliter

180 3076 213 3139 in
234 3076 346 3141 codice
360 3077 468 3162 legum
485 3079 623 3142 crimina
645 3080 756 3163 poenis
772 3084 1002 3154 coerceantur;
1027 3079 1182 3163 siquidem
1199 3079 1232 3142 in
1255 3079 1359 3143 socie·

180 3206 243 3265 tate
274 3202 441 3266 hominum
472 3202 544 3268 sive
578 3203 665 3268 civili
695 3205 763 3267 sive
794 3204 948 3289 religiosa
979 3206 1116 3269 crimina
1146 3224 1211 3267 non
1242 3200 1359 3267 accidit

183 3328 306 3411 expiari
329 3328 451 3411 poenis,
471 3327 532 3391 nisi
556 3331 724 3411 postquam
751 3348 811 3414 per
837 3330 1053 3413 cognitionem
1081 3328 1260 3393 iudicialem
1284 3348 1358 3411 pro-

181 3450 252 3516 bato
275 3453 413 3517 crimine
436 3453 568 3535 eiusque
591 3459 734 3534 auctore,
752 3454 804 3518 hic
828 3474 972 3539 congrua
996 3474 1109 3540 poena,
1133 3452 1247 3518 iudicis
1271 3453 1360 3515 mini·
1426 3484 1432 3499 ·

183 3577 289 3647 sterio,
313 3575 490 3640 mulctatur
510 3572 572 3661 (l).

267 3700 433 3765 Naturalis
456 3703 564 3765 autem
580 3705 744 3765 structura
760 3701 867 3766 iudicii
885 3701 1070 3771 criminalis.
1088 3698 1193 3785 quoad
1210 3699 1357 3764 substau-

183 3824 265 3896 tiam,
283 3823 396 3889 eadem
414 3829 463 3890 est
479 3844 518 3888 ac
533 3843 572 3888 ea
587 3824 695 3889 iudicii
707 3823 830 3898 civilis;
848 3824 932 3908 quod
945 3824 1143 3890 advertimus
1159 3824 1359 3909 explicantes

180 3950 423 4034 proteyomena
452 3948 490 4013 in
521 3948 649 4015 iudicia
681 3949 916 4029 ecclesiastica,
941 3949 998 4013 sed
1021 3950 1131 4033 plures
1159 3946 1360 4014 differentiae

251 4124 290 4193 (1)
310 4125 421 4179 Revera
438 4125 468 4179 iu
487 4126 622 4179 societate
635 4126 769 4194 religiosa
788 4126 917 4179 feruntur
930 4140 1036 4194 poenae
1057 4126 1104 4177 lat.
1118 4135 1186 4179 sent.
1207 4126 1267 4195 ipso
1285 4127 1361 4180 sacto

183 4227 372 4297 incurrendae,
390 4230 439 4283 eed
459 4246 509 4283 suo
528 4230 600 4295 loco,
622 4230 683 4284 Vol.
696 4231 733 4283 llI
747 4250 772 4283 n.
786 4232 823 4283 72
835 4248 885 4301 sq„
905 4230 1075 4284 advertimus
1090 4230 1200 4297 plenam
1220 4233 1362 4287 executio-

185 4337 367 4403 nem‚ealtem
385 4337 478 4409 quoad
496 4342 594 4409 sorum
613 4347 772 4403 externum,
785 4337 836 4391 hes
850 4354 903 4391 non
923 4338 1018 4392 sortiri
1038 4339 1091 4393 nisi
1111 4345 1173 4409 post
1192 4340 1361 4395 sententiam

184 4443 409 4498 declaratoriam.
