3350 5100
362 298 425 362 ‘ill
876 307 959 391 runs
990 307 1027 353 11.

362 455 503 520 «inopen
538 433 706 500 infamiam
734 451 800 496 non
831 430 1056 515 praecessisse,
1089 451 1108 490 a
1173 435 1255 492 tunc
1283 421 1341 508 (ait
1367 424 1535 508 Fagnanus

364 585 393 626 :u
425 563 451 626 i.
479 570 499 626 t.
524 583 559 626 ru
582 561 642 644 ot)
673 577 791 626 amum
814 555 925 622 iudice
949 553 1190 642 appellationis
1213 556 1384 617 teneretur
1402 549 1535 633 primus
1628 543 1629 584 ἶ

362 689 467 755 lurica·
491 688 534 752 ile
558 685 704 766 intiama
718 683 835 766 facere
853 682 995 763 plenam
1010 680 1112 764 fidem
1131 700 1160 743 r.
1178 677 1336 761 Equidem
1352 675 1535 741 canonistas

360 833 452 878 suum
478 810 642 894 ingenium
672 807 840 870 torserunt
863 807 899 867 ut
922 821 993 866 cum
1025 820 1178 886 processu
1211 799 1405 884 inquisitiva
1434 797 1535 864 conci-

362 941 478 1002 liarent
502 933 718 1002 auditionem
738 927 904 1011 praeviae
927 928 1097 992 clamosae
1112 925 1373 996 insinuationes,
1396 943 1452 988 seu
1473 920 1535 1002 dis-

365 1057 573 1130 iuuutiouis,
585 1075 650 1121 uon
673 1054 751 1118 satis
774 1051 1008 1134 distinguentes
1032 1049 1180 1114 litteram
1195 1047 1278 1133 legis
1293 1046 1333 1111 ab
1350 1045 1419 1110 eius
1432 1046 1533 1110 inten·

361 1198 459 1250 sume.
488 1183 593 1246 Pcrm
616 1178 688 1243 lnn.
713 1176 762 1241 IlI
787 1173 920 1240 adhibet
934 1171 1022 1237 illam
1039 1174 1200 1238 rationem
1214 1170 1366 1255 loquendi
1382 1176 1419 1236 ut
1432 1173 1534 1234 osten·

359 1309 452 1374 dores
475 1308 509 1370 iu
529 1319 691 1390 processu
713 1298 909 1384 inquisitiva
933 1317 997 1361 non
1021 1297 1144 1370 deesse,
1163 1315 1288 1382 reapse,
1305 1299 1534 1362 aoursatorem

360 1453 392 1501 es
417 1431 503 1498 hune
519 1447 589 1494 esse
608 1427 793 1492 clamosam
805 1422 1080 1489 insinuationem.
1100 1423 1148 1486 lta
1163 1426 1296 1487 servata
1311 1427 1361 1488 est
1375 1420 1535 1506 elegantia

360 1555 517 1625 «lectionis
538 1549 705 1618 iuridicae
727 1549 761 1611 in
785 1547 997 1633 exprimendo
1029 1546 1166 1632 quodam
1196 1548 1348 1616 instituto
1373 1545 1533 1616 tariano,

360 1681 444 1767 quod
467 1674 674 1746 obtinebatur
688 1692 748 1757 per
763 1670 980 1738 evolutionem
1005 1675 1169 1736 notionum
1186 1672 1395 1737 iuridicarum
1419 1674 1452 1734 et
1475 1669 1536 1733 hoc

360 1811 455 1896 pecto
477 1819 647 1890 processus
662 1796 865 1880 inquisitivus
888 1797 920 1861 in
945 1817 1052 1862 mores
1068 1797 1197 1863 facilius
1213 1796 1414 1882 pertransiit;
1438 1799 1490 1859 ast
1503 1795 1534 1858 in

358 1949 417 1998 sna
432 1924 609 1992 substantia
624 1923 773 1986 clamosa
788 1920 973 1986 insinuatio
987 1921 1032 1984 nil
1049 1925 1098 1988 est
1114 1920 1199 1987 aliud
1214 1921 1275 1986 nisi
1288 1919 1462 1984 necessitas
1475 1917 1537 1982 col·
1628 1921 1629 1976 ξ

357 2049 479 2140 ligendi
511 2048 629 2112 indicia
655 2051 689 2111 et
714 2044 920 2130 probationes
951 2046 1028 2110 satis
1059 2065 1194 2131 graves,
1222 2049 1392 2129 antequem
1421 2043 1536 2127 aliquis
1628 2127 1629 2146 ,

358 2177 399 2244 de
422 2174 559 2242 crimine
588 2172 622 2234 in
654 2169 771 2235 iudicio
802 2169 992 2253 postuletur.
1023 2168 1069 2234 cf.
1097 2171 1174 2235 Inst.
1200 2169 1231 2236 S.
1258 2170 1292 2235 O.
1316 2169 1383 2234 ΕΕ.
1408 2175 1441 2234 et
1464 2167 1535 2231 RR.
1628 2187 1629 2263 ἐ

357 2319 406 2368 aa.
431 2295 463 2360 V
487 2299 524 2358 et·
542 2293 636 2358 XXI.

447 2417 579 2513 Deinde,
604 2417 648 2480 uti
672 2415 713 2480 ab
737 2415 798 2479 ista
817 2420 1078 2498 consequentem,
1107 2416 1211 2481 Bouix
1236 2417 1257 2480 l.
1282 2435 1309 2482 a.
1331 2415 1419 2499 ponit
1438 2412 1534 2477 aliam
1628 2433 1629 2436 ¹

357 2542 502 2631 regulam
530 2540 709 2612 <Quando
732 2541 892 2622 superior
909 2539 1068 2623 procedit
1089 2540 1137 2606 acl
1163 2539 1373 2607 instantiam'
1390 2535 1535 2605 alicuius

355 2666 609 2754 inquisitionem
618 2663 839 2748 procurantis
855 2645 950 2730 debet
962 2665 1140 2748 praemitti
1148 2664 1308 2747 probatio
1320 2662 1490 2746 infamiae
1501 2680 1532 2725 s.

356 2792 448 2859 Haec
463 2795 513 2855 est
527 2789 675 2855 doctrina
690 2790 878 2869 communis,
888 2790 965 2872 'quie
981 2794 1059 2853 tunc
1075 2788 1174 2855 iudex
1190 2788 1338 2876 procedit
1352 2786 1392 2852 ad
1408 2788 1534 2852 instan·
1628 2778 1629 2805 i

354 2917 433 2983 tiam
444 2914 580 2979 alicuius
595 2913 841 2989 denuntiantis,
854 2914 909 2996 qui
925 2933 999 2978 cum
1015 2932 1081 2978 non
1098 2916 1178 2982 velit
1193 2913 1461 2980 fieriacousator
1477 2930 1533 2975 seu

355 3045 458 3116 actor,
475 3040 568 3105 debet
584 3038 723 3125 probare
739 3039 904 3104 infamiam
922 3040 1033 3113 veluti,
1051 3041 1227 3107 clamorem
1243 3041 1350 3127 populi
1366 3039 1533 3105 christiani
1628 3042 1629 3093 t

356 3165 529 3232 excitantis
551 3160 689 3228 officium
713 3164 837 3230 iudicis.
854 3164 898 3229 nt
921 3165 1025 3228 Bouix
1049 3164 1227 3250 exprobrat
1244 3162 1465 3237 Reiffenstueb
1482 3162 1533 3247 qui

355 3292 390 3357 h.
411 3294 436 3357 t-
458 3309 493 3356 n.
518 3290 585 3353 177
607 3309 657 3374 sq.
682 3292 774 3374 ponit
795 3290 1045 3371 conclusionem,
1068 3292 1180 3373 specie
1203 3272 1309 3366 tenus,
1326 3291 1533 3357 contrariam.
1628 3276 1629 3321 l

356 3418 491 3501 Inquem
505 3415 617 3498 specie
639 3419 736 3481 tenus
759 3416 967 3489 contrariam,
984 3417 1060 3499 quia
1075 3418 1263 3501 requisitum
1279 3418 1448 3501 infamiae
1470 3434 1533 3480 non

354 3538 456 3625 probe
490 3537 684 3623 intelligitur
716 3540 743 3604 si
778 3540 823 3603 ita
857 3540 1032 3604 assumitur
1062 3544 1097 3605 ut
1127 3540 1276 3626 probatio
1310 3542 1533 3625 expostuletur
1628 3592 1629 3623 ,

354 3664 540 3731 necessario
563 3664 606 3730 de
627 3662 719 3746 facto
742 3662 898 3746 publicae
915 3665 1061 3731 amissae
1082 3665 1201 3749 famae
1226 3688 1268 3732 ex
1292 3676 1387 3753 parte
1410 3666 1531 3731 denun-

355 3790 441 3871 ciali,
460 3790 533 3854 dum
552 3809 632 3853 vero
656 3786 775 3854 sufficit
789 3810 809 3853 a
825 3789 1041 3893 denunciante
1064 3790 1259 3857 iudicialiter
1281 3794 1360 3857 talia
1383 3791 1532 3878 praeberi

355 3909 484 3985 indicia,
502 3914 534 3975 et
549 3916 751 3995 argumenta,
769 3910 882 3993 quibus
899 3912 1029 3977 innixus
1049 3912 1146 3977 iudex
1162 3912 1343 3999 prudenter
1357 3915 1425 3999 agit
1448 3914 1532 3977 insti·
1628 3904 1629 3965 i

354 4037 449 4100 tuens
471 4033 707 4117 inquisitionem
730 4034 1033 4118 specialissimam,·
1056 4055 1120 4101 noa
1149 4057 1242 4103 secus
1267 4056 1307 4103 aa
1331 4036 1469 4131 diximus
1496 4038 1532 4101 iu

354 4163 436 4224 uota
459 4158 656 4225 disserentes
678 4159 718 4222 de
740 4159 881 4241 speciali
902 4161 1118 4243 inquisitione,
1142 4162 1227 4227 unde
1251 4160 1287 4227 fit
1309 4162 1465 4229 transitus
1491 4160 1530 4225 ad

354 4280 647 4363 specialissimam,
672 4284 697 4345 si
722 4287 822 4347 testes
846 4282 992 4347 referant
1017 4285 1147 4366 quinam
1175 4286 1215 4349 sit
1237 4290 1353 4350 auctor
1376 4284 1529 4349 criminis.
1628 4288 1629 4377 ζ

356 4407 447 4470 Tunc
462 4406 547 4470 enim
573 4426 615 4470 ex
638 4411 730 4490 parte
745 4406 960 4490 delinquentis
971 4409 1122 4473 amissum
1140 4415 1189 4473 est
1203 4408 1258 4473 ius
1271 4408 1389 4492 famae
1404 4407 1530 4492 quando
1628 4380 1629 4425 i
