3350 5100
425 315 468 360 na
492 311 633 360 mmons
658 306 902 358 caruissemus
927 304 963 351 ru
986 302 1103 349 sunem
1287 279 1349 346 381

1036 445 1047 474 d

357 647 379 753 ξ
402 671 434 735 2.
460 669 510 734 Dc
533 651 695 734 cadmina
717 683 776 732 seu
800 662 978 729 constituto
1001 657 1164 745 inquisiti.

156 915 387 974 Summarium.
405 947 441 962 -
459 917 521 972 312.
540 916 655 978 Quando
674 915 707 968 ad
727 912 854 985 inquisiti
873 928 990 968 examen
1008 927 1058 966 seu
1077 911 1254 964 coustitutum
1267 907 1349 960 devo-

259 1028 362 1081 niatur.
374 1055 410 1068 -
422 1025 483 1080 313.
500 1025 538 1079 116
551 1023 634 1078 huius
646 1023 781 1077 citatione
794 1025 823 1076 et
836 1020 871 1074 de
883 1025 979 1074 tenore
993 1018 1144 1073 citationis.
1156 1046 1192 1060 -
1205 1018 1265 1073 311.
1279 1020 1350 1081 Quo·

258 1131 356 1202 tuplex
369 1133 468 1186 citatio
481 1131 641 1202 requiratur
654 1129 687 1184 ad
701 1129 914 1183 contumaciam.
926 1155 961 1168 -
971 1126 1031 1180 315.
1050 1125 1174 1196 Regulos
1190 1142 1350 1182 communes

257 1239 411 1293 servandae
424 1240 452 1291 in
467 1237 602 1292 examine.
622 1265 658 1278 -
670 1235 733 1290 316.
751 1235 788 1289 De
802 1234 883 1289 modo
897 1233 1067 1304 proponendi
1080 1233 1304 1302 interrogatoria.
1315 1263 1350 1275 -

257 1345 320 1400 317.
342 1345 380 1400 De
399 1345 605 1400 contestatione
624 1342 719 1398 delicti
740 1343 815 1396 iacta
834 1358 882 1396 reo
895 1340 1028 1396 delictum
1045 1341 1169 1412 neganti.
1182 1369 1217 1382 -
1230 1342 1290 1396 318.
1311 1341 1351 1398 De

256 1453 392 1522 inquisito
411 1455 537 1508 confesso
556 1458 605 1506 aut
625 1452 726 1522 partim
746 1455 796 1505 aut
813 1451 843 1504 in
862 1450 1053 1505 toto-319.
1067 1449 1106 1505 116
1124 1449 1244 1504 cautelis
1256 1451 1350 1506 obser·

257 1560 356 1614 randis
375 1560 403 1614 in
422 1558 612 1615 concludendo
631 1559 759 1614 examine
778 1574 826 1613 seu
847 1559 1000 1612 constante.

257 1815 333 1880 312.
361 1817 534 1881 Instructio
551 1815 582 1878 in
599 1819 661 1878 art.
679 1814 760 1878 XXI
778 1814 823 1878 ita
845 1813 1041 1880 determinat
1061 1819 1257 1879 momentum
1278 1834 1348 1899 pro-

164 1963 292 2022 cessus,
317 1961 378 2024 quo
402 1941 570 2024 inquisitus
598 1939 637 2005 ad
667 1956 803 2003 examen
830 1945 976 2003 vocatur.
1003 1938 1152 2009 ‹Quum
1173 1940 1349 2006 collectum

159 2067 272 2150 fuerit
295 2065 464 2150 quidquid
494 2083 580 2148 opus
610 2062 729 2130 estod
757 2063 999 2130 stabiliendum
1029 2063 1161 2145 sactum
1189 2070 1222 2129 et
1248 2065 1348 2130 huius

160 2192 427 2275 imputationem
449 2192 486 2256 iu
509 2195 724 2264 comisatum,
750 2190 803 2256 tu'c
825 2195 968 2256 uocatur
990 2189 1037 2254 ud
1063 2207 1210 2255 onumen
1226 2210 1256 2253 s.
1281 2190 1348 2254 Ma-

161 2319 246 2382 ximi
269 2317 421 2402 ponderis
445 2321 496 2382 est
517 2321 607 2382 reete
631 2317 801 2401 percipere
827 2315 1049 2382 intentionem
1079 2315 1176 2379 huius
1206 2316 1346 2397 articuli,

161 2463 203 2508 eo
229 2444 331 2527 magis
355 2443 428 2526 quia
453 2442 565 2507 littera
587 2441 716 2507 facilem
733 2439 869 2524 praebet
882 2439 1114 2523 aequivocandi
1130 2442 1345 2505 occasionem.

161 2568 293 2633 Etenim
318 2574 426 2653 posset
449 2567 562 2641 videri,
587 2568 770 2651 inquisitum
795 2568 937 2631 examini
954 2586 1019 2631 nen
1035 2587 1106 2631 esse
1124 2566 1344 2634 subiicendum

162 2696 226 2759 nisi
252 2715 357 2778 quum,
376 2696 460 2759 <imni
486 2695 599 2780 procul
616 2694 721 2775 dubio,
739 2695 783 2759 uti
802 2714 877 2758 reus
893 2714 936 2758 ex
953 2694 1158 2777 inquisitione
1177 2694 1345 2760 convictus

159 2818 273 2885 luerit.
300 2822 363 2886 Hic
386 2826 436 2885 est
459 2822 617 2885 maximus
641 2840 747 2892 error,
772 2839 866 2903 quem
897 2840 996 2905 supra
1028 2820 1188 2885 innuimus
1211 2841 1242 2884 n.
1267 2820 1344 2886 202.

160 2944 328 3030 Siquidem
354 2946 480 3016 indicia,
497 2947 729 3017 attestationes,
747 2947 955 3010 coniecturae
979 2946 1135 3009 collectae
1159 2966 1201 3009 ex
1216 2947 1345 3029 inquisi-

160 3072 262 3143 tione,
281 3088 364 3153 quae
380 3070 492 3133 forsan
509 3069 669 3149 videntur,
687 3070 836 3151 inquisito
853 3069 994 3133 nondum
1014 3068 1132 3141 audito,
1152 3076 1345 3154 argumenta

159 3196 379 3262 accusationis
403 3197 592 3270 certissima,
610 3196 716 3261 statim
740 3214 779 3259 ac
799 3216 875 3260 reus
895 3192 1128 3279 interrogatur,
1146 3201 1344 3260 evanescunt

160 3320 264 3385 veluti
278 3319 438 3385 nubecula
451 3319 541 3384 radin
554 3320 629 3384 solis
646 3322 799 3405 opposita.
814 3319 940 3386 Sufficit
951 3340 1014 3383 nnn
1031 3322 1131 3384 semel
1144 3320 1220 3385 facti
1234 3319 1343 3385 adiun-

160 3452 249 3511 ctum
273 3446 306 3507 in
330 3446 472 3527 inquisiti
499 3444 759 3528 responsionibus
779 3452 894 3529 aperte
909 3446 1147 3511 manifestatum
1171 3446 1211 3509 ad
1236 3455 1342 3511 retun-

160 3568 300 3633 dendam
321 3571 422 3633 aciem
439 3570 665 3633 accusationis.
686 3570 797 3652 ltaque
813 3588 856 3633 ne
871 3578 997 3654 tempus
1014 3570 1136 3635 trustra
1152 3571 1340 3641 insumatur.

160 3713 260 3776 quum
284 3693 422 3758 collecta
445 3692 567 3756 inerint
591 3691 717 3773 indicia,
734 3711 815 3776 quae
835 3694 913 3759 satis
936 3693 1075 3778 probant
1093 3695 1212 3760 factum
1237 3698 1341 3761 crimi-

160 3840 275 3884 nosum
292 3820 325 3883 in
341 3820 406 3884 suis
422 3818 953 3904 01110011116111001ςηί11001111
971 3822 1070 3888 citato
1087 3828 1151 3888 ort.
1163 3824 1341 3890 -stubitire

156 3944 292 4025 fuctum
309 3949 344 4025 -)
360 3964 420 4009 nec
445 3964 507 4008 non
532 3946 678 4010 criminis
699 3951 875 4016 auctorem.
900 3967 964 4038 non
988 3947 1135 4020 obscure,
1160 3948 1340 4033 indigitant,

157 4071 212 4133 hic
235 4076 373 4134 vocetur
396 4070 436 4135 ad
461 4091 610 4135 examen.
629 4072 753 4137 Verum
770 4063 923 4138 advertas
946 4075 1053 4145 velim,
1072 4094 1140 4140 rem
1156 4078 1283 4141 versari
1307 4079 1340 4142 in

156 4192 311 4279 prudenti
336 4194 448 4259 iudicis
471 4194 617 4267 arbitrio,
635 4198 688 4278 qui
709 4195 879 4261 dummodo
902 4199 1050 4264 consulat
1072 4200 1179 4266 lamae
1198 4202 1339 4285 inquisiti

155 4338 199 4383 ne
224 4318 350 4383 scilieet
365 4318 522 4393 eumdem,
539 4340 598 4407 per
622 4323 888 4387 convocationem
905 4324 1087 4401 incuriam,
1104 4331 1228 4391 temere
1243 4346 1339 4412 expo

142 4448 213 4507 wnat
230 4444 421 4526 gravissimo
434 4444 540 4509 famae
553 4444 726 4531 dispendio,
741 4447 988 4531 prudentissime
999 4452 1066 4536 agit
1078 4453 1339 4539 quotiescumque
