3350 5100
354 276 422 341 208
871 252 954 339 rans
983 290 1020 337 11.

354 426 545 486 accusatore
560 420 746 487 monitione
760 417 972 484 charitativa.
991 449 1009 463 -
1029 414 1177 479 Iamvero
1193 413 1258 477 DD.
1275 411 1475 497 respondent
1492 429 1537 475 aa

353 542 482 608 institia
496 562 555 609 sen
574 563 616 607 ex
631 543 769 627 positiva
784 541 866 605 iuris
882 539 1138 625 praescriptione
1155 534 1310 601 eiusmodi
1326 534 1536 599 monitionem

353 685 420 730 non
443 669 580 752 requiri;
608 668 761 732 nimirum
783 664 895 731 nullibi
920 683 1025 747 neque
1048 664 1120 727 inre
1147 662 1279 744 antiqno
1296 660 1405 725 caveri
1430 676 1536 739 nsque

355 793 427 856 iure
453 791 683 857 Decretalium.
711 792 756 854 At
775 808 821 854 ea
843 788 1008 853 charitate
1035 786 1118 851 haec
1146 784 1279 848 monitio
1311 778 1462 847 facienda
1490 785 1539 843 est

354 917 380 981 si
412 921 566 1001 speretur
588 914 691 979 bonus
721 910 873 992 effectus,
897 917 933 975 ut
953 909 1054 976 tradit
1084 908 1244 975 Sahmalz.
1270 908 1301 969 b.
1327 913 1348 970 t.
1370 925 1405 969 n.
1431 905 1491 971 88.
1517 938 1534 951 -

355 1040 459 1105 Hodie
483 1060 564 1106 vero
586 1058 756 1125 possumus
778 1037 900 1102 addere
923 1038 1020 1101 etiam
1035 1054 1079 1100 ex
1094 1036 1170 1101 inre
1193 1032 1320 1115 scripto
1336 1051 1413 1098 can.
1431 1032 1535 1094 moni-

353 1161 473 1225 tionem
496 1160 631 1243 requiri
654 1179 713 1225 seu
742 1178 786 1223 ex
812 1158 893 1223 Inst.
917 1158 970 1221 cit
996 1156 1063 1221 EE.
1092 1161 1125 1220 et
1156 1154 1226 1219 RR.
1254 1160 1288 1221 et
1315 1172 1357 1217 ex
1386 1150 1535 1233 receptis

353 1284 515 1365 mambae,
536 1290 694 1369 quatenus
716 1301 851 1369 sperare
869 1283 975 1362 liceat,
993 1284 1041 1345 rei
1059 1280 1314 1345 emendationem
1338 1278 1414 1343 inde
1438 1277 1535 1342 facile

354 1417 540 1475 secuturam
564 1430 645 1475 esse.
678 1411 739 1475 Ast
762 1414 913 1493 receptus
940 1426 1009 1472 mos
1034 1406 1132 1471 hodie
1155 1407 1200 1471 ita
1222 1404 1345 1471 obtinet
1367 1410 1404 1471 ut
1426 1404 1534 1470 moni-

354 1535 460 1602 tiones
482 1524 589 1620 potius'
616 1533 696 1601 fiant
721 1536 813 1600 iuxta
835 1533 1039 1601 canonicam
1060 1532 1215 1615 somnam
1245 1530 1411 1603 a-iudice
1438 1552 1534 1614 quam

351 1659 392 1724 ab
415 1665 607 1725 accusatore
631 1659 683 1724 vel
704 1678 726 1723 a
747 1656 1001 1728 denunciatore,
1025 1658 1071 1723 uti
1095 1662 1187 1742 patet
1213 1674 1257 1721 ex
1279 1657 1418 1721 recitato
1443 1662 1535 1720 textu

355 1786 434 1848 lnst.
458 1783 491 1849 S.
515 1782 551 1849 C.
576 1784 643 1847 En.
668 1788 702 1847 et
725 1782 796 1847 RR.
819 1801 850 1846 a.
876 1780 946 1845 l·6.

445 1907 518 1973 149.
537 1908 716 1972 Praeterea
735 1908 904 1990 quaeritur
919 1907 1063 1991 quinam
1077 1904 1284 1972 denunciari
1300 1904 1444 1988 possint.

444 2033 475 2118 l)
492 2031 525 2097 Si
541 2038 658 2117 agatur
668 2033 710 2097 de
722 2032 971 2098 denunciatione
985 2033 1193 2118 eoanpetica
1206 2036 1324 2096 natura
1338 2048 1408 2103 sua,
1422 2035 1535 2095 entra

353 2138 515 2229 iudiciali.
540 2156 782 2223 denuntiandus
805 2162 854 2221 est
874 2157 1075 2241 detinqaem
1084 2161 1272 2240 postquam
1287 2155 1438 2223 monitus
1462 2154 1533 2227 fuit,

352 2302 468 2367 nempe
490 2284 665 2347 monitione
688 2282 902 2364 abactionem
919 2283 1181 2366 quotiescumque
1201 2281 1287 2347 hanc
1306 2281 1403 2345 fratri
1421 2280 1534 2346 utilem

352 2426 423 2472 esse
446 2408 635 2472 coniicimus
658 2407 846 2492 prudenter.
869 2426 871 2433 ’

442 2534 491 2599 Ad
516 2554 599 2605 rem,
624 2532 763 2600 celebris
792 2539 843 2600 est
865 2534 1026 2598 sententia
1050 2534 1085 2597 Ι).
1112 2506 1285 2618 Augustini
1307 2532 1343 2598 in
1372 2553 1450 2600 can.
1480 2532 1532 2607 19,

351 2677 441 2724 caua.
466 2659 501 2739 2,
526 2679 556 2743 p.
582 2660 609 2722 1.
636 2657 755 2733 «Quid
780 2657 890 2736 estin
913 2663 943 2722 te
962 2651 1141 2738 peccauit?
1165 2656 1214 2721 Tu
1237 2657 1301 2722 scis
1324 2657 1399 2741 quia
1415 2675 1532 2742 pecca-

351 2784 440 2849 vit....
453 2783 487 2848 Si
502 2784 590 2848 solus
613 2785 697 2848 nosti
721 2789 754 2848 et
777 2783 827 2847 vis
850 2801 960 2846 coram
984 2781 1132 2847 omnibus
1147 2801 1300 2868 arguere,
1317 2801 1381 2846 non
1399 2803 1436 2848 es
1459 2803 1532 2848 cor·

353 2915 465 2993 reptor
487 2910 544 2974 sed
568 2910 758 2995 prodit01·....
783 2908 846 2974 Sed
870 2907 955 2973 forts
971 2906 1055 2991 quod
1078 2910 1141 2973 scis
1157 2913 1190 2972 et
1212 2926 1272 2993 ego
1296 2909 1378 2972 scio:
1394 2909 1452 2974 sed
1469 2927 1534 2972 non

351 3053 461 3099 coram
474 3040 506 3099 te
518 3036 668 3119 corripio,
686 3035 761 3118 quia
776 3052 895 3098 curare
912 3032 994 3112 volo,
1013 3051 1076 3095 non
1093 3051 1259 3096 accusare.
1278 3029 1368 3096 Sicut
1383 3032 1533 3096 homines

350 3149 489 3214 adulteri
513 3153 545 3215 in
569 3149 714 3216 domibus
737 3152 812 3221 suis,
837 3151 869 3213 in
894 3154 1021 3212 secreto
1053 3154 1208 3232 peccant:
1238 3147 1411 3231 aliquando
1439 3146 1533 3212 nobis

352 3272 531 3357 produntur
559 3273 600 3337 ab
631 3272 787 3338 uxoribus
813 3273 896 3345 suis,
925 3271 1114 3356 plerumque
1141 3269 1330 3346 zelantibus,
1357 3270 1532 3353 aliquando

351 3400 540 3464 maritorum
564 3399 699 3464 salutem
724 3397 963 3482 quaerentibus.
989 3399 1054 3462 Nos
1077 3416 1142 3460 non
1159 3396 1324 3481 prodimus
1339 3396 1457 3481 palam,
1475 3395 1531 3462 sed

352 3525 383 3587 in
400 3531 527 3589 secreto
541 3525 723 3610 arguimus:
747 3522 801 3587 ubi
825 3524 960 3606 contigit
983 3522 1111 3595 malum,
1128 3519 1172 3585 ibi
1187 3522 1346 3588 moriatur
1362 3521 1483 3586 maium
1499 3541 1529 3583 s.

350 3647 556 3713 Attendenda
574 3649 608 3712 in
632 3649 744 3732 primis
767 3653 843 3712 suut
866 3657 1029 3732 postrema
1052 3645 1154 3711 verba
1177 3645 1291 3730 quibus
1315 3647 1393 3711 satis
1415 3649 1530 3730 aperte

351 3774 506 3845 innuitur,
531 3773 769 3838 charitativam
793 3772 1013 3839 monitionem
1037 3769 1109 3836 fieri
1133 3791 1227 3856 posse
1250 3773 1307 3835 aut
1329 3789 1388 3855 per
1411 3789 1457 3842 se,
1475 3775 1530 3834 aut

352 3917 410 3982 per
435 3897 631 3969 Praelatum
656 3904 712 3962 aut
741 3898 837 3962 aliam
866 3915 1037 3980 personam
1064 3895 1247 3974 sanctitate,
1272 3894 1429 3981 dignitate
1452 3913 1529 3958 con·

351 4025 511 4107 spicuam,
536 4025 587 4088 cui
611 4021 666 4088 fiat
689 4021 905 4089 denuncimio
929 4021 1125 4107 euangelica
1149 4021 1182 4085 in
1206 4019 1295 4084 hunc
1318 4039 1460 4104 scopum.

440 4147 473 4229 2)
499 4147 709 4214 Denunciatio
732 4151 840 4210 autem
864 4146 1035 4213 iudicialis
1050 4149 1099 4210 est
1122 4145 1268 4210 instituta
1283 4147 1318 4208 ut
1333 4141 1528 4227 procedatur

351 4269 507 4336 adversus
538 4269 764 4335 denunciatum
795 4269 1001 4335 iudicialiter
1027 4287 1073 4334 eoo
1103 4284 1353 4340 moursmrcrm,
1378 4265 1526 4330 nimirum

351 4425 396 4469 nx
419 4423 549 4471 orrroro
572 4404 704 4475 iudicis,
725 4408 882 4486 quatenus
904 4403 958 4468 hic
981 4403 1115 4470 assumit
1137 4399 1344 4486 probationes
1366 4418 1387 4464 a
1409 4398 1526 4464 denun-
