3350 5100
318 307 382 372 494
822 323 906 370 anas
931 323 980 368 111.

315 449 460 515 ciusdem
477 449 598 533 congr.
616 483 634 496 ·
652 448 751 514 Certe
764 447 807 512 ad
822 446 1021 532 probandam
1046 465 1109 510 non
1133 451 1277 510 secutam
1294 463 1498 510 consumma·

315 575 436 640 tionem
458 575 579 660 optima
601 571 749 658 probatio
764 578 816 636 eet
829 572 1013 656 exploratio
1032 571 1181 654 corporis
1196 569 1352 640 muliaria
1370 587 1455 652 quac
1473 569 1500 631 si

317 699 402 784 gerit
424 699 518 782 signa
543 699 751 783 virginitatis,
774 699 921 781 seqnitur
951 697 1189 766 matrimonium
1217 697 1378 760 manniae
1399 713 1502 780 opero

318 844 383 890 non
401 829 667 890 conoummatum.
691 825 813 889 Tamen
828 823 913 888 haec
928 822 1075 907 probatio
1090 825 1237 906 quamvis
1252 823 1420 908 potimima
1435 839 1501 886 non

317 955 367 1018 cat
381 950 528 1016 absolute
549 950 754 1016 messoria.
778 950 860 1013 Nam
875 951 903 1014 si
919 949 1004 1014 haec
1018 947 1156 1014 obtineri
1173 968 1236 1012 non
1261 950 1370 1034 poenit
1388 953 1503 1034 utputa

317 1077 393 1161 qnia
415 1075 532 1140 mulier
554 1080 604 1140 est
626 1074 724 1139 vidua
745 1074 798 1140 val
820 1073 862 1139 ab
885 1073 949 1138 alio
973 1079 1146 1158 corrupta;
1171 1091 1285 1137 rernm
1309 1072 1394 1136 adsit
1424 1093 1502 1158 pro·

317 1198 404 1262 batio
428 1218 487 1284 per
501 1203 675 1273 mareiam
691 1203 846 1280 ternpore
861 1215 919 1260 seo
936 1201 1045 1280 pateat
1059 1195 1215 1280 coniuges
1230 1213 1396 1278 nunqnam
1413 1214 1503 1260 man·

317 1322 398 1385 aicae
412 1322 515 1388 nilum
531 1341 604 1386 cum
619 1320 699 1391 oola
711 1327 768 1386 aut
782 1319 930 1405 probatio
942 1317 1026 1384 adsit
1040 1319 1183 1386 moralis
1194 1317 1343 1382 omnibns
1355 1319 1503 1382 numeris

317 1444 464 1510 absoluta
486 1464 544 1511 seu
567 1447 782 1510 iuramentum
805 1445 979 1529 coniugum
1002 1443 1198 1528 amplissime
1221 1439 1387 1508 suffultum
1415 1445 1503 1508 teeti·

319 1571 426 1636 monio
447 1571 612 1653 septimae
632 1589 766 1644 mamm,
791 1569 822 1636 S.
848 1570 967 1656 congr.
992 1569 1026 1634 O.
1050 1568 1133 1634 nolet
1158 1568 1298 1634 reddere
1319 1568 1503 1634 faroraffle

319 1691 510 1780 suffragium
532 1713 592 1779 pro
614 1692 863 1780 dispensatione.

510 1960 533 2040 ἕ
556 1959 587 2024 5.
614 1957 663 2024 De
686 1955 806 2025 ordine
825 1976 1006 2041 praemon
1028 1957 1304 2024 matrimonialis.

320 2185 536 2244 mrim
555 2215 591 2230 -
608 2188 670 2242 toa.
689 2187 780 2243 Cauca
797 2188 985 2243 introducitur
1002 2188 1100 2244 autad
1114 2188 1278 2244 instantiam
1297 2188 1400 2258 privati
1419 2205 1502 2242 ccco·

406 2296 510 2348 sotor-b
527 2299 578 2350 aut
595 2311 630 2350 cx
647 2295 748 2350 officio.
767 2295 831 2350 luda
851 2295 993 2350 enmcitur
1010 2293 1171 2348 differentia
1188 2293 1384 2348 substantialia
1396 2295 1425 2348 in
1439 2309 1503 2364 pro·

408 2418 497 2457 ccmo.
514 2429 553 2444 -
569 2402 630 2456 470.
649 2402 792 2464 Quomodo
809 2402 991 2472 excipiendae
1009 2402 1211 2456 accusationes.
1225 2429 1261 2443 -
1276 2401 1338 2455 471.
1357 2399 1502 2462 Quomodo

408 2508 646 2565 denunciationca.
659 2539 693 2553 -
706 2512 767 2565 472.
780 2510 922 2573 Quomodo
935 2509 1101 2581 procedatur
1114 2526 1151 2565 eo
1163 2508 1260 2581 officio.
1273 2536 1310 2551 -
1322 2507 1385 2562 473.
1399 2508 1502 2563 Diatin·

361 2588 366 2598 '
408 2616 511 2686 guandi
530 2622 596 2670 eunt
611 2616 713 2671 diversi
726 2634 816 2671 caeno.
829 2644 865 2659 -
877 2616 938 2670 474.
951 2615 1068 2677 Quinam
1083 2616 1120 2669 ait
1132 2625 1213 2669 actua
1230 2614 1425 2687 aequipollens
1437 2632 1502 2670 cciv

410 2725 549 2778 testationi
568 2724 632 2777 litia.
651 2752 687 2765 -
704 2724 765 2777 475.
785 2724 812 2777 Si
833 2724 894 2778 deri
915 2728 1015 2793 potent,
1034 2723 1200 2778 conciliandi
1219 2728 1285 2778 eunt
1303 2724 1447 2793 coniugem
1467 2750 1501 2765 -

410 2830 470 2884 476.
491 2828 529 2885 De
545 2829 673 2885 examina
691 2830 850 2899 coniugum.
866 2858 899 2871 -
912 2827 972 2884 477.
994 2828 1033 2885 De
1051 2830 1180 2885 examina
1198 2832 1324 2884 testium.
1337 2856 1372 2871 -
1384 2829 1446 2883 478.
1462 2828 1501 2883 Da

409 2935 473 2989 aliia
491 2936 703 3007 probationibus
725 2936 894 2992 adducendia
918 2954 1005 3009 usque
1023 2936 1058 2991 ad
1078 2938 1286 2992 conclusionem
1303 2940 1333 2989 io
1351 2952 1445 2990 cotum
1463 2962 1502 2977 -·

410 3042 470 3095 479.
491 3042 530 3097 llo
549 3042 740 3112 publicatione
759 3044 1027 3115 praeoccupanti
1048 3048 1133 3113 patet,
1147 3043 1192 3099 vel
1210 3048 1253 3099 eat
1271 3058 1341 3113 pure
1358 3052 1502 3097 coenoma-

408 3151 470 3202 νέω
488 3149 533 3203 val
551 3151 666 3204 mixtos.
686 3178 720 3191 -
739 3150 800 3203 480.
821 3148 860 3205 De
880 3166 952 3205 nova
970 3166 1114 3220 processus
1132 3148 1354 3218 rcaaaumptione
1372 3147 1419 3201 vel
1434 3164 1502 3218 ope·

410 3256 519 3309 ritione.
532 3284 566 3297 —
578 3256 639 3311 481.
654 3254 693 3311 De
705 3257 853 3311 sententiis
868 3258 1096 3312 interlocutoriis.
1110 3283 1144 3298 -
1158 3256 1218 3309 482.
1233 3255 1357 3317 Quonam
1371 3268 1500 3331 sermone

410 3362 610 3416 conscribenda
627 3363 685 3417 nint
703 3368 762 3418 tum
780 3373 842 3417 coto
861 3369 1039 3430 concentum
1052 3374 1115 3418 octa
1133 3364 1238 3417 iudicii.
1250 3390 1286 3404 -
1299 3361 1359 3415 483.
1380 3360 1419 3415 De
1437 3377 1501 3416 eon·

410 3468 501 3522 tantia
524 3468 675 3523 definitiva
695 3496 731 3510 -
751 3470 811 3523 484.
839 3469 878 3525 Dc
903 3470 1100 3540 appellatione.
1119 3498 1155 3512 -
1173 3470 1234 3524 485.
1261 3470 1300 3524 De
1324 3468 1502 3523 executione·

410 3680 484 3747 469.
513 3683 692 3749 Processus
715 3684 748 3748 in
772 3682 863 3749 hisco
890 3685 995 3749 causis
1025 3687 1226 3750 instauratur
1249 3683 1289 3749 ad
1313 3684 1499 3748 instantiam

320 3807 520 3870 accusatoris
550 3805 676 3889 quando
707 3806 760 3871 vel
790 3826 874 3872 unus
897 3826 916 3872 e
939 3807 1136 3893 coniugibus,
1161 3808 1214 3873 val
1242 3808 1339 3872 etiam
1370 3806 1499 3891 utrique

322 3931 476 4015 coniuges
498 3931 737 3996 matrimonium
760 3936 924 4013 accusant,
949 3932 1001 3997 vel
1025 3932 1106 3997 alius
1134 3935 1279 4018 privatus
1310 3932 1389 3998 civis
1419 3930 1498 3996 obii·

323 4056 412 4119 ciens
435 4052 564 4138 aliquod
587 4053 848 4139 impedimentum
871 4055 1038 4123 contendit
1060 4062 1116 4121 aut
1138 4058 1376 4122 matrimonium
1399 4076 1419 4121 a
1441 4074 1498 4119 nu·

323 4178 538 4262 pturientibus
568 4178 709 4244 validum
732 4182 807 4245 iniri
831 4200 896 4245 non
924 4200 1026 4266 posse,
1051 4182 1105 4247 vel
1137 4182 1201 4247 iam
1229 4183 1342 4246 initum
1373 4180 1494 4245 nullum

322 4321 402 4367 essa.
423 4302 599 4369 Procassus
621 4310 699 4369 tuno
722 4306 922 4371 instauratur
937 4306 1179 4389 accusatorius,
1197 4308 1312 4392 quippe
1334 4308 1497 4372 accusato·

325 4426 370 4490 rio
385 4430 435 4491 est
449 4424 656 4511 probationes
669 4422 799 4493 afferre.
812 4464 831 4477 -
845 4430 994 4495 Attamen
1013 4432 1044 4496 in
1061 4432 1167 4498 causis
1179 4432 1222 4497 de
1232 4432 1349 4498 colore
1359 4428 1495 4503 aneoli,
