3350 5100
475 283 518 328 uu
542 282 681 330 runicus
706 282 960 330 curururcrsus.
1245 261 1303 326 191

131 407 210 470 riam
233 407 342 492 aperit
359 408 524 491 processui
541 406 737 472 instituendo
753 427 799 472 en
815 407 924 491 officio
942 425 999 472 seu
1015 403 1227 489 inquisitioni
1235 424 1249 486 ,·
1265 405 1310 468 uti

130 532 326 595 conueniunt
341 551 453 594 omues
469 532 664 596 Canouistae
680 537 713 596 et
728 531 845 616 probat
862 529 1084 602 Reiffenstuet.
1097 529 1127 594 h.
1144 528 1310 611 t.n.125,·

131 661 160 718 et
174 657 303 720 eruitur
317 657 355 720 in
370 657 447 720 iure
461 675 547 720 rom.
566 676 608 720 ex
626 655 761 720 Novella
781 657 832 737 n,
849 669 923 738 cop.
943 653 994 720 13.
1013 689 1030 703 -
1049 656 1086 721 In
1103 655 1179 718 iure
1195 655 1309 719 eccles.

129 780 344 846 dnumciatio
357 780 456 847 habet
467 781 712 847 tundamentum
725 785 758 845 et
769 801 902 866 scopum
918 781 1048 844 omnino
1062 777 1120 844 sibi
1133 779 1309 863 proprium.

130 906 256 970 Etenim
276 905 562 986 fundamentum,
587 907 633 972 uti
666 907 729 970 iam
756 905 972 978 advertimus,
998 911 1047 970 ast
1078 905 1110 968 iu
1132 903 1311 988 Evangelio

130 1029 217 1094 Mati.
233 1049 339 1100 xvur,
360 1031 400 1094 15
415 1051 474 1114 sq.;
489 1049 613 1113 scaptos
629 1050 708 1095 vero
728 1032 760 1094 in
776 1032 890 1116 primis
905 1039 955 1096 est
970 1031 1147 1102 correctio;
1171 1028 1246 1111 quia
1265 1028 1311 1090 uti

129 1173 284 1240 expresse
304 1155 393 1220 iubet
409 1157 619 1221 Innocentius
636 1158 684 1221 111
704 1159 736 1220 in
752 1176 827 1239 cap.
845 1155 903 1226 24.
922 1156 972 1221 De
987 1173 1099 1221 accus.
1116 1153 1158 1226 X,
1180 1154 1310 1218 denun-

129 1281 308 1346 dationem
331 1281 537 1346 charitativa
559 1281 703 1346 monitio
717 1281 925 1363 praeuenire
940 1279 1045 1345 debet.
1064 1314 1081 1327 -
1100 1279 1311 1344 Denunciatio

128 1410 250 1478 autem,
277 1406 426 1488 quamvis
451 1405 632 1476 iudicialis,
657 1425 722 1468 non
750 1405 916 1471 constituit
941 1423 1089 1468 normam
1116 1404 1310 1489 procedendi

129 1529 311 1594 iudicialem
329 1529 371 1595 ab
386 1530 461 1594 aliis
482 1529 678 1601 distinctam,
695 1531 739 1594 uti
756 1529 932 1594 docuimus.
958 1529 1042 1594 Saue
1066 1528 1181 1611 cupito
1195 1529 1256 1602 20,
1281 1533 1312 1594 et

129 1653 196 1718 ao.
219 1661 240 1718 t.
259 1655 296 1720 X
316 1655 372 1738 (V.
393 1654 423 1738 l)
447 1656 568 1720 nullam
592 1655 748 1721 iuducere
766 1656 941 1720 valuerunt
964 1654 1200 1720 distinctionem
1227 1657 1311 1721 inter

129 1799 316 1862 processum
328 1781 555 1848 densationis
566 1785 600 1847 et
612 1799 799 1866 processum
807 1779 1091 1858 denunciationis,
1100 1783 1133 1844 et
1143 1780 1204 1843 DI).
1214 1799 1311 1863 quae-

129 1911 202 1970 runt
216 1925 263 1970 an
282 1905 325 1969 ibi
341 1907 382 1970 de
397 1907 613 1972 accusatione
629 1907 682 1970 vel
698 1907 804 1991 potius
818 1905 859 1970 de
874 1904 1136 1970 denunciatione
1151 1915 1277 1990 agatur.

213 2032 371 2096 Ceterum
389 2050 453 2094 uua
468 2037 592 2096 tantum
617 2033 801 2116 assignatur
817 2029 980 2094 distinctio
998 2049 1018 2094 a
1034 2030 1098 2094 DI).
1117 2035 1149 2094 et
1165 2030 1247 2094 haec
1265 2037 1314 2096 est

130 2155 368 2231 substantialis;
392 2157 544 2220 nimirum
570 2161 751 2222 accusator
776 2155 910 2219 assumit
937 2175 1018 2219 onus
1041 2154 1200 2239 probandi
1223 2155 1311 2220 iudi·
1387 2173 1393 2185 ·

128 2280 259 2344 cialiter
282 2280 549 2360 aedicationem
563 2279 791 2346 denunciatur
805 2297 869 2342 non
895 2281 1028 2342 assumit
1052 2299 1133 2342 onus
1156 2277 1311 2362 probandi

127 2402 337 2470 iudicialiter
359 2403 667 2470 denunciationem.
687 2401 860 2485 Siquidem.
878 2403 922 2467 uti
946 2404 1008 2466 iam
1025 2403 1197 2480 innuimus,
1214 2421 1311 2465 accu-

129 2529 207 2592 satio
232 2533 286 2593 est
300 2533 393 2591 actus
413 2525 593 2599 iudicialis,
610 2515 815 2616 denunciatio
835 2525 1118 2593 euuaiudteiotts.
1141 2525 1312 2591 Dumtaxet

128 2670 168 2716 ex
185 2671 292 2735 scopo
316 2652 515 2717 immediato
535 2654 586 2717 cui
610 2652 763 2737 dirigitur
779 2651 994 2723 denunciatio,
1011 2652 1129 2736 passim
1146 2649 1228 2734 apud
1246 2650 1309 2714 DD.

127 2774 312 2858 appellatur
325 2774 508 2847 iudicialis.
521 2780 630 2859 utpote
642 2793 724 2857 quae
741 2774 910 2838 ordinatur
921 2772 962 2837 ad
979 2770 1219 2856 provocandum
1236 2770 1311 2835 iudi·

128 2902 208 2964 cium
229 2899 287 2965 vel
310 2901 501 2985 simpliciter
523 2901 776 2983 inquisitorium
793 2899 847 2964 vel
867 2899 1024 2963 minium.
1047 2933 1064 2946 -
1087 2898 1311 2969 Nihilominus,

128 3024 196 3089 iure
221 3025 461 3096 Decretatium,
489 3025 682 3091 factumest
712 3031 748 3089 ut
774 3043 948 3109 processus
977 3042 1023 3089 en
1050 3024 1313 3090 denunciatione

129 3148 295 3224 iudiciali,
311 3149 451 3232 aliquam
468 3150 630 3214 obtineret
653 3150 791 3213 formam
807 3148 1019 3231 indiacum,-
1042 3156 1075 3212 at
1091 3148 1154 3213 huc
1174 3151 1312 3213 maxime

129 3273 365 3340 adlaborarunt
380 3274 667 3342 commentatores.
685 3273 741 3338 sed
765 3294 829 3337 nou
854 3274 1012 3339 conformi
1033 3276 1192 3339 sententia
1208 3292 1312 3357 neque

130 3400 219 3463 exitu
245 3398 345 3469 felici,
371 3400 415 3463 uti
440 3399 502 3463 iam
527 3400 725 3464 advertimus
743 3419 848 3482 supra
873 3418 903 3462 n.
933 3398 1004 3462 110.

215 3522 435 3597 Quamobrem
459 3524 484 3587 si
509 3528 687 3606 quaeratur
711 3524 842 3606 quinem
875 3524 998 3607 possint
1029 3542 1100 3587 esse
1131 3520 1313 3587 denuncio·

130 3650 226 3717 tores,
251 3665 296 3709 ex
319 3647 393 3710 iure
415 3646 551 3729 positivo
574 3651 665 3710 certa
681 3648 849 3729 responsio
867 3644 937 3709 dari
953 3666 1018 3710 nou
1040 3650 1144 3730 potest
1159 3642 1313 3709 eiusmodi

130 3770 327 3852 quaestioni;
351 3770 606 3853 quandoquidem
628 3768 719 3836 deest
743 3790 917 3855 expressus
942 3772 1021 3834 iuris
1043 3775 1163 3835 textus.
1184 3804 1201 3817 -
1221 3768 1313 3833 Reif-

130 3892 225 3961 ienst.
249 3896 298 3959 tit.
323 3894 350 3968 1,
376 3894 431 3961 tib.
457 3894 590 3961 Vhauc
613 3897 704 3981 ponit
726 3898 882 3982 regulam:
910 3896 1114 3962 «latrabitis
1138 3896 1184 3960 od
1207 3914 1312 3960 occu-

129 4019 278 4083 sandum
308 4026 358 4085 est
387 4020 489 4085 etiam
518 4020 678 4087 intrabitis
709 4022 756 4086 ad
784 4022 982 4104 faciendum
1014 4020 1313 4087 denunciationem

128 4144 302 4223 publicam
316 4164 378 4209 seu
392 4146 607 4211 niminatent
623 4146 670 4211 ad
682 4146 858 4228 publicam
881 4164 1004 4228 nempe
1020 4145 1207 4212 vindictum
1224 4166 1254 4208 ›.
1273 4146 1316 4208 Et

132 4268 220 4349 quia.
246 4269 292 4332 uti
316 4268 472 4341 diximus.
497 4289 562 4334 non
586 4270 678 4335 adest
707 4271 788 4355 legis
811 4276 920 4335 textus
948 4288 1139 4353 expressus,
1166 4269 1312 4355 regulam

135 4394 337 4459 enunciatam
361 4394 426 4459 hoc
447 4394 562 4459 fundat
586 4401 798 4479 argumento:
825 4416 844 4457 o
867 4394 952 4465 Quia
983 4394 1066 4461 haec
1096 4394 1312 4461 denunciatio
