3350 5100
543 321 589 368 nn
612 319 765 367 numurus
788 320 832 367 nr
860 319 980 368 nonnis
1285 302 1345 368 lll

174 444 288 528 cipium
305 443 345 507 ab
360 445 430 530 ipso
444 448 607 518 statutum,
625 445 744 509 nostris
758 444 958 530 temporibus
973 442 1089 524 adhuc,
1103 443 1165 508 imo
1182 463 1220 508 eo
1235 447 1347 531 magis,

172 570 421 641 accomodatum,
437 570 599 646 videlicet,
619 571 764 653 parcius
778 569 944 636 utendum
960 589 1031 636 esse
1046 570 1199 636 canunt
1214 590 1258 636 ne
1272 572 1348 638 uile-

171 700 275 768 rcaat,
302 694 456 760 indictum
480 700 538 767 est,
562 699 599 760 ut
623 696 656 759 in
685 696 799 780 primis
821 693 1017 777 privatione
1039 694 1204 760 fructuum
1231 694 1348 762 bened·
1384 769 1389 780 ‚
1499 713 1501 718 ·

171 821 304 900 ciorum,
320 824 376 884 aut
398 820 465 883 alia
481 837 598 903 poena
614 820 784 903 afflicttva,
801 820 901 885 veluti
918 837 1054 885 carcere
1077 825 1133 884 aut
1148 820 1348 906 relegatione

172 947 202 1008 iu
225 947 468 1026 monasterium,
491 949 525 1010 et
544 944 623 1010 dein
643 944 840 1028 priuatione
863 941 1093 1010 beneficiorum
1117 950 1150 1010 et
1172 945 1213 1010 ad
1236 945 1347 1012 eadem

171 1069 379 1135 inhabilitate
402 1069 623 1135 concubinarii
646 1070 850 1155 punirentur.
882 1069 1095 1135 Nihilominus
1125 1090 1190 1135 non
1214 1070 1347 1137 interdi-

170 1195 256 1258 citur
269 1215 346 1259 usus
369 1213 590 1274 censurarum,
606 1212 689 1279 quae
712 1195 785 1266 imo,
810 1198 886 1259 ante
909 1193 989 1258 alias
1012 1213 1131 1278 poenas
1155 1193 1347 1281 infligendae

170 1323 288 1385 essent.
313 1317 439 1402 quando
462 1338 505 1384 ex
527 1319 579 1383 bis
601 1338 736 1404 sperare
758 1318 857 1383 liceat
878 1319 1036 1402 potiorem
1060 1314 1219 1383 effectum.

258 1441 413 1506 Diversus
427 1461 507 1506 vero
522 1447 573 1507 est
587 1441 667 1507 ordo
681 1461 858 1526 poenarum
875 1440 915 1506 ab
938 1441 1001 1506 hoc
1017 1441 1137 1508 Concil.
1155 1444 1345 1508 constitutus

171 1586 230 1650 pro
252 1565 381 1630 diverso
404 1563 506 1650 gradu
530 1566 743 1641 clericorum;
767 1566 878 1649 quiin
905 1571 1042 1649 quatuor
1073 1565 1192 1630 classes
1218 1568 1344 1632 censeri

171 1696 300 1774 possunt
323 1696 357 1753 et
379 1695 471 1764 sunt,
497 1689 526 1754 l.
550 1689 662 1754 clerici
686 1691 825 1754 maiores
850 1689 900 1754 vei
924 1691 1068 1754 minores
1097 1709 1161 1756 non
1189 1689 1345 1757 habentes

172 1813 375 1889 beneficium;
391 1815 423 1879 2.
447 1815 559 1880 clerici
583 1816 723 1879 maiores
745 1816 798 1879 vel
823 1815 967 1880 minores
983 1813 1173 1881 beneficium
1189 1811 1345 1881 babentes

173 1938 287 2023 absque
310 1938 417 2005 officio
432 1959 532 2004 curae
554 1940 755 2015 animarum
779 1939 810 2004 3.
831 1940 944 2004 clerici
968 1939 1124 2005 babentes
1140 1937 1342 2006 beneficium·

170 2071 333 2139 curatum3
357 2066 388 2128 4.
412 2064 558 2129 Praelati
581 2069 614 2129 et
636 2065 796 2149 Episcopi.

302 2189 334 2272 l)
359 2190 405 2253 De
417 2189 534 2273 primo
550 2208 628 2253 casu
644 2188 765 2254 concil.
783 2187 871 2252 l‘rid.
887 2207 965 2254 sess.
978 2188 1038 2264 25,
1054 2209 1129 2273 cap,
1146 2190 1197 2260 14,
1215 2190 1264 2256 De
1277 2189 1342 2273 ref.

170 2310 330 2376 decernit:
356 2335 376 2375 ‹
400 2312 518 2378 Clerici
541 2332 621 2377 vero
651 2309 808 2376 beneficia
839 2311 1061 2378 ecclesiastica
1091 2318 1147 2377 aut
1172 2315 1343 2398 pensiones

171 2459 231 2502 non
259 2438 418 2504 habentes
440 2441 534 2504 iuxta
559 2438 665 2506 delicti
697 2444 730 2503 et
760 2441 983 2503 contumaciae
1014 2441 1287 2523 perseverantiam
1312 2447 1345 2505 et

169 2565 352 2646 qualitatem
382 2564 423 2629 ab
453 2566 523 2649 ipso
553 2534 711 2650 Episcopo
742 2565 887 2628 carceris
917 2582 1039 2649 poena,
1071 2566 1280 2647 suspensione
1303 2566 1343 2631 ab

170 2688 293 2761 ordine,
318 2694 351 2753 et
381 2686 584 2753 inhabilitate
613 2687 654 2752 ad
684 2686 844 2753 beneficia
874 2685 1047 2753 obtinenda
1078 2688 1213 2773 aliisque
1242 2657 1343 2755 modis

170 2782 256 2877 iuxta
282 2832 395 2878 sacros
421 2831 564 2878 canones
588 2814 764 2898 puniantur
786 2834 818 2876 ».
844 2813 917 2897 Ipsa
938 2810 1089 2895 loquendi
1120 2814 1204 2877 ratio
1230 2820 1342 2899 aperte

168 2937 261 3003 docet
281 2938 428 3002 ordinem
445 2942 478 3003 et
497 2937 683 3021 qualitatem
707 2956 884 3022 poenarum
901 2938 1042 3001 maxime
1057 2936 1206 3021 relinqui,
1222 2940 1256 3003 in
1279 2938 1342 3003 hoc

168 3080 252 3143 casu,
276 3060 427 3147 prudenti
449 3061 586 3127 arbitrio
609 3062 766 3145 Episcopi.
791 3061 879 3126 Loco
901 3062 1049 3127 carceris
1075 3059 1171 3127 bodie
1194 3063 1227 3127 in
1250 3083 1342 3129 more

167 3192 223 3260 est,
238 3187 395 3252 eiusmodi
418 3188 547 3253 clericis
561 3188 730 3273 assignare
745 3185 874 3270 aliquod
890 3187 1120 3251 monasterium
1143 3188 1176 3252 in
1197 3206 1259 3271 quo
1282 3208 1341 3273 per

168 3318 292 3377 certum
309 3320 434 3398 tempus
454 3314 513 3397 ipsi
529 3318 625 3378 vacet
639 3310 856 3397 spiritualibus
872 3311 1046 3377 exercitiis.
1064 3312 1155 3386 Quae
1174 3311 1340 3399 disciplina

169 3440 215 3497 est
236 3435 382 3519 apprime
405 3434 582 3499 conformis
605 3436 668 3497 iuri
691 3433 918 3497 Decretalium.

299 3557 335 3643 2)
352 3559 399 3621 De
415 3557 543 3622 clericis
554 3556 724 3623 secundae
735 3555 848 3621 classis
864 3556 961 3623 Cone.
976 3556 1063 3623 Trid.
1077 3558 1149 3623 eod.
1166 3559 1198 3629 t,
1216 3560 1338 3624 statuit:

162 3679 188 3747 'r
204 3684 294 3759 Quod
309 3686 337 3750 si
354 3704 375 3748 a
390 3681 609 3768 superioribus
623 3682 744 3748 moniti
759 3681 800 3747 ab
816 3682 856 3755 iis
871 3682 1089 3763 (mulieribus)
1105 3703 1140 3748 se
1163 3702 1228 3747 non
1243 3683 1337 3751 absti-

170 3810 312 3880 nuerint,
344 3810 444 3875 tertia
473 3813 565 3893 parte
589 3806 771 3880 fructuum,
804 3805 1033 3871 obventionum
1064 3826 1103 3871 ac
1126 3810 1338 3891 proventuum

168 3930 394 3999 beneficiorum
423 3952 554 3998 suornm
581 3950 856 4016 quorumcumque
879 3936 912 3995 et
934 3933 1122 4015 pensionum
1153 3932 1221 4015 ipso
1253 3929 1338 3994 iacto

168 4057 228 4121 sint
249 4058 379 4143 privati,
396 4072 478 4142 qnae
500 4056 646 4122 fabricae
661 4055 829 4121 Ecclesiae
846 4061 902 4119 aut
917 4054 1013 4119 alteri
1030 4055 1083 4140 pio
1105 4056 1187 4126 loco,
1203 4052 1339 4120 arbitrio

169 4180 329 4268 Episcopi,
353 4183 535 4269 applicetur
557 4203 588 4247 a.
613 4179 830 4251 Advertatur‚
863 4178 1099 4253 monitionem,
1133 4180 1240 4265 prouti
1272 4197 1336 4244 non

168 4302 258 4371 dubie
272 4308 437 4373 insinuant
451 4308 504 4374 cit.
521 4306 635 4391 capita
657 4306 705 4370 tit.
725 4304 773 4370 De
788 4303 932 4369 cohabit.
950 4304 1059 4371 cleric.
1074 4310 1104 4371 et
1119 4305 1202 4370 mul.
1218 4302 1339 4369 debere

170 4448 235 4493 esse
257 4406 374 4497 trinam
398 4431 451 4497 vel
473 4450 569 4497 unam
591 4428 835 4514 perentoau'am,
860 4429 966 4493 trinae
989 4429 1266 4515 aequipollentem,
1293 4431 1337 4494 uti
