3350 5100
505 295 550 342 oe
574 296 712 344 malcus
737 298 979 345 caiumnmeus
1263 280 1328 345 329

150 418 262 484 iiidice
285 418 529 505 litipatoribus.
553 438 624 486 non
645 420 802 490 recitari.
826 396 888 487 uel
902 440 1007 505 quam
1031 420 1171 504 abipso
1195 420 1326 488 stando.

148 562 219 609 non
240 543 390 611 sedendo
410 544 568 627 wafari
583 544 731 631 conlinit,
747 545 877 610 nalliies
896 544 1033 627 penitus
1048 551 1096 611 est
1119 545 1327 611 momenti».

149 702 167 715 ·
191 668 258 733 Sed
281 667 363 732 haec
386 668 500 734 ultima
522 638 737 753 praesumptio
759 674 885 753 spectat
906 668 947 735 ad
969 688 1167 751 processum
1197 668 1326 748 forma·

147 792 214 857 um
239 792 469 864 ordinarium,
486 811 559 855 nam
583 792 617 855 in
641 810 795 877 processu
817 793 1007 859 nummario
1031 812 1073 857 ex
1096 794 1150 858 eit.
1176 792 1274 858 Clam.
1296 791 1327 863 2.

146 917 197 981 De
219 916 312 983 verb.
334 916 453 1002 sipnif.
477 920 671 984 sententiam
695 917 794 983 iudex
815 918 967 1003 proferre
991 919 1078 983 velet
1102 924 1239 1001 «proed
1262 919 1329 1001 ipsi
1422 970 1426 985 .
1456 916 1459 923 “

145 1042 262 1126 mapis
283 1042 457 1123 placuerit
487 1046 584 1107 stans
606 1020 675 1107 ¹aut
695 1041 863 1108 sedens».
889 1042 970 1107 Item
1002 1042 1034 1105 in
1058 1061 1213 1126 processu
1235 1061 1329 1109 mere

144 1163 343 1249 inqtdsilioo
366 1170 422 1230 aut
445 1184 488 1231 ex
510 1165 644 1251 speciali
663 1166 758 1251 stylo,
775 1166 821 1231 uli
842 1164 925 1249 apud
941 1164 996 1231 SS.
1012 1164 1130 1250 congr.
1152 1166 1243 1231 Rom.
1259 1185 1329 1231 sen·

144 1290 250 1353 lentie
272 1287 322 1353 edi
341 1290 439 1369 solet,
463 1309 527 1354 non
556 1290 699 1369 recitari,
723 1291 769 1355 uti
791 1290 856 1353 iam
880 1290 980 1355 innui.
1007 1324 1024 1337 ·
1050 1288 1154 1355 Hodie
1178 1291 1252 1373 quia
1275 1292 1327 1357 cil.

147 1413 252 1478 lnslr.
277 1414 308 1478 S.
325 1414 360 1478 Ο.
384 1414 453 1479 ΕΕ.
477 1420 511 1480 et
533 1412 603 1479 RR.
621 1414 690 1479 diei
712 1414 749 1479 11
772 1414 849 1499 lun.
867 1414 958 1481 1880
981 1416 1136 1499 permisit.
1161 1414 1328 1479 observari

141 1543 282 1611 tantum.
307 1542 341 1603 in
364 1538 595 1611 criminalibus,
618 1539 754 1622 formas
782 1539 1021 1606 substantiales
1051 1560 1107 1605 seu
1131 1548 1265 1606 exactas
1287 1540 1327 1605 ed

141 1658 394 1743 ius'nalurole,
417 1660 535 1727 sufficit
556 1663 748 1729 seutentiam
769 1664 905 1747 scriptis
928 1664 1037 1729 edere.

240 1788 452 1855 Publicationi
465 1790 646 1855 sententiae
659 1788 776 1855 nedum
788 1788 932 1855 edendae
944 1790 999 1855 sed
1012 1790 1198 1859 recitandae
1211 1811 1328 1859 corani

142 1910 427 1977 contendentibus
441 1930 584 1976 consona
599 1919 648 1977 eet
664 1914 840 1979 necessitas
863 1912 982 1978 citandi
997 1920 1106 1997 partes
1130 1914 1169 1979 ad
1193 1914 1326 1979 andien-

139 2036 219 2101 dum
235 2038 429 2101 sententiam
445 2042 478 2100 et
493 2037 525 2099 in
539 2056 693 2120 processu
703 2036 847 2118 formali
862 2038 949 2103 trina
965 2038 1115 2104 citatione
1128 2059 1184 2105 seu
1198 2058 1328 2121 perem-

136 2158 267 2241 ptorie,
282 2179 354 2244 arg.
367 2178 443 2241 cap.
455 2158 507 2231 18,
521 2158 572 2223 De
585 2165 668 2225 sent.
685 2166 716 2226 et
731 2179 771 2226 re
784 2160 856 2225 iad.
873 2160 906 2223 X
920 2158 975 2243 (II,
994 2158 1061 2243 27);
1078 2160 1110 2223 in
1126 2160 1327 2240 summario,

140 2303 212 2347 non
231 2284 463 2366 pereruptorie
485 2286 637 2356 citantur,
662 2304 704 2349 ex
727 2286 781 2350 eit.
805 2284 905 2351 clem.
931 2286 962 2364 2,
990 2284 1037 2351 De
1059 2285 1149 2352 verb.
1175 2284 1290 2372 sipnif.

235 2408 313 2473 258.
345 2409 512 2493 Reqnisite
541 2409 727 2475 intrinseca
757 2414 833 2473 sunt
864 2414 900 2473 ut
930 2412 971 2473 sit
1001 2409 1152 2495 lepilima
1186 2406 1329 2473 definitio

139 2536 393 2600 controversiae
415 2553 471 2600 seu
494 2532 594 2606 iusta
619 2538 723 2615 certa
740 2555 804 2600 non
827 2530 945 2601 affecte
961 2534 1162 2615 conditione,
1179 2554 1328 2602 consona

138 2657 256 2724 libello
271 2678 328 2724 seu
344 2661 516 2724 intentioni
531 2661 740 2726 accusatoris.
759 2660 861 2740 Haeo,
874 2659 977 2743 quoad
994 2659 1213 2732 substantiam,
1231 2659 1329 2724 facile

138 2790 259 2870 palent
275 2793 311 2850 nt
333 2787 397 2849 iam
421 2786 665 2870 explicavimus,
682 2785 757 2850 Vol.
776 2786 800 2851 1.
818 2805 850 2848 n.
867 2784 934 2850 603
956 2804 1004 2867 sq.
1022 2785 1059 2849 In
1084 2785 1138 2850 cil.
1156 2786 1227 2850 cod.
1250 2784 1328 2850 Gre-

139 2907 292 2992 9oriano
306 2907 517 2988 neccessitati
527 2907 666 2972 articulo
678 2907 744 2973 450
759 2909 805 2971 ita
814 2904 1135 2992 comprehenduntur
1151 2907 1213 2971 isla
1226 2908 1329 2990 requi-

137 3035 215 3098 sita.
234 3052 254 3095 ‹
272 3029 446 3099 &utactio
464 3033 535 3098 sive
553 3031 763 3100 absolutoria
785 3051 856 3098 stae
879 3033 1159 3100 eonteunmona
1183 3033 1329 3100 continet

136 3157 279 3240 factum
296 3163 328 3223 et
340 3156 552 3240 prusdpalia
566 3157 753 3239 adiuncta‚·
774 3156 882 3238 refert
905 3157 1153 3224 declarationes
1175 3157 1283 3223 editas
1306 3177 1327 3221 a

146 3283 332 3349 Tribuuali
355 3281 426 3366 (seu
441 3282 574 3348 decreta
588 3301 672 3366 quae
695 3287 813 3348 statum
836 3282 959 3347 faciunt
983 3283 1067 3347 inter
1083 3281 1328 3365 contendentes)

138 3415 173 3474 et
189 3409 230 3473 in
244 3409 411 3474 sententia
426 3409 707 3476 condemualoria
720 3409 878 3475 alaudem
892 3415 940 3474 est
955 3409 1120 3474 articulus
1131 3409 1182 3474 uel
1200 3408 1328 3474 alandi

139 3533 284 3600 articuli
299 3534 383 3619 lepis
397 3534 634 3616 applicatae».
651 3533 733 3607 Quia
749 3535 794 3598 ila
804 3535 978 3619 concipere
990 3535 1192 3608 sententiam,
1208 3533 1326 3597 nullam

138 3658 324 3724 secumiert
344 3659 508 3743 temporis·
524 3658 690 3729 iacturam,
716 3664 772 3722 sul
796 3659 925 3722 nimiam
954 3658 1206 3726 solemnitatem,
1232 3658 1327 3722 etiam

139 3783 173 3847 in
201 3801 354 3867 procoma
386 3782 589 3854 summario,
613 3781 836 3853 oeconomico,
868 3783 914 3848 uti
945 3779 1140 3866 praescribit
1169 3781 1247 3844 lust.
1274 3781 1325 3844 eit.

139 3906 175 3974 S.
194 3907 229 3972 G.
247 3907 314 3972 Eo.
330 3911 366 3971 el
390 3906 471 3974 RR..
494 3907 655 3971 sententia
677 3907 848 3970 continere
871 3905 965 3970 debet
987 3904 1072 3987 faeti
1095 3905 1326 3974 narrationem,

135 4031 256 4098 iudicis
270 4031 477 4098 mastonem
492 4037 526 4096 et
538 4031 724 4097 articulum
740 4029 833 4115 lepis,
848 4031 900 4096 eni
915 4031 1064 4094 innititur
1080 4029 1327 4096 condemnatio.
