3350 5100
438 334 479 383 DE
503 334 641 384 malcus
666 336 907 387 calamannus
931 336 966 385 IN
990 340 1106 387 SPEGIE
1290 319 1358 387 377

182 462 282 544 quirit
307 480 350 525 an
380 464 472 526 testis
501 464 542 527 sit
572 464 722 547 inquisito
752 462 859 529 affinis
888 469 944 531 aut
972 466 1232 551 consanguineus
1263 471 1295 531 et
1325 467 1357 529 in

183 605 321 668 quonam
350 587 503 672 gradu».
537 591 607 653 Art.
639 588 722 654 277:
754 589 896 663 «Quum
929 589 1100 656 devenitur
1130 590 1170 655 ad
1202 608 1357 671 examen,
1466 611 1475 635 ‹

183 713 398 794 praemittitur
420 715 454 777 in
476 716 557 779 actis
580 713 649 779 dies
672 720 705 781 et
726 716 790 779 loci
813 715 1003 801 designatio,
1018 718 1052 779 in
1073 735 1135 799 quo
1152 714 1186 781 fit
1207 735 1356 787 examen,

183 854 342 918 personae
367 837 478 903 iudicis
501 840 724 914 instructoris;
748 844 782 905 et
803 839 972 905 exordium
990 838 1025 905 lit
1045 839 1084 905 ab
1100 842 1358 925 interrogatoriis

183 959 376 1043 denomino,
402 965 602 1048 cognomine,
628 966 742 1048 patria,
766 970 869 1050 patre,
894 970 1009 1037 aetate,
1034 966 1243 1050 professione,
1260 966 1356 1031 domi-

183 1083 257 1148 cilio
280 1092 313 1150 ot
336 1086 407 1150 loco
431 1089 692 1153 commorationis
715 1096 749 1154 et
771 1091 998 1176 responsiones
1029 1110 1092 1154 una
1115 1110 1187 1155 cum
1218 1090 1356 1155 interro-

182 1214 316 1296 gatoriis
339 1219 519 1279 exarantur
534 1217 567 1280 in
583 1217 664 1281 actis
681 1237 710 1279 ›.
736 1216 857 1281 Deinde
880 1216 1113 1301 praescribitur
1136 1218 1311 1282 necessitas
1327 1220 1360 1280 et
1483 1270 1491 1276 .

183 1337 294 1403 modus
306 1340 490 1423 praestandi
506 1343 693 1417 iuramenti;
709 1347 743 1406 et
754 1341 959 1425 subsequitur
974 1346 1036 1407 art.
1048 1342 1128 1408 280:
1148 1343 1301 1407 «Deinde
1313 1344 1358 1405 in·

182 1468 370 1549 terrogatur
381 1467 482 1546 testis,
496 1470 603 1531 utrum
617 1475 792 1552 cognoscat
803 1467 962 1533 obiectum
977 1468 1175 1531 examinis».
1193 1468 1266 1532 Art.
1282 1467 1357 1531 281:

186 1589 253 1654 «si
270 1591 444 1675 respondet
465 1610 501 1655 se
520 1591 642 1657 factum
665 1594 751 1658 scire
773 1598 806 1657 et
829 1592 870 1657 de
893 1593 1005 1658 eodem
1028 1612 1064 1658 se
1087 1594 1260 1657 certiorem
1277 1612 1357 1665 esse,

182 1717 367 1799 exquiritur
385 1716 463 1782 facti
479 1720 626 1784 narratio
641 1725 674 1784 et
688 1720 818 1803 scriptis
833 1724 991 1785 exaratur
1004 1738 1035 1783 a.
1052 1722 1123 1784 Art.
1136 1718 1216 1785 282:
1237 1718 1301 1783 «si
1318 1719 1359 1783 sit

181 1840 271 1905 locus
283 1843 455 1927 suspicioni
468 1842 707 1923 desinceritate
719 1846 928 1917 narrationis,
938 1849 994 1909 aut
1005 1846 1080 1928 quia
1092 1845 1186 1909 nimis
1199 1843 1359 1909 studiosae

182 1968 215 2031 in
230 1967 452 2034 detonsionem
465 1970 615 2052 inquisiti,
628 1975 683 2035 aut
699 1971 774 2053 quia
788 1971 883 2035 nimis
899 1971 1042 2034 intentae
1057 1971 1089 2034 in
1102 1970 1171 2035 eius
1182 1971 1358 2035 accusatio·

182 2112 265 2166 nem,
278 2101 333 2160 aut
346 2097 421 2178 quia
432 2100 545 2180 aperte
557 2116 637 2159 vero
653 2096 815 2169 absimilis,
828 2095 924 2161 debet
939 2116 1014 2160 cum
1026 2096 1314 2180 circumspectione
1326 2100 1360 2161 et

181 2218 348 2304 diligentia
369 2222 565 2305 interrogari
589 2222 797 2306 potissimum,
817 2241 859 2285 an
884 2241 956 2286 cum
973 2221 1079 2304 aliquo
1099 2240 1281 2286 sermonem
1306 2220 1356 2283 ha·

184 2344 288 2411 buerit
310 2346 350 2411 de
374 2348 524 2412 examine
546 2353 718 2432 antequam
733 2348 774 2413 ad
791 2348 872 2413 idem
897 2348 1095 2414 subeundum
1119 2347 1299 2419 accederet,
1316 2367 1357 2411 an

180 2472 320 2557 aliquam
336 2475 499 2560 receperit
513 2474 757 2539 instructionem
777 2478 833 2537 aut
854 2474 1097 2559 promissionem
1114 2478 1201 2539 etan
1218 2473 1358 2557 aliquam

181 2599 299 2663 habeat
316 2599 505 2665 relationem
521 2619 594 2664 cum
610 2600 762 2682 inquisito
776 2605 832 2663 aut
847 2619 919 2664 cum
935 2599 1176 2663 adhaerente».
1195 2601 1265 2663 Art.
1280 2597 1356 2663 283:

184 2745 202 2786 a
218 2722 252 2790 Si
276 2725 366 2787 testis
382 2741 446 2787 non
462 2723 628 2807 cognoscit
649 2722 808 2788 obiectum
831 2722 991 2786 examinis
1006 2727 1039 2786 et
1054 2741 1089 2786 se
1105 2720 1187 2786 istud
1205 2722 1358 2804 ignorare

181 2845 360 2932 profitetur,
383 2849 605 2932 interrogatur
628 2847 813 2931 singillatim
838 2847 877 2911 de
903 2847 939 2910 iis
963 2866 1044 2929 quae
1075 2847 1137 2910 iam
1160 2865 1203 2910 ex
1226 2847 1357 2928 inquisi-

180 2973 267 3037 tione
292 2980 423 3056 reperta
449 2977 533 3052 sunt,
561 2992 707 3056 quaeque
730 2973 759 3036 ei
783 2972 915 3056 cognita
940 2991 1011 3036 esse
1037 2973 1199 3057 praesumi
1223 2972 1356 3035 valet».

181 3103 253 3167 Art.
278 3101 361 3167 2842
389 3101 461 3166 «ln
489 3099 628 3189 decursu
658 3100 817 3164 examinis
848 3099 1024 3164 attenditur
1047 3104 1083 3164 ut
1105 3101 1357 3185 interrogatoria

181 3227 319 3309 primum
342 3223 421 3289 tiant
443 3224 484 3288 de
507 3226 620 3290 notitia
647 3225 722 3288 lacti
747 3228 780 3288 et
802 3224 842 3288 de
865 3224 1048 3308 cognitione
1078 3243 1290 3308 personarum
1320 3223 1357 3288 in
1428 3299 1430 3302 ¹

180 3371 304 3436 qaaere
319 3357 353 3415 et
367 3350 441 3416 dein
461 3353 593 3415 venitur
607 3349 647 3414 ad
658 3349 854 3432 peculiaria
870 3348 1029 3433 adiuncta,
1046 3349 1086 3414 de
1101 3348 1213 3431 quibus
1230 3348 1357 3432 exquiri

182 3482 314 3559 possunt
336 3476 438 3559 magis
461 3475 619 3560 speciales
634 3474 871 3539 declarationes
887 3494 918 3536 ».
937 3475 1007 3537 Art.
1023 3473 1106 3538 285:
1127 3492 1145 3534 a
1164 3472 1357 3536 Praeterea

181 3621 264 3684 quae
286 3607 400 3686 sponte
422 3602 514 3664 testis
537 3601 659 3664 fatetur
681 3605 736 3664 aut
763 3599 946 3683 respondet,
975 3596 1070 3664 debet
1096 3598 1295 3682 interrogari
1317 3596 1357 3662 de

181 3728 219 3792 iis
242 3747 325 3811 quae
348 3727 459 3792 forsan
483 3726 661 3811 praeteriit,
679 3744 760 3810 quae
783 3726 869 3790 scire
888 3725 944 3789 ille
959 3724 1187 3809 praesumitur,
1204 3727 1260 3786 aut
1275 3741 1357 3807 quae
1475 3799 1480 3806 Α

181 3850 272 3914 clare
294 3870 359 3915 non
382 3850 558 3935 explicavit
580 3851 777 3934 potissimum
801 3846 904 3932 quoad
933 3846 1084 3911 adiuncta
1102 3851 1193 3910 arcte
1209 3845 1358 3909 ordinata

180 3975 220 4038 ad
245 3973 363 4038 indicia
385 3961 440 4038 aut
463 3971 669 4056 probationes
692 3969 976 4036 constituendas».
1002 3967 1074 4033 Art.
1100 3954 1183 4033 286:
1210 3989 1228 4030 a
1252 3969 1357 4031 Testis

180 4097 366 4184 significare
388 4098 483 4164 debet
506 4099 692 4182 expressius
716 4116 777 4179 quo
801 4094 871 4159 tleri
896 4101 1010 4180 potest,
1035 4101 1161 4178 tempus
1177 4094 1357 4178 praecisum

180 4232 235 4291 aut
250 4226 365 4291 saltem
388 4225 569 4309 proximum
593 4221 754 4286 tactorum
777 4239 860 4305 quae
877 4225 1042 4302 memorat,
1059 4221 1189 4284 nomina
1205 4225 1237 4283 et
1256 4219 1358 4303 magis

180 4356 329 4418 exactam
352 4351 657 4416 demonstrationem
681 4367 904 4434 personarum,
921 4367 1002 4432 quae
1025 4346 1065 4411 ad
1089 4347 1159 4410 eius
1180 4347 1356 4411 attestatio-

181 4498 254 4542 nem
278 4484 433 4562 spectant,
450 4477 531 4547 loca,
549 4474 716 4539 distantias
731 4474 771 4537 de
786 4474 900 4556 quibus
926 4472 1037 4546 refert,
1059 4491 1204 4556 quaeque
1219 4471 1357 4535 attinent
