3350 5100
341 310 407 377 500
852 330 938 377 runs
963 330 1013 376 111.

339 456 619 519 conversationem
643 455 856 541 coniugalem.
890 453 953 519 Sed
975 472 1069 539 pars,
1095 472 1177 536 quae
1209 460 1395 523 accusatur,
1423 461 1513 537 negat

340 577 461 643 lactum
491 577 650 645 adulterii.
677 580 767 643 Tunc
797 578 912 645 iudicis
935 584 1000 649 est,
1030 578 1228 661 investigare
1251 596 1293 641 au
1317 575 1515 661 probationes

338 702 379 767 ab
405 710 595 769 accusatore
626 704 786 790 allegatae
809 702 912 769 solido
935 706 1117 768 innitantur
1140 702 1362 767 fundamento.
1386 702 1419 767 Si
1441 722 1515 765 vero

337 833 506 892 accusatus
529 826 673 893 fateatur
696 827 902 899 adulterium,
920 826 1082 892 confessio
1105 826 1233 911 plenam
1257 826 1337 891 facit
1359 825 1515 910 probatio·

319 971 423 1031 nem.
449 953 528 1017 Nam
544 954 577 1017 in
598 953 687 1018 hisce
712 953 858 1037 negotiis,
882 972 966 1036 quae
990 954 1169 1037 respiciunt
1190 952 1270 1015 iura
1291 951 1441 1034 privum.
1457 971 1516 1015 non

338 1098 431 1144 secus
461 1098 500 1143 ac
527 1082 559 1142 in
585 1080 721 1165 negotiis
752 1078 915 1150 ciuilibus,
946 1079 1124 1147 confessio.
1150 1079 1385 1155 iuramentum,
1409 1083 1517 1162 suapte

295 1254 298 1263 .
338 1210 464 1276 natura,
491 1206 557 1269 vim
588 1204 709 1269 habent
738 1202 947 1269 definitivam.
974 1202 1054 1268 Inde
1078 1205 1110 1266 in
1134 1203 1204 1267 istis
1227 1204 1336 1269 causis
1359 1203 1452 1267 locus
1473 1208 1518 1267 est

337 1332 516 1395 iuramento
547 1332 756 1413 suppletoric
788 1336 820 1394 et
850 1330 1010 1398 ἀεάείυο,
1043 1329 1200 1413 siquidem
1234 1328 1461 1394 conractioni
1489 1333 1519 1393 et

337 1456 540 1521 concordiae
563 1460 707 1539 praestat
729 1454 849 1519 aditum
872 1457 1014 1539 aperire.
1040 1453 1089 1519 Gi.
1115 1454 1189 1517 Vol.
1216 1455 1240 1523 1.
1266 1472 1297 1516 n.
1324 1454 1378 1522 45.
1405 1452 1518 1516 -Dum

337 1580 369 1643 in
393 1581 499 1644 causis
523 1580 562 1643 de
586 1580 699 1644 valore
722 1581 863 1663 coniugii
880 1585 913 1643 et
928 1578 1094 1661 confessio
1111 1584 1144 1642 et
1158 1577 1395 1643 iuramentum
1416 1577 1519 1642 coniu-

336 1724 410 1789 gum
435 1724 499 1770 non
530 1705 658 1789 plenam
690 1704 814 1770 faciunt
844 1702 957 1771 fidem.
983 1705 1057 1787 quia
1080 1704 1106 1766 si
1134 1704 1290 1787 coniuges
1319 1702 1519 1769 mentiuntur

338 1829 433 1913 (quod
456 1831 572 1896 timere
597 1849 661 1893 non
685 1836 732 1893 est
756 1828 924 1911 absonum)
948 1827 1065 1892 nedum
1091 1828 1140 1891 ius
1172 1847 1263 1893 snum
1288 1827 1320 1889 in
1344 1826 1519 1890 discrimen

335 1950 498 2017 adducunt
520 1953 575 2017 sed
599 1954 796 2037 potissimum
821 1953 941 2017 bonum
965 1950 1138 2036 publicum,
1155 1949 1239 2034 quod
1264 1948 1444 2014 nullimode
1460 1951 1517 2013 tol-

335 2076 435 2141 lerari
460 2084 572 2161 potest.
598 2078 645 2143 Ol.
675 2080 769 2143 instr.
796 2080 920 2157 nasta,
945 2079 967 2158 g
990 2076 1066 2155 205,
1092 2096 1139 2159 sq,

467 2200 499 2286 4)
525 2204 737 2277 Quaestiones
760 2206 977 2283 actamquae
999 2199 1128 2266 vinculi
1152 2200 1305 2265 odorem
1329 2201 1517 2283 respiciunt.

334 2328 379 2389 ita
409 2326 533 2389 exoriri
569 2332 701 2411 possunt
731 2331 764 2390 et
793 2325 988 2389 iudicialiter
1021 2326 1148 2409 agitari.
1186 2324 1343 2388 Nimirum
1375 2326 1404 2388 si
1439 2344 1518 2388 unus

334 2452 453 2516 coniux
476 2452 714 2517 matrimonium
738 2452 782 2513 uti
807 2450 931 2514 nullum
954 2454 1095 2521 accuset,
1119 2450 1223 2514 altero
1247 2451 1386 2533 coniuge
1414 2449 1518 2513 refra-

334 2583 445 2662 gante,
471 2579 591 2643 coniux
623 2583 793 2642 accusator
824 2595 955 2641 causam
987 2576 1147 2639 instaurat
1170 2581 1202 2638 et
1233 2575 1372 2640 alterum
1406 2578 1440 2638 in
1472 2577 1518 2639 ius

333 2709 437 2766 vocat.
454 2701 613 2767 Defensor
635 2703 755 2766 vinculi
780 2701 912 2765 adiuvat
934 2701 1026 2783 quasi
1046 2699 1232 2765 advocatur
1248 2705 1358 2784 partes
1374 2701 1517 2765 accusati

333 2828 514 2911 producens
545 2829 642 2892 etiam
672 2845 718 2892 erc
745 2825 858 2909 officio
889 2830 990 2890 testes
1013 2831 1047 2889 et
1069 2826 1260 2909 omnigenas
1290 2824 1517 2909 probationes;

332 2951 430 3017 iudex
452 2971 532 3016 vero
556 2951 745 3016 incumbens
769 2951 801 3013 in
826 2950 1000 3016 veritatem
1025 2948 1239 3032 detegendam
1261 2952 1360 3013 testes
1383 2968 1432 3014 eor
1448 2949 1518 3032 offi-

332 3076 382 3142 cic
407 3083 439 3140 et
462 3077 541 3140 alias
572 3077 779 3160 probationes
807 3077 982 3158 exquirere
1005 3073 1117 3147 debet,
1143 3079 1208 3138 tum
1233 3075 1267 3136 in
1290 3073 1517 3156 probationem
1623 3078 1624 3081 ’

332 3202 555 3273 accusationis,
581 3207 647 3266 tum
679 3202 711 3264 in
744 3199 964 3264 defensionem
989 3200 1143 3270 accusati,
1168 3203 1263 3282 prout
1293 3217 1388 3262 casus
1421 3198 1515 3261 ferat.

466 3327 499 3410 5)
525 3328 667 3409 Uterque
691 3327 810 3390 coniux
834 3322 1005 3407 aliquando
1032 3329 1164 3388 accusat
1195 3322 1435 3387 matrimonium
1461 3343 1522 3390 ve<

331 3453 389 3517 luti
418 3451 543 3516 nullum
569 3459 701 3536 propter
724 3449 985 3534 impedimentum
1009 3444 1263 3526 clandestinatis‚
1288 3449 1516 3532 consanguini-

332 3579 416 3648 tatis,
433 3583 467 3642 et
481 3578 570 3661 quasi
594 3593 674 3641 reus
699 3577 891 3640 convenitur
915 3573 1068 3638 defensor
1084 3573 1214 3644 vinculi,
1233 3574 1287 3655 qui
1307 3591 1367 3655 pro
1391 3573 1517 3637 viribus

332 3709 441 3766 tuetur
464 3703 660 3766 matrimonii
682 3701 838 3765 valorem.
859 3735 876 3748 -
900 3699 1128 3781 Iudex'usque
1152 3696 1322 3762 intendens
1344 3699 1378 3762 in
1400 3717 1515 3762 rerum

331 3830 498 3892 veritatem
528 3848 573 3893 ec
595 3827 708 3912 officio
739 3832 907 3910 comparat
937 3823 1153 3908 probationes,
1188 3824 1385 3907 potissimum
1414 3827 1516 3887 testes

331 3953 394 4035 qui,
411 3953 566 4016 immunes
591 3971 609 4015 a
634 3952 770 4035 partium
788 3949 902 4019 studio.
921 3969 976 4012 res
991 3965 1154 4011 enarrare
1169 3951 1422 4030 praesumuntur
1438 3966 1514 4010 con-

332 4077 451 4140 formes
475 4079 614 4140 veritati.

465 4201 497 4284 6)
523 4203 688 4266 Hactenus
712 4200 751 4264 de
775 4219 929 4284 processu
950 4217 1039 4280 pure
1056 4195 1266 4262 accusatorio
1284 4195 1387 4279 quoad
1402 4197 1513 4259 matri·

267 4329 271 4345 '
331 4326 468 4388 monium
495 4329 556 4390 iam
581 4327 712 4390 initium.
741 4361 757 4372 -
784 4324 845 4390 Sed
869 4322 1037 4407 fingamus,
1063 4321 1180 4385 Titium
1205 4325 1238 4384 et
1252 4321 1360 4386 Gaiam
1384 4318 1511 4403 publice

330 4451 491 4534 coniugali
515 4451 747 4516 consuetudine
772 4469 842 4514 esse
866 4449 1031 4533 copulatos
1063 4445 1254 4529 eosdemque
1285 4461 1442 4510 accusare
1465 4443 1508 4506 uti
