<?xml version="1.0" encoding="UTF-8"?>
<!DOCTYPE html PUBLIC "-//W3C//DTD XHTML 1.0 Transitional//EN"
    "http://www.w3.org/TR/xhtml1/DTD/xhtml1-transitional.dtd">
<html xmlns="http://www.w3.org/1999/xhtml" xml:lang="en" lang="en">
 <head>
  <title>
</title>
<meta http-equiv="Content-Type" content="text/html;charset=utf-8" />
  <meta name='ocr-system' content='tesseract 3.04.00' />
  <meta name='ocr-capabilities' content='ocr_page ocr_carea ocr_par ocr_line ocrx_word'/>
</head>
<body>
  <div class='ocr_page' id='page_1' title='image "./praelectionesin00legagoog_0552.png"; bbox 0 0 3350 5100; ppageno 0'>
   <div class='ocr_carea' id='block_1_1' title="bbox 320 358 993 425">
    <p class='ocr_par' dir='ltr' id='par_1_1' title="bbox 320 358 993 425">
     <span class='ocr_line' id='line_1_1' title="bbox 320 358 993 425; baseline 0 -1"><span class='ocrx_word' id='word_1_1' title='bbox 320 358 388 424; x_wconf 80' lang='lat'>550</span> <span class='ocrx_word' id='word_1_2' title='bbox 834 377 919 425; x_wconf 67' lang='lat' dir='ltr'>runs</span> <span class='ocrx_word' id='word_1_3' title='bbox 944 377 993 424; x_wconf 88' lang='lat'>111.</span> 
     </span>
    </p>
   </div>
   <div class='ocr_carea' id='block_1_2' title="bbox 320 497 1500 709">
    <p class='ocr_par' dir='ltr' id='par_1_2' title="bbox 320 497 1500 709">
     <span class='ocr_line' id='line_1_2' title="bbox 321 497 1500 585; baseline 0.002 -21"><span class='ocrx_word' id='word_1_4' title='bbox 321 497 538 585; x_wconf 85' lang='lat' dir='ltr'>Congregatio</span> <span class='ocrx_word' id='word_1_5' title='bbox 553 499 613 564; x_wconf 87' lang='lat' dir='ltr'>has</span> <span class='ocrx_word' id='word_1_6' title='bbox 628 499 745 565; x_wconf 89' lang='lat' dir='ltr'>edebat</span> <span class='ocrx_word' id='word_1_7' title='bbox 761 501 1005 566; x_wconf 87' lang='lat' dir='ltr'>Instructiones.</span> <span class='ocrx_word' id='word_1_8' title='bbox 1024 500 1179 584; x_wconf 78' lang='lat' dir='ltr'>Equidem</span> <span class='ocrx_word' id='word_1_9' title='bbox 1196 498 1350 566; x_wconf 90' lang='lat' dir='ltr'>eiusmodi</span> <span class='ocrx_word' id='word_1_10' title='bbox 1366 519 1500 566; x_wconf 81' lang='lat' dir='ltr'>normae</span> 
     </span>
     <span class='ocr_line' id='line_1_3' title="bbox 320 620 1498 709; baseline 0.004 -24"><span class='ocrx_word' id='word_1_11' title='bbox 320 620 557 706; x_wconf 65' lang='lat' dir='ltr'>tempestati</span> <span class='ocrx_word' id='word_1_12' title='bbox 570 624 736 709; x_wconf 77' lang='lat' dir='ltr'>paulisper</span> <span class='ocrx_word' id='word_1_13' title='bbox 750 625 889 690; x_wconf 80' lang='lat' dir='ltr'>limitent</span> <span class='ocrx_word' id='word_1_14' title='bbox 908 623 1095 691; x_wconf 76' lang='lat' dir='ltr'>facultatem</span> <span class='ocrx_word' id='word_1_15' title='bbox 1112 623 1296 691; x_wconf 83' lang='lat' dir='ltr'>Ordinuriis</span> <span class='ocrx_word' id='word_1_16' title='bbox 1312 643 1498 690; x_wconf 76' lang='lat' dir='ltr'>concessam</span> 
     </span>
    </p>
   </div>
   <div class='ocr_carea' id='block_1_3' title="bbox 178 747 1500 833">
    <p class='ocr_par' dir='ltr' id='par_1_3' title="bbox 178 747 1500 833">
     <span class='ocr_line' id='line_1_4' title="bbox 178 747 1500 833; baseline 0.002 -23"><span class='ocrx_word' id='word_1_17' title='bbox 178 747 182 752; x_wconf 83' lang='lat'>&#39;</span> <span class='ocrx_word' id='word_1_18' title='bbox 320 764 364 811; x_wconf 83' lang='lat' dir='ltr'>ex</span> <span class='ocrx_word' id='word_1_19' title='bbox 385 747 455 831; x_wconf 91' lang='lat' dir='ltr'>ipso</span> <span class='ocrx_word' id='word_1_20' title='bbox 478 748 619 814; x_wconf 86' lang='lat' dir='ltr'>naturali</span> <span class='ocrx_word' id='word_1_21' title='bbox 641 750 714 813; x_wconf 89' lang='lat' dir='ltr'>iure</span> <span class='ocrx_word' id='word_1_22' title='bbox 740 749 797 814; x_wconf 87' lang='lat' dir='ltr'>sed</span> <span class='ocrx_word' id='word_1_23' title='bbox 822 747 887 814; x_wconf 91' lang='lat' dir='ltr'>hoc</span> <span class='ocrx_word' id='word_1_24' title='bbox 914 754 1019 833; x_wconf 83' lang='lat' dir='ltr'>patet,</span> <span class='ocrx_word' id='word_1_25' title='bbox 1044 749 1165 814; x_wconf 86' lang='lat' dir='ltr'>factum</span> <span class='ocrx_word' id='word_1_26' title='bbox 1192 749 1291 814; x_wconf 78' lang='lat' dir='ltr'>misse</span> <span class='ocrx_word' id='word_1_27' title='bbox 1323 749 1355 812; x_wconf 91' lang='lat' dir='ltr'>iu</span> <span class='ocrx_word' id='word_1_28' title='bbox 1382 748 1500 813; x_wconf 89' lang='lat' dir='ltr'>bouum</span> 
     </span>
    </p>
   </div>
   <div class='ocr_carea' id='block_1_4' title="bbox 317 871 1503 2077">
    <p class='ocr_par' dir='ltr' id='par_1_4' title="bbox 321 871 1306 957">
     <span class='ocr_line' id='line_1_5' title="bbox 321 871 1306 957; baseline 0.002 -22"><span class='ocrx_word' id='word_1_29' title='bbox 321 871 443 937; x_wconf 82' lang='lat' dir='ltr'><strong>ordinis</strong></span> <span class='ocrx_word' id='word_1_30' title='bbox 467 872 686 939; x_wconf 82' lang='lat' dir='ltr'>sacerdotalis.</span> <span class='ocrx_word' id='word_1_31' title='bbox 712 908 731 922; x_wconf 95' lang='lat'><em>-</em></span> <span class='ocrx_word' id='word_1_32' title='bbox 757 873 805 938; x_wconf 83' lang='lat' dir='ltr'>Gi.</span> <span class='ocrx_word' id='word_1_33' title='bbox 828 875 851 957; x_wconf 65' lang='grc' dir='ltr'><strong>ἓ</strong></span> <span class='ocrx_word' id='word_1_34' title='bbox 875 874 917 941; x_wconf 83' lang='grc'>15</span> <span class='ocrx_word' id='word_1_35' title='bbox 941 874 992 940; x_wconf 85' lang='lat' dir='ltr'>cit.</span> <span class='ocrx_word' id='word_1_36' title='bbox 1020 875 1122 940; x_wconf 79' lang='lat' dir='ltr'>lnelr.</span> <span class='ocrx_word' id='word_1_37' title='bbox 1148 891 1179 938; x_wconf 86' lang='lat' dir='ltr'>a.</span> <span class='ocrx_word' id='word_1_38' title='bbox 1206 871 1306 938; x_wconf 83' lang='lat'><strong><em>1867.</em></strong></span> 
     </span>
    </p>

    <p class='ocr_par' dir='ltr' id='par_1_5' title="bbox 317 971 1503 1582">
     <span class='ocr_line' id='line_1_6' title="bbox 411 971 1502 1084; baseline 0 -24"><span class='ocrx_word' id='word_1_39' title='bbox 411 997 485 1082; x_wconf 85' lang='lat' dir='ltr'>lpse</span> <span class='ocrx_word' id='word_1_40' title='bbox 508 997 655 1070; x_wconf 76' lang='lat' dir='ltr'><strong>facultas,</strong></span> <span class='ocrx_word' id='word_1_41' title='bbox 680 1017 744 1081; x_wconf 90' lang='lat' dir='ltr'>qua</span> <span class='ocrx_word' id='word_1_42' title='bbox 766 971 893 1084; x_wconf 87' lang='lat' dir='ltr'>pollent</span> <span class='ocrx_word' id='word_1_43' title='bbox 917 997 1083 1082; x_wconf 66' lang='lat' dir='ltr'>Ordinarii</span> <span class='ocrx_word' id='word_1_44' title='bbox 1103 996 1299 1083; x_wconf 84' lang='lat' dir='ltr'>procedendi</span> <span class='ocrx_word' id='word_1_45' title='bbox 1327 1015 1373 1062; x_wconf 79' lang='lat' dir='ltr'>eno</span> <span class='ocrx_word' id='word_1_46' title='bbox 1394 995 1502 1080; x_wconf 54' lang='lat' dir='ltr'>infor*</span> 
     </span>
     <span class='ocr_line' id='line_1_7' title="bbox 321 1117 1500 1206; baseline 0.003 -23"><span class='ocrx_word' id='word_1_47' title='bbox 321 1124 415 1186; x_wconf 85' lang='lat' dir='ltr'>muto</span> <span class='ocrx_word' id='word_1_48' title='bbox 441 1121 655 1202; x_wconf 60' lang='lat' dir='ltr'>consecuto,</span> <span class='ocrx_word' id='word_1_49' title='bbox 675 1138 741 1186; x_wconf 92' lang='lat' dir='ltr'>nou</span> <span class='ocrx_word' id='word_1_50' title='bbox 769 1125 873 1206; x_wconf 88' lang='lat' dir='ltr'>potest</span> <span class='ocrx_word' id='word_1_51' title='bbox 896 1123 1048 1186; x_wconf 78' lang='lat' dir='ltr'>exerceri</span> <span class='ocrx_word' id='word_1_52' title='bbox 1070 1121 1104 1184; x_wconf 89' lang='lat' dir='ltr'>in</span> <span class='ocrx_word' id='word_1_53' title='bbox 1129 1134 1220 1185; x_wconf 89' lang='lat' dir='ltr'>reum</span> <span class='ocrx_word' id='word_1_54' title='bbox 1243 1117 1500 1200; x_wconf 72' lang='lat' dir='ltr'>sollicitationis,</span> 
     </span>
     <span class='ocr_line' id='line_1_8' title="bbox 317 1245 1503 1331; baseline 0 -21"><span class='ocrx_word' id='word_1_55' title='bbox 317 1248 396 1331; x_wconf 22' lang='lat' dir='ltr'>,quia</span> <span class='ocrx_word' id='word_1_56' title='bbox 419 1245 451 1312; x_wconf 91' lang='lat' dir='ltr'>S.</span> <span class='ocrx_word' id='word_1_57' title='bbox 468 1245 618 1313; x_wconf 88' lang='lat' dir='ltr'>Officium</span> <span class='ocrx_word' id='word_1_58' title='bbox 641 1266 752 1312; x_wconf 89' lang='lat' dir='ltr'>omnes</span> <span class='ocrx_word' id='word_1_59' title='bbox 768 1246 902 1314; x_wconf 86' lang='lat' dir='ltr'>dictavit</span> <span class='ocrx_word' id='word_1_60' title='bbox 917 1264 1057 1320; x_wconf 84' lang='lat' dir='ltr'>normas,</span> <span class='ocrx_word' id='word_1_61' title='bbox 1075 1247 1164 1312; x_wconf 87' lang='lat' dir='ltr'>casui</span> <span class='ocrx_word' id='word_1_62' title='bbox 1183 1245 1451 1327; x_wconf 87' lang='lat' dir='ltr'>accommodatas,</span> <span class='ocrx_word' id='word_1_63' title='bbox 1466 1249 1503 1310; x_wconf 87' lang='lat' dir='ltr'>at</span> 
     </span>
     <span class='ocr_line' id='line_1_9' title="bbox 321 1369 1502 1458; baseline 0 -23"><span class='ocrx_word' id='word_1_64' title='bbox 321 1391 494 1455; x_wconf 86' lang='lat' dir='ltr'><strong>numquam</strong></span> <span class='ocrx_word' id='word_1_65' title='bbox 517 1391 623 1457; x_wconf 90' lang='lat' dir='ltr'>neque</span> <span class='ocrx_word' id='word_1_66' title='bbox 645 1372 805 1458; x_wconf 80' lang='lat' dir='ltr'>suggessit</span> <span class='ocrx_word' id='word_1_67' title='bbox 828 1371 1012 1438; x_wconf 83' lang='lat' dir='ltr'>Ordinuriis</span> <span class='ocrx_word' id='word_1_68' title='bbox 1035 1391 1140 1456; x_wconf 89' lang='lat' dir='ltr'>neque</span> <span class='ocrx_word' id='word_1_69' title='bbox 1164 1375 1267 1437; x_wconf 89' lang='lat' dir='ltr'>ratum</span> <span class='ocrx_word' id='word_1_70' title='bbox 1284 1369 1397 1438; x_wconf 86' lang='lat' dir='ltr'>habuit</span> <span class='ocrx_word' id='word_1_71' title='bbox 1415 1371 1502 1436; x_wconf 91' lang='lat' dir='ltr'>hanc</span> 
     </span>
     <span class='ocr_line' id='line_1_10' title="bbox 322 1496 1030 1582; baseline 0.004 -22"><span class='ocrx_word' id='word_1_72' title='bbox 322 1496 480 1562; x_wconf 89' lang='lat' dir='ltr'>rationem</span> <span class='ocrx_word' id='word_1_73' title='bbox 503 1496 698 1582; x_wconf 87' lang='lat' dir='ltr'>procedendi</span> <span class='ocrx_word' id='word_1_74' title='bbox 722 1497 1030 1563; x_wconf 77' lang='lat' dir='ltr'>ectraiudiciulcm.</span> 
     </span>
    </p>

    <p class='ocr_par' dir='ltr' id='par_1_6' title="bbox 322 1619 1503 2077">
     <span class='ocr_line' id='line_1_11' title="bbox 410 1619 1503 1705; baseline -0.003 -20"><span class='ocrx_word' id='word_1_75' title='bbox 410 1621 487 1688; x_wconf 80' lang='lat'>540.</span> <span class='ocrx_word' id='word_1_76' title='bbox 504 1621 556 1686; x_wconf 83' lang='lat' dir='ltr'>Ex</span> <span class='ocrx_word' id='word_1_77' title='bbox 572 1622 627 1686; x_wconf 89' lang='lat' dir='ltr'>cit.</span> <span class='ocrx_word' id='word_1_78' title='bbox 644 1621 741 1686; x_wconf 92' lang='lat' dir='ltr'>Iustr.</span> <span class='ocrx_word' id='word_1_79' title='bbox 755 1639 784 1686; x_wconf 90' lang='lat' dir='ltr'>a.</span> <span class='ocrx_word' id='word_1_80' title='bbox 800 1619 896 1694; x_wconf 83' lang='lat'>1867,</span> <span class='ocrx_word' id='word_1_81' title='bbox 914 1622 946 1684; x_wconf 92' lang='lat' dir='ltr'>in</span> <span class='ocrx_word' id='word_1_82' title='bbox 960 1619 1125 1704; x_wconf 75' lang='lat' dir='ltr'>proemio,</span> <span class='ocrx_word' id='word_1_83' title='bbox 1143 1619 1240 1686; x_wconf 82' lang='lat' dir='ltr'>iudex</span> <span class='ocrx_word' id='word_1_84' title='bbox 1256 1625 1441 1705; x_wconf 88' lang='lat' dir='ltr'>competens</span> <span class='ocrx_word' id='word_1_85' title='bbox 1455 1620 1503 1683; x_wconf 85' lang='lat' dir='ltr'>ita</span> 
     </span>
     <span class='ocr_line' id='line_1_12' title="bbox 322 1743 1501 1830; baseline -0.002 -22"><span class='ocrx_word' id='word_1_86' title='bbox 322 1743 565 1810; x_wconf 85' lang='lat' dir='ltr'>determinatur.</span> <span class='ocrx_word' id='word_1_87' title='bbox 583 1780 598 1793; x_wconf 95' lang='lat'>·</span> <span class='ocrx_word' id='word_1_88' title='bbox 618 1744 690 1811; x_wconf 83' lang='lat' dir='ltr'>«In</span> <span class='ocrx_word' id='word_1_89' title='bbox 714 1747 827 1830; x_wconf 89' lang='lat' dir='ltr'>primis</span> <span class='ocrx_word' id='word_1_90' title='bbox 850 1743 1116 1829; x_wconf 86' lang='lat' dir='ltr'>quemadmodum</span> <span class='ocrx_word' id='word_1_91' title='bbox 1140 1746 1203 1809; x_wconf 87' lang='lat' dir='ltr'>iam</span> <span class='ocrx_word' id='word_1_92' title='bbox 1227 1749 1324 1810; x_wconf 88' lang='lat' dir='ltr'>antee</span> <span class='ocrx_word' id='word_1_93' title='bbox 1342 1744 1501 1810; x_wconf 86' lang='lat' dir='ltr'>sancitum</span> 
     </span>
     <span class='ocr_line' id='line_1_13' title="bbox 322 1868 1502 1956; baseline -0.002 -22"><span class='ocrx_word' id='word_1_94' title='bbox 322 1868 430 1934; x_wconf 85' lang='lat' dir='ltr'>tuerat</span> <span class='ocrx_word' id='word_1_95' title='bbox 444 1871 635 1954; x_wconf 81' lang='lat' dir='ltr'>praesertim</span> <span class='ocrx_word' id='word_1_96' title='bbox 652 1870 844 1956; x_wconf 87' lang='lat' dir='ltr'>aGregorio</span> <span class='ocrx_word' id='word_1_97' title='bbox 858 1871 924 1938; x_wconf 87' lang='lat' dir='ltr'>XV</span> <span class='ocrx_word' id='word_1_98' title='bbox 941 1872 1049 1938; x_wconf 72' lang='lat' dir='ltr'>(toust.</span> <span class='ocrx_word' id='word_1_99' title='bbox 1068 1889 1149 1954; x_wconf 87' lang='lat' dir='ltr'>quae</span> <span class='ocrx_word' id='word_1_100' title='bbox 1165 1869 1223 1936; x_wconf 90' lang='lat' dir='ltr'>sub</span> <span class='ocrx_word' id='word_1_101' title='bbox 1239 1870 1291 1936; x_wconf 90' lang='lat' dir='ltr'>die</span> <span class='ocrx_word' id='word_1_102' title='bbox 1308 1869 1353 1935; x_wconf 89' lang='grc'>30</span> <span class='ocrx_word' id='word_1_103' title='bbox 1364 1871 1502 1954; x_wconf 79' lang='lat' dir='ltr'>Augusti</span> 
     </span>
     <span class='ocr_line' id='line_1_14' title="bbox 323 1991 1503 2077; baseline 0.001 -20"><span class='ocrx_word' id='word_1_104' title='bbox 323 2012 351 2057; x_wconf 91' lang='lat' dir='ltr'>a.</span> <span class='ocrx_word' id='word_1_105' title='bbox 371 1991 458 2058; x_wconf 78' lang='lat'>1622</span> <span class='ocrx_word' id='word_1_106' title='bbox 473 1991 547 2057; x_wconf 84' lang='lat' dir='ltr'>data</span> <span class='ocrx_word' id='word_1_107' title='bbox 563 1992 675 2077; x_wconf 78' lang='lat' dir='ltr'>incipit</span> <span class='ocrx_word' id='word_1_108' title='bbox 691 2029 703 2040; x_wconf 95' lang='lat'><em>-</em></span> <span class='ocrx_word' id='word_1_109' title='bbox 726 1993 882 2060; x_wconf 74' lang='lat' dir='ltr'>Universi</span> <span class='ocrx_word' id='word_1_110' title='bbox 896 2029 911 2039; x_wconf 98' lang='lat'>-</span> <span class='ocrx_word' id='word_1_111' title='bbox 927 2013 1038 2060; x_wconf 90' lang='lat' dir='ltr'>omnes</span> <span class='ocrx_word' id='word_1_112' title='bbox 1054 1995 1200 2060; x_wconf 91' lang='lat' dir='ltr'>locorum</span> <span class='ocrx_word' id='word_1_113' title='bbox 1216 1993 1384 2061; x_wconf 87' lang='lat' dir='ltr'>Ordinarii</span> <span class='ocrx_word' id='word_1_114' title='bbox 1398 2011 1503 2077; x_wconf 89' lang='lat' dir='ltr'>aeque</span> 
     </span>
    </p>
   </div>
   <div class='ocr_carea' id='block_1_5' title="bbox 321 2125 1505 4451">
    <p class='ocr_par' dir='ltr' id='par_1_7' title="bbox 321 2125 1505 3563">
     <span class='ocr_line' id='line_1_15' title="bbox 322 2125 1502 2211; baseline 0 -21"><span class='ocrx_word' id='word_1_115' title='bbox 322 2145 363 2191; x_wconf 90' lang='lat' dir='ltr'>ac</span> <span class='ocrx_word' id='word_1_116' title='bbox 385 2125 596 2209; x_wconf 88' lang='lat' dir='ltr'>Inquisitores</span> <span class='ocrx_word' id='word_1_117' title='bbox 614 2125 687 2211; x_wconf 79' lang='lat' dir='ltr'>(qui</span> <span class='ocrx_word' id='word_1_118' title='bbox 710 2125 809 2192; x_wconf 79' lang='lat' dir='ltr'>lodic</span> <span class='ocrx_word' id='word_1_119' title='bbox 831 2129 946 2192; x_wconf 81' lang='lat' dir='ltr'>tomen</span> <span class='ocrx_word' id='word_1_120' title='bbox 973 2125 1095 2194; x_wconf 80' lang='lat' dir='ltr'>nullibi</span> <span class='ocrx_word' id='word_1_121' title='bbox 1117 2126 1378 2210; x_wconf 79' lang='lat' dir='ltr'>constituuntur)</span> <span class='ocrx_word' id='word_1_122' title='bbox 1401 2125 1502 2210; x_wconf 87' lang='lat' dir='ltr'>dapu-</span> 
     </span>
     <span class='ocr_line' id='line_1_16' title="bbox 321 2249 1502 2336; baseline -0.002 -20"><span class='ocrx_word' id='word_1_123' title='bbox 321 2255 434 2316; x_wconf 80' lang='lat' dir='ltr'>untur</span> <span class='ocrx_word' id='word_1_124' title='bbox 464 2249 586 2315; x_wconf 88' lang='lat' dir='ltr'>iudicas</span> <span class='ocrx_word' id='word_1_125' title='bbox 616 2249 656 2315; x_wconf 90' lang='lat' dir='ltr'>ad</span> <span class='ocrx_word' id='word_1_126' title='bbox 687 2249 913 2335; x_wconf 87' lang='lat' dir='ltr'>inquirendum</span> <span class='ocrx_word' id='word_1_127' title='bbox 941 2256 975 2318; x_wconf 87' lang='lat' dir='ltr'>et</span> <span class='ocrx_word' id='word_1_128' title='bbox 1001 2250 1239 2336; x_wconf 89' lang='lat' dir='ltr'>procedendum</span> <span class='ocrx_word' id='word_1_129' title='bbox 1271 2257 1304 2316; x_wconf 91' lang='lat' dir='ltr'>et</span> <span class='ocrx_word' id='word_1_130' title='bbox 1334 2249 1502 2336; x_wconf 84' lang='lat' dir='ltr'>condignis</span> 
     </span>
     <span class='ocr_line' id='line_1_17' title="bbox 324 2374 1503 2461; baseline -0.001 -21"><span class='ocrx_word' id='word_1_131' title='bbox 324 2376 435 2461; x_wconf 89' lang='lat' dir='ltr'>poenis</span> <span class='ocrx_word' id='word_1_132' title='bbox 458 2375 778 2442; x_wconf 87' lang='lat' dir='ltr'>animadvertendum</span> <span class='ocrx_word' id='word_1_133' title='bbox 802 2381 917 2440; x_wconf 89' lang='lat' dir='ltr'>contra</span> <span class='ocrx_word' id='word_1_134' title='bbox 940 2375 1151 2441; x_wconf 73' lang='lat' dir='ltr'>sollicitantes</span> <span class='ocrx_word' id='word_1_135' title='bbox 1178 2374 1219 2440; x_wconf 84' lang='lat' dir='ltr'>ed</span> <span class='ocrx_word' id='word_1_136' title='bbox 1242 2376 1351 2459; x_wconf 87' lang='lat' dir='ltr'>turpia</span> <span class='ocrx_word' id='word_1_137' title='bbox 1372 2375 1405 2440; x_wconf 90' lang='lat' dir='ltr'>in</span> <span class='ocrx_word' id='word_1_138' title='bbox 1429 2394 1503 2439; x_wconf 90' lang='lat' dir='ltr'>con·</span> 
     </span>
     <span class='ocr_line' id='line_1_18' title="bbox 324 2499 1503 2588; baseline -0.001 -21"><span class='ocrx_word' id='word_1_139' title='bbox 324 2499 1503 2588; x_wconf 75' lang='lat' dir='ltr'>fossionequomeisodordinariciurisdictionequomodolidcleosem·</span> 
     </span>
     <span class='ocr_line' id='line_1_19' title="bbox 322 2622 1503 2710; baseline -0.005 -17"><span class='ocrx_word' id='word_1_140' title='bbox 322 2631 399 2710; x_wconf 84' lang='lat' dir='ltr'>ptos</span> <span class='ocrx_word' id='word_1_141' title='bbox 409 2645 439 2689; x_wconf 69' lang='lat' dir='ltr'>t.</span> <span class='ocrx_word' id='word_1_142' title='bbox 458 2626 544 2690; x_wconf 85' lang='lat' dir='ltr'>Ante</span> <span class='ocrx_word' id='word_1_143' title='bbox 555 2625 641 2690; x_wconf 89' lang='lat' dir='ltr'>hanc</span> <span class='ocrx_word' id='word_1_144' title='bbox 653 2624 905 2689; x_wconf 87' lang='lat' dir='ltr'>declarationem</span> <span class='ocrx_word' id='word_1_145' title='bbox 918 2622 1095 2689; x_wconf 84' lang='lat' dir='ltr'>dubitatum</span> <span class='ocrx_word' id='word_1_146' title='bbox 1107 2622 1215 2689; x_wconf 86' lang='lat' dir='ltr'>iuerat</span> <span class='ocrx_word' id='word_1_147' title='bbox 1226 2642 1268 2687; x_wconf 86' lang='lat' dir='ltr'>au</span> <span class='ocrx_word' id='word_1_148' title='bbox 1279 2626 1403 2689; x_wconf 83' lang='lat' dir='ltr'>tantum</span> <span class='ocrx_word' id='word_1_149' title='bbox 1417 2622 1503 2708; x_wconf 85' lang='lat' dir='ltr'>apud</span> 
     </span>
     <span class='ocr_line' id='line_1_20' title="bbox 324 2734 1501 2833; baseline -0.004 -16"><span class='ocrx_word' id='word_1_150' title='bbox 324 2752 354 2817; x_wconf 87' lang='lat' dir='ltr'>S.</span> <span class='ocrx_word' id='word_1_151' title='bbox 369 2750 403 2816; x_wconf 82' lang='lat' dir='ltr'>(l.</span> <span class='ocrx_word' id='word_1_152' title='bbox 418 2749 450 2816; x_wconf 85' lang='lat' dir='ltr'>S.</span> <span class='ocrx_word' id='word_1_153' title='bbox 465 2747 572 2816; x_wconf 87' lang='lat' dir='ltr'>Officii</span> <span class='ocrx_word' id='word_1_154' title='bbox 585 2752 647 2815; x_wconf 89' lang='lat' dir='ltr'>hae</span> <span class='ocrx_word' id='word_1_155' title='bbox 659 2766 777 2815; x_wconf 87' lang='lat' dir='ltr'>causae</span> <span class='ocrx_word' id='word_1_156' title='bbox 792 2748 1013 2833; x_wconf 81' lang='lat' dir='ltr'>expediendae</span> <span class='ocrx_word' id='word_1_157' title='bbox 1025 2754 1142 2813; x_wconf 89' lang='lat' dir='ltr'>essent.</span> <span class='ocrx_word' id='word_1_158' title='bbox 1157 2749 1205 2815; x_wconf 82' lang='lat' dir='ltr'>Of.</span> <span class='ocrx_word' id='word_1_159' title='bbox 1221 2750 1257 2813; x_wconf 89' lang='lat' dir='ltr'>P.</span> <span class='ocrx_word' id='word_1_160' title='bbox 1272 2748 1366 2823; x_wconf 84' lang='lat' dir='ltr'>Rota,</span> <span class='ocrx_word' id='word_1_161' title='bbox 1381 2734 1501 2812; x_wconf 84' lang='lat' dir='ltr'>Euchi-</span> 
     </span>
     <span class='ocr_line' id='line_1_21' title="bbox 325 2872 1503 2962; baseline -0.002 -23"><span class='ocrx_word' id='word_1_162' title='bbox 325 2872 580 2941; x_wconf 79' lang='lat' dir='ltr'>1·idi0n.n.220.</span> <span class='ocrx_word' id='word_1_163' title='bbox 606 2876 651 2940; x_wconf 81' lang='lat' dir='ltr'>At</span> <span class='ocrx_word' id='word_1_164' title='bbox 672 2876 802 2940; x_wconf 90' lang='lat' dir='ltr'>nomine</span> <span class='ocrx_word' id='word_1_165' title='bbox 817 2873 984 2940; x_wconf 88' lang='lat' dir='ltr'>Ordinarii</span> <span class='ocrx_word' id='word_1_166' title='bbox 1008 2892 1074 2937; x_wconf 88' lang='lat' dir='ltr'>non</span> <span class='ocrx_word' id='word_1_167' title='bbox 1095 2872 1380 2962; x_wconf 87' lang='lat' dir='ltr'>comprehenditur</span> <span class='ocrx_word' id='word_1_168' title='bbox 1402 2874 1503 2939; x_wconf 85' lang='lat' dir='ltr'>Vica-</span> 
     </span>
     <span class='ocr_line' id='line_1_22' title="bbox 324 2996 1503 3084; baseline -0.003 -19"><span class='ocrx_word' id='word_1_169' title='bbox 324 3000 392 3066; x_wconf 87' lang='lat' dir='ltr'>rius</span> <span class='ocrx_word' id='word_1_170' title='bbox 416 2999 586 3065; x_wconf 85' lang='lat' dir='ltr'>Generalis</span> <span class='ocrx_word' id='word_1_171' title='bbox 610 3000 726 3084; x_wconf 89' lang='lat' dir='ltr'>quippe</span> <span class='ocrx_word' id='word_1_172' title='bbox 752 2998 908 3065; x_wconf 89' lang='lat' dir='ltr'>eiusmodi</span> <span class='ocrx_word' id='word_1_173' title='bbox 939 3000 1069 3084; x_wconf 89' lang='lat' dir='ltr'>negotiu</span> <span class='ocrx_word' id='word_1_174' title='bbox 1099 3018 1163 3063; x_wconf 90' lang='lat' dir='ltr'>non</span> <span class='ocrx_word' id='word_1_175' title='bbox 1190 2999 1325 3063; x_wconf 89' lang='lat' dir='ltr'>suntin</span> <span class='ocrx_word' id='word_1_176' title='bbox 1352 2996 1503 3063; x_wconf 79' lang='lat' dir='ltr'>mandato</span> 
     </span>
     <span class='ocr_line' id='line_1_23' title="bbox 323 3122 1505 3211; baseline -0.003 -20"><span class='ocrx_word' id='word_1_177' title='bbox 323 3125 479 3211; x_wconf 65' lang='lat' dir='ltr'>pennalt</span> <span class='ocrx_word' id='word_1_178' title='bbox 501 3124 748 3207; x_wconf 88' lang='lat' dir='ltr'>comprehensa.</span> <span class='ocrx_word' id='word_1_179' title='bbox 770 3160 788 3173; x_wconf 96' lang='lat'>-</span> <span class='ocrx_word' id='word_1_180' title='bbox 809 3124 937 3189; x_wconf 85' lang='lat' dir='ltr'>Verum</span> <span class='ocrx_word' id='word_1_181' title='bbox 959 3126 991 3190; x_wconf 91' lang='lat' dir='ltr'>S.</span> <span class='ocrx_word' id='word_1_182' title='bbox 1017 3122 1176 3197; x_wconf 85' lang='lat' dir='ltr'>Officium,</span> <span class='ocrx_word' id='word_1_183' title='bbox 1200 3122 1251 3187; x_wconf 80' lang='lat'>20</span> <span class='ocrx_word' id='word_1_184' title='bbox 1275 3122 1395 3188; x_wconf 83' lang='lat' dir='ltr'>Martii</span> <span class='ocrx_word' id='word_1_185' title='bbox 1415 3122 1505 3189; x_wconf 88' lang='lat'><em>1901</em></span> 
     </span>
     <span class='ocr_line' id='line_1_24' title="bbox 324 3246 1505 3333; baseline -0.002 -20"><span class='ocrx_word' id='word_1_186' title='bbox 324 3247 457 3313; x_wconf 85' lang='lat' dir='ltr'>indulsit</span> <span class='ocrx_word' id='word_1_187' title='bbox 487 3252 521 3312; x_wconf 91' lang='lat' dir='ltr'>ut</span> <span class='ocrx_word' id='word_1_188' title='bbox 548 3248 622 3312; x_wconf 90' lang='lat' dir='ltr'>Vic.</span> <span class='ocrx_word' id='word_1_189' title='bbox 646 3248 818 3313; x_wconf 88' lang='lat' dir='ltr'>Generalis</span> <span class='ocrx_word' id='word_1_190' title='bbox 841 3248 1011 3333; x_wconf 87' lang='lat' dir='ltr'>Episcopi,</span> <span class='ocrx_word' id='word_1_191' title='bbox 1036 3246 1110 3313; x_wconf 91' lang='lat' dir='ltr'>dum</span> <span class='ocrx_word' id='word_1_192' title='bbox 1140 3248 1194 3312; x_wconf 90' lang='lat' dir='ltr'>hic</span> <span class='ocrx_word' id='word_1_193' title='bbox 1224 3252 1273 3311; x_wconf 89' lang='lat' dir='ltr'>est</span> <span class='ocrx_word' id='word_1_194' title='bbox 1303 3247 1420 3312; x_wconf 88' lang='lat' dir='ltr'>absens</span> <span class='ocrx_word' id='word_1_195' title='bbox 1446 3252 1505 3311; x_wconf 89' lang='lat' dir='ltr'>aut</span> 
     </span>
     <span class='ocr_line' id='line_1_25' title="bbox 326 3371 1503 3459; baseline -0.001 -22"><span class='ocrx_word' id='word_1_196' title='bbox 326 3372 510 3459; x_wconf 81' lang='lat' dir='ltr'>impeditus,</span> <span class='ocrx_word' id='word_1_197' title='bbox 541 3374 650 3438; x_wconf 84' lang='lat' dir='ltr'>valeat</span> <span class='ocrx_word' id='word_1_198' title='bbox 679 3372 833 3459; x_wconf 86' lang='lat' dir='ltr'>delegare</span> <span class='ocrx_word' id='word_1_199' title='bbox 867 3373 1075 3439; x_wconf 80' lang='lat' dir='ltr'>confessariis</span> <span class='ocrx_word' id='word_1_200' title='bbox 1105 3372 1292 3440; x_wconf 78' lang='lat' dir='ltr'>facultatem</span> <span class='ocrx_word' id='word_1_201' title='bbox 1323 3371 1503 3459; x_wconf 90' lang='lat' dir='ltr'>recipiendi</span> 
     </span>
     <span class='ocr_line' id='line_1_26' title="bbox 325 3496 885 3563; baseline -0.007 -2"><span class='ocrx_word' id='word_1_202' title='bbox 325 3496 590 3561; x_wconf 88' lang='lat' dir='ltr'>denunciationes</span> <span class='ocrx_word' id='word_1_203' title='bbox 613 3496 885 3563; x_wconf 86' lang='lat' dir='ltr'>sollicitationum.</span> 
     </span>
    </p>

    <p class='ocr_par' dir='ltr' id='par_1_8' title="bbox 324 3618 1505 4328">
     <span class='ocr_line' id='line_1_27' title="bbox 415 3618 1501 3707; baseline -0.003 -21"><span class='ocrx_word' id='word_1_204' title='bbox 415 3619 557 3707; x_wconf 89' lang='lat' dir='ltr'>Operam</span> <span class='ocrx_word' id='word_1_205' title='bbox 581 3618 694 3684; x_wconf 88' lang='lat' dir='ltr'>iudicis</span> <span class='ocrx_word' id='word_1_206' title='bbox 717 3619 849 3685; x_wconf 86' lang='lat' dir='ltr'>adiuvat</span> <span class='ocrx_word' id='word_1_207' title='bbox 871 3620 1029 3685; x_wconf 72' lang='lat' dir='ltr'>notarius</span> <span class='ocrx_word' id='word_1_208' title='bbox 1044 3624 1077 3685; x_wconf 92' lang='lat' dir='ltr'>et</span> <span class='ocrx_word' id='word_1_209' title='bbox 1100 3620 1132 3683; x_wconf 90' lang='lat' dir='ltr'>in</span> <span class='ocrx_word' id='word_1_210' title='bbox 1155 3619 1207 3684; x_wconf 91' lang='lat' dir='ltr'>his</span> <span class='ocrx_word' id='word_1_211' title='bbox 1229 3620 1368 3704; x_wconf 89' lang='lat' dir='ltr'>negotiis</span> <span class='ocrx_word' id='word_1_212' title='bbox 1383 3620 1501 3684; x_wconf 64' lang='lat' dir='ltr'>notari</span> 
     </span>
     <span class='ocr_line' id='line_1_28' title="bbox 325 3742 1503 3830; baseline 0 -21"><span class='ocrx_word' id='word_1_213' title='bbox 325 3751 434 3830; x_wconf 86' lang='lat' dir='ltr'>partes</span> <span class='ocrx_word' id='word_1_214' title='bbox 456 3746 642 3810; x_wconf 88' lang='lat' dir='ltr'>necessario</span> <span class='ocrx_word' id='word_1_215' title='bbox 663 3744 719 3809; x_wconf 84' lang='lat' dir='ltr'>eir</span> <span class='ocrx_word' id='word_1_216' title='bbox 734 3744 977 3810; x_wconf 79' lang='lat' dir='ltr'>ecclesiasticus</span> <span class='ocrx_word' id='word_1_217' title='bbox 993 3744 1122 3829; x_wconf 81' lang='lat' dir='ltr'>expleat</span> <span class='ocrx_word' id='word_1_218' title='bbox 1137 3748 1273 3829; x_wconf 87' lang='lat' dir='ltr'>oportet,</span> <span class='ocrx_word' id='word_1_219' title='bbox 1290 3742 1365 3809; x_wconf 90' lang='lat' dir='ltr'>dum</span> <span class='ocrx_word' id='word_1_220' title='bbox 1380 3743 1415 3807; x_wconf 91' lang='lat' dir='ltr'>in</span> <span class='ocrx_word' id='word_1_221' title='bbox 1430 3742 1503 3809; x_wconf 89' lang='lat' dir='ltr'>aliis</span> 
     </span>
     <span class='ocr_line' id='line_1_29' title="bbox 325 3866 1503 3951; baseline 0 -16"><span class='ocrx_word' id='word_1_222' title='bbox 325 3871 441 3951; x_wconf 89' lang='lat' dir='ltr'>causis,</span> <span class='ocrx_word' id='word_1_223' title='bbox 458 3872 504 3935; x_wconf 91' lang='lat' dir='ltr'>uti</span> <span class='ocrx_word' id='word_1_224' title='bbox 524 3868 689 3935; x_wconf 89' lang='lat' dir='ltr'>docuimus</span> <span class='ocrx_word' id='word_1_225' title='bbox 705 3868 779 3933; x_wconf 85' lang='lat' dir='ltr'>Vol.</span> <span class='ocrx_word' id='word_1_226' title='bbox 797 3870 813 3934; x_wconf 87' lang='lat'>1</span> <span class='ocrx_word' id='word_1_227' title='bbox 838 3890 869 3933; x_wconf 88' lang='lat' dir='ltr'>n.</span> <span class='ocrx_word' id='word_1_228' title='bbox 889 3868 962 3943; x_wconf 80' lang='lat'>159,</span> <span class='ocrx_word' id='word_1_229' title='bbox 980 3870 1074 3933; x_wconf 88' lang='lat' dir='ltr'>etiam</span> <span class='ocrx_word' id='word_1_230' title='bbox 1087 3870 1139 3933; x_wconf 83' lang='lat' dir='ltr'>vir</span> <span class='ocrx_word' id='word_1_231' title='bbox 1154 3869 1332 3934; x_wconf 86' lang='lat' dir='ltr'>saecularis</span> <span class='ocrx_word' id='word_1_232' title='bbox 1347 3866 1503 3935; x_wconf 87' lang='lat' dir='ltr'>eiusmodi</span> 
     </span>
     <span class='ocr_line' id='line_1_30' title="bbox 324 3992 1505 4080; baseline -0.001 -21"><span class='ocrx_word' id='word_1_233' title='bbox 324 3992 463 4060; x_wconf 85' lang='lat' dir='ltr'>officium</span> <span class='ocrx_word' id='word_1_234' title='bbox 488 3995 622 4080; x_wconf 85' lang='lat' dir='ltr'>explere</span> <span class='ocrx_word' id='word_1_235' title='bbox 641 3995 728 4061; x_wconf 82' lang='lat' dir='ltr'>valet</span> <span class='ocrx_word' id='word_1_236' title='bbox 750 3996 900 4061; x_wconf 87' lang='lat' dir='ltr'>incuriis</span> <span class='ocrx_word' id='word_1_237' title='bbox 923 3994 1038 4061; x_wconf 74' lang='lat' dir='ltr'>eccles,</span> <span class='ocrx_word' id='word_1_238' title='bbox 1065 3994 1243 4061; x_wconf 82' lang='lat' dir='ltr'>Praetereo</span> <span class='ocrx_word' id='word_1_239' title='bbox 1266 3996 1411 4059; x_wconf 66' lang='lat' dir='ltr'>numnius</span> <span class='ocrx_word' id='word_1_240' title='bbox 1427 4012 1505 4058; x_wconf 89' lang='lat' dir='ltr'>con·</span> 
     </span>
     <span class='ocr_line' id='line_1_31' title="bbox 325 4117 1502 4202; baseline 0 -17"><span class='ocrx_word' id='word_1_241' title='bbox 325 4121 412 4186; x_wconf 87' lang='lat' dir='ltr'>stitui</span> <span class='ocrx_word' id='word_1_242' title='bbox 425 4117 519 4184; x_wconf 87' lang='lat' dir='ltr'>debet</span> <span class='ocrx_word' id='word_1_243' title='bbox 529 4119 671 4202; x_wconf 63' lang='lat' dir='ltr'>memoli</span> <span class='ocrx_word' id='word_1_244' title='bbox 682 4120 846 4202; x_wconf 79' lang='lat' dir='ltr'>etscn&#39;pto</span> <span class='ocrx_word' id='word_1_245' title='bbox 856 4124 1003 4186; x_wconf 77' lang='lat' dir='ltr'>scureto</span> <span class='ocrx_word' id='word_1_246' title='bbox 1012 4118 1171 4202; x_wconf 77' lang='lat' dir='ltr'>Episcopi</span> <span class='ocrx_word' id='word_1_247' title='bbox 1181 4118 1407 4202; x_wconf 71' lang='lat' dir='ltr'>deputatione.</span> <span class='ocrx_word' id='word_1_248' title='bbox 1419 4120 1502 4185; x_wconf 90' lang='lat' dir='ltr'>ltem</span> 
     </span>
     <span class='ocr_line' id='line_1_32' title="bbox 325 4240 1500 4328; baseline -0.001 -20"><span class='ocrx_word' id='word_1_249' title='bbox 325 4241 422 4308; x_wconf 83' lang='lat' dir='ltr'>iudex</span> <span class='ocrx_word' id='word_1_250' title='bbox 444 4242 540 4308; x_wconf 88' lang='lat' dir='ltr'>debet</span> <span class='ocrx_word' id='word_1_251' title='bbox 562 4259 633 4308; x_wconf 87' lang='lat' dir='ltr'>esse</span> <span class='ocrx_word' id='word_1_252' title='bbox 654 4242 847 4326; x_wconf 80' lang='lat' dir='ltr'>specialiter</span> <span class='ocrx_word' id='word_1_253' title='bbox 870 4240 1035 4328; x_wconf 85' lang='lat' dir='ltr'>delegatus</span> <span class='ocrx_word' id='word_1_254' title='bbox 1059 4262 1116 4307; x_wconf 90' lang='lat' dir='ltr'>seu</span> <span class='ocrx_word' id='word_1_255' title='bbox 1131 4241 1173 4307; x_wconf 95' lang='lat' dir='ltr'>ad</span> <span class='ocrx_word' id='word_1_256' title='bbox 1188 4242 1364 4328; x_wconf 65' lang='lat' dir='ltr'>mapulam</span> <span class='ocrx_word' id='word_1_257' title='bbox 1379 4260 1500 4307; x_wconf 82' lang='lat' dir='ltr'>casum</span> 
     </span>
    </p>

    <p class='ocr_par' dir='ltr' id='par_1_9' title="bbox 414 4364 1503 4451">
     <span class='ocr_line' id='line_1_33' title="bbox 414 4364 1503 4451; baseline 0.002 -20"><span class='ocrx_word' id='word_1_258' title='bbox 414 4366 491 4431; x_wconf 79' lang='lat'>541.</span> <span class='ocrx_word' id='word_1_259' title='bbox 515 4366 600 4433; x_wconf 87' lang='lat' dir='ltr'>Sane</span> <span class='ocrx_word' id='word_1_260' title='bbox 623 4366 663 4431; x_wconf 90' lang='lat' dir='ltr'>de</span> <span class='ocrx_word' id='word_1_261' title='bbox 684 4365 779 4431; x_wconf 91' lang='lat' dir='ltr'>modo</span> <span class='ocrx_word' id='word_1_262' title='bbox 803 4366 980 4451; x_wconf 88' lang='lat' dir='ltr'>reeipiendi</span> <span class='ocrx_word' id='word_1_263' title='bbox 1003 4366 1268 4432; x_wconf 89' lang='lat' dir='ltr'>denunciationes</span> <span class='ocrx_word' id='word_1_264' title='bbox 1296 4367 1377 4432; x_wconf 89' lang='lat' dir='ltr'>haec</span> <span class='ocrx_word' id='word_1_265' title='bbox 1403 4364 1503 4433; x_wconf 85' lang='lat' dir='ltr'>habet</span> 
     </span>
    </p>
   </div>
   <div class='ocr_carea' id='block_1_6' title="bbox 325 4489 1502 4577">
    <p class='ocr_par' dir='ltr' id='par_1_10' title="bbox 325 4489 1502 4577">
     <span class='ocr_line' id='line_1_34' title="bbox 325 4489 1502 4577; baseline 0 -23"><span class='ocrx_word' id='word_1_266' title='bbox 325 4490 422 4554; x_wconf 85' lang='lat' dir='ltr'>lustr.</span> <span class='ocrx_word' id='word_1_267' title='bbox 447 4490 469 4572; x_wconf 70' lang='grc'>5</span> <span class='ocrx_word' id='word_1_268' title='bbox 488 4490 520 4554; x_wconf 87' lang='grc'>6.</span> <span class='ocrx_word' id='word_1_269' title='bbox 544 4490 851 4556; x_wconf 88' lang='lat' dir='ltr'>‹Denunciationes</span> <span class='ocrx_word' id='word_1_270' title='bbox 878 4508 1058 4577; x_wconf 82' lang='lat' dir='ltr'>anonymae</span> <span class='ocrx_word' id='word_1_271' title='bbox 1082 4499 1196 4557; x_wconf 84' lang='lat' dir='ltr'>contre</span> <span class='ocrx_word' id='word_1_272' title='bbox 1227 4490 1437 4558; x_wconf 83' lang='lat' dir='ltr'>sollicitantes</span> <span class='ocrx_word' id='word_1_273' title='bbox 1459 4489 1502 4554; x_wconf 92' lang='lat' dir='ltr'>ad</span> 
     </span>
    </p>
   </div>
   <div class='ocr_carea' id='block_1_7' title="bbox 0 0 1684 5100">
    <p class='ocr_par' dir='ltr' id='par_1_11' title="bbox 0 0 1684 5100">
     <span class='ocr_line' id='line_1_35' title="bbox 0 0 1684 5100; baseline 0 0"><span class='ocrx_word' id='word_1_274' title='bbox 0 0 1684 5100; x_wconf 95' lang='lat' dir='ltr'> </span> 
     </span>
    </p>
   </div>
  </div>
 </body>
</html>
