3350 5100
453 299 498 346 on
521 258 661 347 sumone
684 296 926 344 caruissemus
951 296 985 343 m
1010 294 1127 341 eruore
1184 304 1190 319 a
1315 272 1378 337 427

199 430 288 491 esset
308 424 419 509 gravis
441 440 537 488 error
560 422 793 487 contumaciam
815 435 981 483 assumere
996 418 1041 481 uti
1060 414 1306 485 confessionem.
1323 434 1379 479 seu

200 550 328 635 plenam
352 548 497 613 criminis
518 546 749 632 probationem.
775 545 905 611 Etenim
921 544 982 609 1313
997 542 1164 609 3333111311
1186 559 1251 606 333
1274 541 1379 605 levem

200 674 505 761 praesumptionem,
521 692 603 757 quae
617 678 726 737 131333
742 668 926 735 roboranda
942 674 991 734 est
1004 667 1077 733 aliis
1088 666 1329 751 probationibus
1344 669 1381 731 ut

200 796 295 883 plene
311 798 482 863 evincatur
496 798 619 861 crimen
635 791 866 861 contumaciae.
884 792 1093 860 contumacia
1115 808 1195 856 vero
1215 809 1279 855 non
1295 810 1379 855 sem·

201 924 366 1011 peridem
391 922 526 1009 praebet
554 921 718 997 indicium,
748 920 805 987 sed
835 917 1008 1004 aliquando
1039 917 1181 1005 gravius,
1206 917 1306 981 veluti
1336 934 1379 983 ex

200 1021 466 1115 mausolaea
489 1047 522 1111 u
538 1045 899 1113 emommunuatone.
923 1043 972 1111 of.
997 1043 1071 1107 vor.
1092 1042 1152 1115 m,
1177 1060 1209 1105 n.
1238 1041 1310 1105 144.
1329 1041 1379 1105 ui-

201 1177 317 1241 mirum
328 1172 553 1258 interrogandi
565 1176 759 1244 3331133133,
773 1169 975 1253 exquirenda
987 1168 1178 1234 documenta
1190 1186 1260 1251 arg.
1270 1187 1297 1233 c.
1308 1186 1335 1232 c.
1345 1165 1379 1247 8,

201 1300 232 1379 8,
256 1299 306 1363 De
329 1300 406 1365 dolo
437 1302 469 1363 el
491 1296 705 1363 contumacia
731 1296 773 1376 X,
798 1293 855 1377 (II.
881 1294 935 1378 15)
959 1299 992 1359 31
1017 1294 1068 1366 11,
1093 1292 1143 1358 De
1166 1291 1277 1357 cleric.
1309 1310 1379 1357 nou

199 1421 302 1489 reeid.
326 1420 360 1485 X
381 1418 455 1505 (111.
481 1420 525 1504 4).

285 1544 361 1610 369.
371 1546 468 1611 Alter
481 1541 614 1610 effectus
626 1544 680 1610 hic
692 1551 750 1611 est.
760 1544 844 1619 Quia
856 1550 1031 1609 contumax
1042 1542 1172 1625 spernit
1183 1546 1291 1609 actum
1304 1542 1379 1608 cita·

200 1672 307 1751 tionis,
323 1688 388 1735 non
404 1669 527 1735 obtinet
542 1669 609 1735 lilio
619 1669 843 1754 pendentium
866 1672 899 1733 in
915 1670 965 1733 sui
981 1668 1137 1740 favorem,
1153 1686 1256 1751 quare
1275 1671 1380 1753 potest

201 1794 319 1878 inquiri
335 1797 449 1858 contra
464 1797 686 1858 contumacem
710 1794 744 1857 in
767 1794 840 1859 loco
860 1792 1031 1865 domicilii,
1049 1793 1193 1875 quamvis
1208 1809 1380 1877 processus

201 1918 370 1983 inchoatus
392 1917 548 1983 fueritin
572 1918 644 1983 loco
668 1917 789 1983 delicti.
812 1916 892 1981 Inde
915 1935 976 1983 nec
999 1916 1054 1982 ille
1077 1916 1184 1989 iudex,
1201 1917 1254 2002 qui
1274 1916 1379 2001 primo

200 2043 321 2126 incepit
342 2060 540 2126 processum,
557 2038 712 2125 impedire
732 2044 851 2125 poterit
866 2041 1034 2126 quominus
1057 2041 1112 2115 alii
1128 2039 1250 2107 iudices
1265 2047 1379 2105 contra

202 2166 349 2232 eumdem
372 2172 596 2231 contumacem
619 2159 813 2250 p1¹oceliant3
841 2184 945 2250 neque
973 2186 1058 2251 pars,
1086 2184 1170 2249 quae
1197 2166 1378 2244 accusavit,

202 2298 358 2365 313333,
390 2309 501 2356 coram
532 2290 639 2355 iudice
668 2292 733 2357 loci
763 2290 886 2363 delicti.
917 2291 1006 2355 valet
1033 2290 1072 2355 de
1099 2291 1166 2356 litis
1192 2290 1378 2373 pendentia

201 2418 354 2502 excipere
388 2435 499 2483 coram
534 2415 639 2482 iudice
673 2417 847 2483 domicilii.
884 2416 931 2483 cf.
965 2416 1160 2501 Pellegrini,
1184 2408 1284 2481 'Pars
1315 2414 1378 2494 lV,

200 2551 275 2613 secl.
310 2544 384 2625 Vll,
408 2565 443 2610 n.
466 2542 525 2617 29,
550 2548 584 2609 et
607 2543 720 2616 Bouix.
745 2543 796 2610 De
818 2543 889 2610 iud.
914 2544 962 2615 ΙΙ,
983 2563 1021 2626 p.
1045 2544 1120 2609 168.

289 2669 365 2734 370.
391 2667 560 2748 Remedia,
583 2667 624 2732 ad
654 2667 904 2753 compescendos
929 2674 1151 2748 contumaoee,
1180 2670 1377 2750 comparata.

202 2801 314 2880 suapte
328 2799 456 2866 natura,
472 2798 547 2860 suut
562 2811 736 2859 censurae.
756 2792 835 2858 lude
850 2793 923 2858 iure
939 2792 1155 2858 Decretalium
1172 2796 1378 2856 contumaces

202 2919 477 3003 compellebantur
505 2919 651 2983 censuris
674 2936 744 3000 arg.
769 2937 796 2982 c.
821 2937 849 2982 c.
876 2917 1072 2989 1113331.
1097 2915 1133 2979 X
1152 2915 1209 2999 (11,
1237 2915 1267 2998 1)
1291 2921 1323 2979 31
1346 2915 1377 2984 8.

200 3039 254 3107 Dc
275 3041 355 3108 dolo
378 3041 412 3106 X
432 3039 489 3126 (11.
516 3039 579 3124 15).
604 3041 665 3106 Ast
688 3040 808 3106 concil.
826 3040 925 3114 Trid„
949 3059 1027 3106 3333.
1049 3040 1108 3112 25,
1134 3060 1160 3106 c.
1178 3037 1211 3110 3.
1237 3037 1290 3106 De
1312 3038 1376 3121 ref.

200 3164 289 3230 iubet
311 3165 344 3228 in
368 3167 474 3230 causis
496 3183 622 3251 quoque
645 3165 865 3231 criminalibus
888 3170 984 3231 antea
1000 3166 1234 3231 recurrendum
1251 3163 1378 3256 eseead

201 3288 265 3353 alia
287 3287 441 3365 remedia,
456 3289 557 3354 veluti
580 3288 620 3354 ad
643 3289 781 3354 mulctas
802 3291 1006 3375 pecuniarias
1017 3289 1087 3373 piis
1103 3291 1184 3357 locis
1200 3291 1376 3378 essipnun·

202 3411 275 3487 due,
298 3419 376 3478 ante
397 3432 491 3497 quam
515 3412 556 3477 ad
579 3432 744 3484 censuras,
770 3432 849 3496 quas
876 3415 1049 3481 nullimode
1071 3415 1197 3481 inierre
1225 3420 1377 3501 praestat,

201 3538 228 3602 si
250 3537 379 3602 easdem
402 3537 500 3602 facile
523 3541 633 3622 sperni
656 3538 832 3623 contingat.
857 3539 899 3602 Et
922 3539 1017 3604 hodie
1041 3557 1158 3605 revera
1174 3541 1206 3604 in
1222 3539 1285 3604 hac
1307 3559 1378 3605 ver

201 3680 311 3726 samur
332 3662 525 3733 conditione.
540 3665 681 3728 maxime
695 3665 723 3729 si
738 3671 857 3748 agatur
880 3663 920 3729 de
943 3665 1060 3747 loicte;
1083 3666 1115 3729 in
1140 3667 1279 3732 clericos
1301 3685 1376 3730 cen·

201 3805 307 3866 surae,
337 3793 496 3870 quatenus
525 3787 699 3873 pmbibeot
721 3807 742 3853 a
764 3787 873 3852 divino
903 3790 1096 3858 ministerio.
1128 3786 1276 3854 efficaces
1307 3807 1377 3854 esse

201 3909 316 3976 solent.
334 3946 352 3959 -
369 3911 402 3977 Si
418 3907 568 3978 effectum
590 3930 725 3998 sperare
741 3930 805 3976 non
821 3909 872 3976 133
887 3913 938 3992 311,
955 3916 1033 3978 1333
1056 3931 1227 3998 processus
1247 3913 1377 3978 instrui·

201 4040 256 4100 tur
277 4041 310 4102 et
331 4035 486 4103 delinitur
507 4035 664 4101 adversus
687 4055 779 4101 reum
803 4042 1035 4118 contumacem,
1052 4056 1108 4102 seu
1129 4057 1167 4102 eo
1186 4036 1328 4118 absente,
1346 4042 1378 4102 et

201 4158 234 4222 iu
251 4159 314 4225 hoc
329 4160 392 4225 iam
407 4161 591 4226 continetur
602 4179 717 4246 poena,
731 4161 806 4243 quia
820 4159 1055 4226 contradicitur
1071 4159 1205 4246 regulae
1222 4195 1239 4209 ·
1257 4159 1378 4226 absens

200 4299 300 4348 nemo
313 4282 485 4350 indicetur
501 4316 518 4331 ·
536 4301 581 4349 33
595 4282 798 4348 3333113113.
817 4281 884 4349 ista
899 4287 975 4347 sunt
988 4283 1142 4356 remedia,
1159 4302 1218 4370 per
1238 4303 1272 4348 se
1291 4281 1376 4372 ordi·
1481 4309 1484 4314 ·

200 4412 287 4488 natu,
309 4407 350 4472 ad
374 4408 623 4494 compescendos
646 4412 861 4474 contumaces.
