3350 5100
439 302 482 346 aa
506 301 646 347 malcus
669 301 912 351 calulmaalssus
937 302 973 347 IN
996 300 1114 348 spacia
1299 282 1363 349 457

185 429 305 493 tionem
328 425 395 501 sed,
419 446 480 511 per
502 446 548 501 se,
571 428 644 494 iure
667 425 851 501 communi,
875 429 968 513 gravi
992 426 1032 492 de
1056 446 1153 493 eausa
1175 426 1258 492 ferri
1277 427 1365 491 valet

184 531 281 619 etiam
304 551 425 636 absque
440 549 626 617 definitione
649 554 814 638 temporis.
837 552 887 619 Oi.
903 572 1002 637 supra
1017 572 1050 618 n.
1066 551 1142 619 389.
1166 550 1201 634 3)
1217 553 1268 619 lta
1284 571 1363 617 eon·

183 678 322 762 oipiatnr
347 675 515 743 decretum
540 678 758 763 suspensionis
781 682 818 744 ut
840 676 1034 744 Ordinarius
1056 676 1295 745 manifestatae
1318 679 1365 744 uti

184 802 339 869 facultate
361 802 421 869 sibi
444 822 602 869 consessa
623 821 644 867 a
662 801 755 869 -Trid
773 803 861 870 Sese.
877 802 928 877 11,
947 821 1028 886 ¹cop.
1052 803 1080 884 1,
1104 820 1162 869 seu
1185 822 1227 869 ex
1251 804 1365 871 causa

183 928 247 995 stoi
268 928 365 1000 notis,
391 930 437 994 uti
457 927 525 994 fert
546 928 652 1014 stylus
674 928 791 994 tuarum
812 930 1058 997 sententiarum.
1083 926 1117 1015 4)
1140 928 1364 1014 Suspensionis

183 1052 556 1139 poenadeterminanda
578 1058 629 1119 est
650 1052 751 1135 clare,
768 1059 803 1119 ut
825 1056 934 1139 pateat
949 1072 1120 1138 quamnam
1136 1058 1262 1141 partem
1277 1056 1364 1121 sacrl

184 1171 352 1242 ministerii
369 1182 424 1241 aut
440 1174 535 1241 offleii
552 1176 674 1262 plectat
695 1181 729 1240 et
742 1175 924 1261 prohibeat.
941 1174 975 1262 5)
991 1176 1024 1243 Si
1040 1196 1213 1261 suspensus
1228 1182 1365 1263 cogatur

185 1320 244 1385 per
259 1302 358 1366 alium
374 1301 508 1385 explere
530 1320 645 1366 munus
669 1321 689 1366 a
711 1321 773 1385 quo
790 1307 841 1365 est
855 1320 1037 1387 suspensus,
1053 1298 1186 1373 expedit
1201 1300 1364 1388 designari

184 1424 317 1511 abipso
344 1424 521 1492 Ordinario
543 1424 759 1493 substitutum
782 1427 816 1491 in
839 1424 955 1506 offieio,
980 1427 1030 1491 oui
1061 1430 1155 1491 oerta
1181 1428 1365 1512 assignatur

185 1552 291 1636 portio
315 1549 476 1615 redituum
499 1550 540 1615 de
562 1548 748 1635 praebenda
774 1550 886 1615 elerici
913 1551 1070 1635 suspensi.
1103 1549 1195 1615 Haeo
1217 1551 1365 1638 assigna·

184 1674 231 1738 tio
244 1692 310 1738 non
326 1678 375 1737 est
397 1673 432 1737 in
454 1691 599 1757 poenam,
616 1672 673 1737 sed
692 1677 742 1738 est
764 1674 906 1757 provisio
930 1673 1103 1757 pastoralis
1126 1692 1168 1737 ne
1183 1674 1269 1738 salus
1294 1674 1364 1739 ani-

185 1815 312 1861 marum
327 1795 403 1880 quid
419 1796 605 1862 detrimenti
621 1797 737 1880 capiat,
753 1816 811 1862 seu
827 1801 877 1861 est
893 1797 1057 1881 negotium
1073 1796 1235 1864 inuideas.
1253 1795 1286 1883 6)
1305 1797 1364 1864 Or·

185 1920 329 1986 dinarius
348 1940 411 1986 non
427 1925 558 1987 tenetur
582 1920 790 1986 manifestare
806 1940 937 1987 oausam
957 1921 1185 2005 suspensionis,
1202 1920 1248 1986 uti
1265 1920 1366 1987 edixit

186 2045 218 2111 S.
241 2045 361 2132 congr.
387 2045 421 2111 0.
446 2046 480 2109 in
504 2045 683 2112 Veroettea.
701 2045 886 2111 21‘Martti
908 2044 1010 2113 1743.
1035 2048 1161 2113 Verum
1186 2045 1266 2111 nihil
1290 2066 1364 2131 pro·

185 2170 275 2235 hibet
298 2171 467 2255 quominus
494 2189 594 2236 causa
619 2169 846 2237 manifestetur
868 2172 895 2235 si
918 2171 983 2238 hoo
1013 2171 1198 2238 oonduoere
1222 2170 1365 2238 Ordina-

184 2297 254 2361 rius
275 2295 456 2361 arbitretur
478 2294 520 2361 ad
541 2298 591 2361 rei
614 2296 882 2361 emendationem.
906 2295 954 2363 Gi.
973 2298 1075 2363 lustr.
1093 2296 1127 2362 S.
1147 2298 1181 2363 0.
1198 2295 1241 2362 de
1257 2296 1295 2361 P.
1312 2296 1365 2369 11.,

185 2426 252 2486 art.
270 2420 342 2505 9-7)
360 2421 504 2504 Denique
525 2424 721 2507 magnopere
744 2425 889 2505 praestat
911 2422 1121 2506 praemittere
1144 2421 1365 2488 monitionem

183 2552 369 2629 paternam
392 2544 510 2613 nedum
533 2553 569 2613 ut
590 2553 725 2613 curetur
740 2546 931 2622 emendatio,
944 2520 1004 2613 'sed
1020 2548 1118 2616 etiam
1140 2553 1177 2614 ut
1199 2552 1308 2634 pateat
1321 2566 1364 2612 an

186 2671 330 2735 rationes
364 2669 523 2736 oolleotae
556 2671 593 2735 ia
627 2671 846 2754 inquisitione
877 2641 1018 2755 aliquam
1053 2670 1165 2736 forsan
1200 2672 1365 2756 patiantur

184 2795 428 2878 receptiones,
449 2815 532 2880 quae
555 2795 685 2861 illarum
708 2797 772 2862 rim
794 2797 956 2872 dissolvit;
982 2798 1027 2863 uti
1051 2801 1142 2862 recte
1165 2802 1275 2863 monet
1294 2795 1363 2863 Pie-

107 2940 112 2949 ·
186 2920 361 2986 rantonelli
386 2921 407 2985 l.
432 2921 496 2996 eit,
518 2939 554 3003 p.
580 2918 663 2987 238.
682 2949 700 2970 ι
728 2923 906 2987 Praeterea
928 2923 1003 3006 quia
1026 2922 1156 2988 violatio
1180 2921 1362 2988 huiusmodi

183 3044 401 3128 suspensionis
423 3043 601 3109 seonmfert
631 3045 923 3131 iraequtoaitotem
946 3051 1049 3132 patet,¹
1070 3046 1157 3112 hano
1179 3048 1365 3132 suspensio·

184 3187 268 3242 nem,
286 3187 329 3234 ex
344 3170 412 3254 ipsa
428 3170 608 3235 intentione
623 3171 712 3244 iuris,
726 3170 866 3236 indolem
879 3169 1008 3236 referre
1024 3189 1198 3253 camurae,
1211 3173 1258 3238 uti
1274 3178 1366 3240 notat

186 3293 222 3357 P.
250 3295 335 3360 Rota
357 3295 378 3359 t.
403 3294 456 3360 eit.
481 3296 579 3360 etuti
601 3294 667 3360 late
690 3296 863 3381 explicavi,
896 3296 964 3362 Vol.
990 3298 1057 3376 ΙΙΙ,
1081 3318 1115 3363 n.
1140 3297 1226 3364 225.

273 3418 350 3484 412.
375 3418 425 3484 Ab
448 3420 512 3485 hae
534 3421 696 3487 sententia
717 3420 840 3503 emtas.
857 3439 948 3488 eoas.
965 3423 1056 3488 nulla
1078 3425 1232 3508 competit
1255 3424 1365 3509 appel·

183 3543 270 3617 latio,
287 3544 404 3629 quippe
427 3545 539 3609 statuit
558 3544 645 3609 Trid.
663 3544 772 3618 (tono,
790 3581 807 3594 -
825 3544 909 3612 laioo
932 3547 1043 3612 taliter
1065 3547 1238 3613 interdicto
1252 3567 1273 3612 a
1287 3567 1364 3631 pro·

185 3669 325 3732 motione
341 3669 393 3735 vel
409 3668 530 3734 clerieo
553 3687 717 3753 suspenso,
740 3671 874 3736 nuttam
895 3671 1085 3758 aufflaqon'
1107 3671 1363 3747 restitutionem,

184 3811 241 3858 seu
271 3795 458 3877 petitionem
488 3793 624 3860 iuridioe
653 3794 825 3860 formalem
856 3795 896 3861 ad
928 3797 1181 3870 restitutionem,
1212 3797 1365 3862 videlieet

187 3916 364 3984 remedium
386 3918 620 4004 appellationis.
653 3917 782 3985 Pluries
804 3921 868 3986 hoo
890 3920 952 3986 fuit
974 3919 1127 3987 decisum.
1152 3920 1200 3989 of.
1226 3920 1362 3987 Benedi-

185 4047 271 4106 otum
295 4042 380 4108 XIV
404 4043 511 4108 Gonst.
536 4043 593 4109 Ad
615 4031 802 4120 militantis,
825 4045 848 4128 ἓ
870 4044 928 4122 22;
950 4045 982 4112 S.
1000 4048 1033 4113 (l.
1052 4046 1086 4112 Ο.
1111 4048 1271 4132 rescripta
1295 4045 1364 4113 diei

183 4165 236 4232 22
251 4166 345 4232 lunii
368 4166 459 4234 1682
483 4173 515 4232 et
538 4169 571 4233 in
595 4166 793 4244 Bononiam,
812 4170 853 4235 14
877 4168 963 4237 Νου.
988 4170 1088 4246 1661,
1113 4173 1148 4236 in
1175 4171 1361 4256 Caprdtaa„

186 4289 229 4356 18
251 4290 406 4359 Decemb.
430 4290 524 4358 1730
530 4313 544 4375 ;
568 4298 601 4359 et
624 4294 728 4359 lustr.
754 4293 788 4360 S.
817 4293 850 4360 0.
876 4295 915 4359 P.
940 4295 991 4377 F„
1015 4315 1048 4362 α.
1072 4297 1118 4362 11.

276 4415 353 4480 413.
376 4417 528 4482 Attamen
543 4419 570 4482 si
594 4418 627 4482 in
652 4419 815 4503 negotium
839 4421 1058 4503 suspensionis
1079 4419 1207 4505 aliquod
1231 4421 1364 4485 miscea-
