3350 5100
324 312 392 378 446
839 333 922 379 rans
946 331 996 379 111.

325 473 397 521 esse
426 453 532 521 locum
555 458 721 539 processui
752 454 1011 521 abaiudiciali
1033 473 1129 537 quum
1158 455 1299 539 suppetit
1329 456 1381 517 via
1411 452 1504 520 ordi·

322 579 427 645 naria
449 578 621 645 iudicialis.
644 578 797 646 Ceterum
821 580 991 647 occultam
1009 578 1156 661 proprie
1179 582 1212 644 et
1232 578 1346 645 sertem
1367 598 1432 641 non
1456 584 1505 643 est

324 703 494 770 dicendum
517 706 654 778 crimen,
677 706 762 789 quod
785 707 820 769 in
843 724 999 789 processu
1025 723 1116 787 pseu
1146 704 1342 788 inquisition
1372 702 1503 788 probari

325 834 440 914 potest.
456 829 672 904 Quamobrem
688 830 832 895 arbitror
847 830 1015 915 Episcopis
1031 848 1095 894 non
1111 829 1214 895 licere
1230 846 1334 911 neque
1350 826 1505 912 expedire

325 959 360 1020 ut
382 960 560 1020 recurrant
573 953 615 1019 ad
628 953 822 1021 remedium
847 954 1109 1020 ecoatudieicte
1132 954 1313 1021 sententiae
1335 970 1377 1017 ex
1400 950 1504 1033 infer.

323 1098 432 1145 conec.
457 1078 585 1163 quando
607 1080 686 1163 ipsis
708 1083 840 1163 praesto
863 1083 913 1144 est
936 1098 1107 1163 processus
1126 1097 1218 1162 pare
1239 1077 1466 1163 inquisitione.
1484 1112 1501 1125 ·

326 1207 462 1288 lnquam
488 1238 506 1255 ·
531 1223 636 1289 neque
658 1204 825 1287 empediru
847 1240 863 1253 ·
885 1207 961 1288 quia
984 1205 1165 1269 sententiae
1188 1222 1235 1268 em
1256 1202 1396 1286 inform.
1413 1222 1502 1270 cuna.

323 1336 400 1395 sunt
422 1330 570 1398 odiosae.
596 1329 703 1396 Hodie
724 1335 833 1395 autem
857 1331 890 1393 in
914 1329 988 1393 loro
1018 1330 1137 1395 eccles.
1160 1328 1357 1394 adhibentur
1380 1328 1504 1393 formae

324 1456 406 1521 adeo
429 1457 664 1524 oeconomicae
686 1460 722 1520 ut
736 1453 868 1521 difficile
891 1474 955 1519 non
979 1455 1020 1521 sit
1042 1473 1210 1540 processu,
1233 1453 1348 1519 saltem
1363 1454 1503 1537 inquist-

325 1582 401 1652 tien
414 1582 540 1647 crimen
552 1581 760 1647 iudicialiter
770 1578 984 1665 comprobare
1000 1584 1033 1645 et
1045 1598 1263 1665 compescere.
1278 1578 1373 1643 Hanc
1389 1577 1505 1663 doctri·

324 1722 398 1767 nam
423 1703 568 1787 perbelle
591 1708 830 1768 commentatur
845 1702 1004 1767 Aranaini
1021 1702 1107 1767 Acta
1125 1701 1158 1767 S.
1175 1698 1282 1773 Sedis,
1300 1700 1459 1783 Appead.
1476 1698 1503 1781 l,

331 1828 426 1895 Tem.
459 1828 493 1901 V,
515 1847 597 1915 pap.
622 1826 681 1894 35.

414 1950 490 2015 396.
516 1950 620 2014 Bouix
635 1951 658 2015 l.
674 1950 728 2016 cit
744 1949 887 2015 abscisse
909 1950 999 2034 ponit
1022 1950 1219 2015 contrariam
1244 1949 1503 2034 propositionem,

325 2093 443 2159 nempe
464 2075 659 2159 Episcopum
682 2092 777 2161 posse
799 2093 846 2141 em
867 2073 930 2157 inf.
955 2094 1047 2141 cons.
1072 2074 1253 2159 procedere
1275 2075 1373 2139 etiam
1397 2075 1429 2137 in
1444 2072 1506 2137 cri·

326 2200 464 2265 minibus
482 2200 629 2286 publicis
649 2206 683 2265 et
705 2220 778 2286 pag.
802 2200 870 2266 342
891 2206 1016 2267 tantum
1041 2203 1129 2285 ponit
1151 2200 1238 2265 hanc
1265 2200 1503 2267 limitationem:

328 2326 476 2391 ‹Eaetra
499 2344 618 2391 cusum
640 2325 762 2391 occulti
782 2324 948 2399 criminis,
971 2325 1106 2391 videtur
1129 2325 1317 2407 Episcopus
1339 2342 1385 2391 em
1398 2322 1505 2405 iason

325 2456 421 2514 mata
433 2450 638 2516 mentientia
650 2468 799 2515 rnnrcrrn
808 2450 997 2531 procedere
1008 2450 1148 2534 quando
1161 2450 1330 2534 suffic-iens
1342 2448 1505 2514 motivum

325 2593 397 2642 aco
418 2574 519 2641 babet
531 2594 555 2640 a
568 2574 687 2658 forma
701 2575 884 2642 ordinaria
905 2576 1133 2643 recedendi».
1152 2577 1256 2641 Bouix
1279 2582 1409 2643 secutus
1432 2574 1507 2659 Epi·

325 2714 457 2785 scopum
489 2700 664 2766 Lucionen.
697 2701 730 2764 in
761 2701 815 2766 cil.
848 2700 979 2767 elissam.
1010 2697 1175 2766 sufficiens
1205 2701 1357 2767 motivum
1383 2699 1506 2783 reperit

325 2826 465 2890 maxime
488 2826 521 2888 iu
545 2824 711 2890 hodiernis
727 2824 973 2898 conditionibus,
990 2825 1104 2910 quibus
1119 2822 1154 2890 flt
1170 2832 1205 2890 ut
1219 2830 1318 2890 testes
1341 2825 1417 2910 copi
1439 2841 1504 2888 non

324 2949 448 3034 possint
477 2946 518 3014 ad
542 2947 783 3032 deponendum,
816 2947 988 3016 deficiente
1010 2949 1132 3015 auxilio
1162 2949 1289 3014 brachii
1316 2948 1502 3024 saecularis,

325 3072 409 3157 quod
439 3076 466 3139 si
494 3075 733 3140 attestationem
759 3075 904 3140 facerint
925 3074 1118 3146 iudicialem,
1142 3073 1270 3141 delendi
1302 3093 1366 3138 non
1394 3073 1505 3138 valent

325 3196 482 3261 adversus
503 3196 679 3279 potentiam
710 3201 743 3261 et
772 3193 983 3262 offensionem
1015 3199 1168 3264 accusati.
1194 3198 1292 3263 Putat
1316 3216 1395 3261 vero
1418 3195 1504 3260 hanc

325 3324 516 3405 potestatam
539 3319 628 3385 Trid.
644 3319 824 3386 Concilium
848 3322 1053 3406 amplissimis
1075 3321 1184 3386 verbis
1208 3323 1407 3388 concessisse
1430 3320 1504 3404 quia

326 3444 386 3509 hos
408 3465 502 3510 casus
524 3443 687 3529 praevidit
709 3450 742 3510 et
765 3465 921 3532 expresse
945 3467 1009 3512 non
1033 3447 1173 3512 exclusit
1195 3447 1285 3512 aiens
1301 3481 1319 3494 -
1345 3447 1446 3512 etiem
1462 3443 1503 3510 ob

325 3572 492 3639 ceodrum
508 3571 648 3638 mmen.
666 3605 684 3620 ·
703 3571 798 3636 Hanc
811 3571 983 3639 dictionem
1001 3578 1096 3638 vocat
1113 3573 1388 3657 peremptorium
1402 3589 1504 3656 arpa·

325 3700 494 3761 mam..

413 3818 487 3889 Sed,
503 3823 652 3885 econtra
674 3819 823 3901 diximus,
848 3820 934 3886 banc
956 3822 1149 3888 sententiam
1173 3841 1244 3886 esse
1268 3819 1502 3906 reprobandam

325 3950 358 4008 et
380 3942 559 4029 reprobant
588 3945 803 4009 communiter
832 3963 944 4010 omnes
974 3945 1037 4010 DI).
1061 3965 1119 4010 seu
1143 3950 1178 4011 ut
1208 3947 1502 4030 praetermittamus

324 4069 532 4151 antiquiores,
548 4068 596 4133 De
609 4066 870 4153 angelramni,
887 4067 958 4135 Pet.
973 4069 1065 4144 Rota,
1079 4070 1175 4137 Card.
1189 4070 1360 4156 Gavagnis,
1374 4069 1504 4136 Pieran·

324 4191 446 4255 tonelli.
463 4189 620 4274 Equidem
637 4191 670 4256 hi
686 4189 749 4256 duo
763 4195 917 4276 postremi
933 4192 1106 4258 admittunt
1121 4192 1253 4278 procedi
1268 4213 1364 4279 posse
1379 4213 1425 4260 ero
1438 4193 1500 4276 inf.

323 4317 533 4382 concutiam
557 4317 591 4379 in
614 4317 739 4380 crimen
758 4317 946 4400 publicum,
975 4337 1031 4384 seu
1058 4318 1144 4383 fama
1167 4319 1333 4404 vulgatum
1361 4319 1502 4402 quoties·

323 4459 469 4523 cumque.
493 4437 717 4506 deficientibus
739 4441 885 4514 testibus,
902 4449 958 4508 aut
979 4443 1053 4509 sine
1071 4444 1227 4527 periculo
1245 4446 1277 4509 in
1294 4444 1366 4510 foro
1381 4443 1499 4514 eccles.
