3350 5100
522 345 566 393 nn
590 344 730 392 runrcus
754 344 996 391 orsurusmsus
1280 322 1343 390 291

173 465 324 532 vitandus
346 472 397 533 est
423 468 456 531 in
488 469 638 533 examine
669 469 718 533 rei
749 486 844 551 quem
876 468 910 531 in
940 466 1180 552 interrogandis
1208 466 1351 532 testibus.

176 592 358 683 Pellegrini
385 594 446 660 loc.
471 593 524 659 cit.
554 592 639 659 Sect.
656 594 718 671 IX,
748 614 783 658 n.
811 592 855 658 31
884 592 993 658 tradit.
1021 593 1229 659 «Abstinere
1257 590 1352 657 debet

171 713 298 801 (iudex)
322 715 362 781 eb
385 716 646 801 interrogatoriis
669 716 874 803 suggestivis‚
899 720 975 801 puta
1007 714 1237 801 interrogando
1261 734 1355 779 reum

173 860 219 905 an
240 841 310 926 ipse
333 841 557 905 vulneraverit
579 840 707 915 Titium,
734 840 786 905 vel
812 842 916 926 ipsum
940 839 1096 907 occiderit
1120 844 1152 905 et
1176 836 1355 904 huiusmodi

173 966 253 1049 quis
274 972 353 1031 tunc
376 972 461 1031 esset
483 967 590 1051 potius
613 968 785 1033 iustruere.
803 965 894 1033 Unde
919 966 1071 1031 laborare
1093 964 1188 1031 debet
1204 968 1356 1049 quantum

177 1092 319 1176 potnerit
341 1110 383 1155 ne
406 1090 567 1156 confessio
583 1110 642 1176 per
658 1111 750 1156 reum
765 1092 852 1156 lecta
868 1092 946 1157 vitio
962 1092 1180 1177 suggestionis
1198 1089 1357 1155 laboret...

180 1215 271 1281 Alias
286 1214 446 1281 confessio
461 1234 522 1301 per
536 1218 777 1301 suggestionem
792 1215 880 1281 fecta
900 1222 986 1283 esset
1000 1216 1090 1281 nulla
1113 1221 1146 1283 et
1169 1214 1311 1281 invalida
1327 1222 1360 1279 et

175 1344 418 1423 consequenter
428 1359 493 1404 non
505 1342 647 1425 potuerit
658 1359 701 1404 ex
718 1360 757 1405 ee
771 1339 886 1406 deveni
892 1343 919 1407 ri
935 1341 975 1406 ad
993 1342 1193 1427 punitionem
1206 1339 1315 1405 delicti
1328 1362 1359 1401 s.

271 1464 363 1530 Haec
392 1468 555 1551 suggestio
585 1465 767 1550 appellatur
789 1466 950 1547 verbalis,
983 1465 1133 1530 distincte
1164 1484 1184 1529 a
1213 1464 1301 1530 renti
1329 1467 1361 1527 et

180 1588 258 1653 huic
273 1587 481 1674 suggestioni
495 1590 643 1672 aperitur
657 1587 773 1661 editus,
789 1591 816 1655 si
833 1595 1043 1673 praepostere
1059 1586 1252 1653 adhibeatur
1267 1604 1360 1653 reco-

178 1710 288 1798 gnitio
299 1711 496 1794 personalis
510 1717 566 1776 aut
579 1712 695 1777 realis.
711 1680 797 1778 'sano
812 1711 1044 1799 recognitione
1060 1731 1139 1797 opus
1164 1716 1213 1776 est
1236 1708 1363 1795 quando

181 1840 300 1922 urgeat
326 1833 562 1922 recognoscere
587 1856 663 1901 rem
693 1844 749 1902 aut
768 1854 955 1920 personum
986 1842 1019 1901 et
1047 1836 1213 1902 dubitetur
1239 1854 1281 1900 an
1308 1832 1364 1901 illa

179 1980 279 2045 quem
302 1960 475 2047 indigitant
502 1979 587 2033 reus,
611 1966 669 2026 eut
699 1967 880 2037 accusator,
910 1966 968 2027 aut
995 1962 1095 2035 testis,
1120 1980 1160 2027 ee
1183 1980 1300 2027 revera
1325 1961 1366 2024 sit

181 2081 226 2148 de
256 2103 321 2168 qus
346 2085 526 2168 quaeritur.
559 2085 652 2151 Tunc
679 2104 756 2149 reus
782 2090 839 2149 aut
866 2086 956 2152 testis
983 2088 1039 2150 sut
1069 2084 1281 2150 denunciator
1308 2090 1366 2146 sut

181 2212 359 2273 accusator
373 2211 569 2292 provocetur
591 2206 632 2272 ed
657 2208 822 2273 latendum
846 2176 1006 2291 quaenam
1027 2226 1070 2272 ex
1094 2205 1240 2292 pluribus
1264 2204 1367 2271 rebus

181 2336 243 2394 eut
250 2330 418 2413 personis,
430 2349 513 2415 quse
525 2332 555 2395 ei
567 2329 608 2396 ob
620 2331 740 2403 oculos.
754 2350 797 2395 ex
809 2330 978 2403 industria,
991 2334 1226 2415 proponuntur,
1241 2333 1366 2413 partem

186 2456 338 2523 habuerit
352 2459 386 2523 in
402 2458 538 2523 crimine
562 2456 770 2543 pelliciendo.
786 2458 828 2525 Ut
844 2463 920 2543 puta
945 2476 1020 2523 reus
1044 2476 1079 2523 se
1103 2462 1239 2523 excuset
1261 2474 1281 2519 a
1304 2456 1367 2519 cri-

186 2584 285 2656 mine,
298 2583 396 2648 aliom
408 2583 590 2649 accusando
602 2585 748 2649 criminis
762 2589 929 2648 auctorem
941 2601 1035 2667 quem
1051 2599 1086 2647 se
1102 2580 1220 2646 vidisse
1236 2581 1366 2645 latetur.

189 2687 304 2777 Iudex,
322 2708 358 2770 ut
379 2710 553 2789 cognoscet
575 2724 616 2770 an
640 2707 783 2772 accusati
799 2705 1000 2770 asseveratio
1023 2705 1064 2769 sit
1087 2721 1201 2774 verax,
1227 2703 1257 2766 ei
1281 2713 1381 2785 prae·
1429 2679 1439 2698 ⁸

185 2835 296 2896 sentut
318 2849 488 2916 personam
511 2837 707 2912 accusatam,
721 2830 901 2920 admixtam
923 2830 996 2895 aliis
1016 2830 1173 2914 personis,
1191 2845 1274 2912 quae
1298 2845 1370 2892 cum

185 2961 342 3020 accusato
361 2973 427 3018 non
451 2973 585 3039 parvam
610 2953 731 3022 habent
754 2953 1006 3029 similitudinem,
1033 2959 1066 3021 et
1088 2954 1215 3038 quaerit
1239 2958 1275 3016 ut
1297 2970 1373 3016 reus

189 3078 340 3164 indigitet
366 3082 563 3143 accusatum.
597 3079 689 3143 Haec
711 3083 849 3145 vocatur
873 3079 1053 3165 recognitio
1075 3043 1172 3145 inter
1184 3075 1304 3160 plnres
1327 3075 1372 3162 (l)

188 3287 299 3356 apertis
322 3287 415 3341 uerbis
439 3286 631 3356 interrogatur
655 3289 831 3358 suggerendo
855 3289 900 3343 illi
925 3287 1141 3358 responsionem,
1162 3287 1319 3352 criminum,
1339 3302 1375 3338 en

199 3393 288 3448 Tition
305 3369 441 3448 occiderit
462 3395 558 3449 Caium
577 3412 650 3461 erese,
669 3397 917 3461 munimentis,
937 3397 1018 3452 toro.
1033 3425 1048 3436 -
1069 3395 1195 3450 Palliotc
1220 3409 1287 3448 vero
1312 3407 1376 3461 sug·

191 3501 287 3569 gestio
304 3500 407 3556 dicitur
425 3502 536 3572 quondo
555 3503 589 3557 de
607 3519 641 3558 ea
660 3510 757 3573 aperte
775 3520 832 3559 non
851 3509 969 3575 sppsret
987 3520 1022 3559 ex
1037 3503 1137 3558 iudicis
1154 3499 1377 3569 interrogatione
1457 3486 1465 3502 “

189 3606 242 3661 sed
261 3605 407 3678 implicitis
424 3608 517 3663 verbis
529 3609 691 3664 continetur
709 3614 738 3665 et
756 3610 809 3665 hoc
827 3611 980 3680 dupliciter
993 3610 1158 3678 contingere
1168 3611 1269 3678 potest.
1284 3606 1377 3660 Primo

189 3715 306 3786 quando
325 3715 404 3770 nullo
422 3716 504 3770 modo
522 3721 640 3786 apparet
659 3733 708 3787 per
728 3718 828 3772 iudicis
846 3719 1098 3787 interrogationem
1117 3730 1275 3785 superque
1298 3711 1377 3777 testis

196 3821 389 3892 interrogatus
412 3824 506 3888 fuerit,
532 3825 600 3894 quis
622 3826 695 3879 torte
719 3825 774 3880 tuit
798 3825 917 3880 dictum:
943 3827 988 3880 Ad
1015 3825 1103 3878 ctiam
1128 3821 1378 3890 interrogationem
1450 3863 1453 3872 ,

197 3932 350 4001 respondit,
366 3931 411 4000 vel
430 3935 468 3986 ud
480 3941 653 4002 opportunas
667 3934 779 3988 Domini
791 3933 1027 4003 interrogationes
1039 3915 1192 4002 respondit.
1206 3927 1258 3991 Qui
1272 3927 1379 3994 modus,

191 4037 326 4091 concisus
344 4037 536 4107 interrogandi
556 4054 611 4091 non
630 4043 676 4093 est
692 4038 866 4094 adhibendus
887 4055 934 4108 per
952 4039 1073 4093 iudicem
1086 4038 1153 4109 quie
1166 4054 1182 4091 e
1196 4035 1251 4089 DD.
1263 4039 1380 4091 vocatur

198 4145 292 4199 socius
309 4146 499 4216 suggestionis
501 4185 543 4202 .....
554 4143 681 4202 Secundo
693 4148 775 4202 modo
787 4147 939 4218 litquendo
949 4145 1110 4202 extenditur
1124 4145 1380 4214 interrogatorium,

196 4251 247 4306 sed
266 4250 406 4306 indicetur
426 4255 491 4308 testi
511 4254 557 4308 vis
577 4253 773 4324 respondendi,
793 4259 847 4309 etc.
860 4271 885 4306 ».

290 4357 331 4431 (l)
350 4359 465 4421 Quando
484 4366 651 4432 provocatur
670 4362 724 4416 ists
742 4363 899 4431 recognitio
920 4361 994 4417 inter
1014 4360 1108 4432 plures
1127 4359 1171 4415 vel
1192 4377 1238 4415 res
1257 4358 1301 4414 vel
1315 4375 1381 4428 per·

198 4481 292 4532 sonos,
302 4471 423 4536 oportet,
433 4485 478 4524 res
489 4468 535 4524 vel
549 4483 681 4539 personas
690 4467 830 4522 admixtos
849 4473 892 4524 roi
910 4473 960 4522 sut
971 4483 1110 4539 personne
1124 4465 1381 4538 recognoscendae,
