3350 5100
386 285 453 352 390
891 307 975 356 raas
1007 307 1057 354 ιιι.

474 431 548 498 323.
573 430 770 517 Gompilator
793 432 1029 506 Instructionis,
1055 432 1130 516 qnia
1152 432 1280 497 enixius
1302 428 1494 496 incumbebat
1514 432 1545 494 in

385 556 668 640 praescribendam
699 555 835 621 formam
868 555 977 622 indicii
999 555 1264 632 oeconomicam,
1289 555 1506 622 abhorrentem
1527 575 1546 618 a

384 702 584 766 quacumque
600 683 804 748 solemnitate
823 682 946 747 ordinis
964 681 1131 755 iudicialis,
1148 681 1368 767 pramermisit
1381 699 1546 764 macomus

382 807 655 891 publicationem.
680 809 796 874 timeus
820 807 931 873 forsan
954 827 997 872 ne
1019 807 1173 874 eiusmodi
1198 813 1294 874 octus
1316 806 1478 873 tantautis
1499 825 1545 869 se

384 933 563 998 cumferret
592 931 829 998 observantiam
861 933 1000 1017 plurium
1035 933 1270 1000 solemnitatum
1297 930 1544 1014 publicationem

384 1060 622 1130 comitantium,
654 1059 759 1143 prouti
791 1057 874 1123 baec
896 1059 1104 1143 explicantur
1126 1061 1243 1144 passim
1274 1078 1294 1123 a
1324 1059 1493 1125 canonistis
1519 1061 1549 1120 et

307 1159 311 1170 ¹
386 1182 502 1248 iamdiu
517 1185 551 1248 in
566 1203 657 1248 more
681 1179 824 1248 luerunt.
843 1183 950 1250 Nihilo
965 1185 1070 1250 secius
1085 1184 1214 1249 omissio
1230 1185 1325 1249 huius
1341 1189 1438 1251 actus.
1450 1181 1549 1264 putt-

385 1311 526 1377 oattomr
547 1329 734 1393 processus,
755 1315 805 1375 est
827 1311 927 1375 veluti
947 1311 1073 1384 lacuna,
1091 1330 1173 1395 quae
1188 1315 1278 1396 patet
1301 1312 1334 1377 in
1358 1311 1432 1396 ipsis
1450 1308 1550 1374 verbis

386 1435 621 1500 instructionis.
648 1436 726 1500 Nam
744 1435 776 1498 in
793 1442 854 1500 art.
880 1435 1013 1500 XXVII
1037 1436 1193 1501 asseritur
1220 1435 1368 1507 «Quum
1383 1441 1549 1502 emmetra

386 1533 445 1624 toti
467 1559 568 1626 modo
586 1560 655 1640 (seu
672 1579 714 1623 ex
730 1578 1002 1626 cournsmrrrona
1026 1562 1229 1646 praescripta
1250 1566 1313 1626 art.
1338 1558 1549 1641 antecedente)

383 1685 522 1766 plenum
546 1681 666 1750 babeat
688 1684 844 1750 notitiam
867 1684 910 1751 de
923 1685 975 1760 iis,
997 1705 1085 1770 quoe
1100 1685 1138 1752 ia
1153 1687 1364 1753 actitata».
1390 1688 1549 1768 Astquae

386 1829 462 1875 rere
476 1809 561 1891 licet,
578 1809 737 1874 undenam
755 1814 925 1876 accusatus
941 1810 1116 1898 desumpsit
1129 1812 1216 1877 hanc
1228 1814 1369 1895 plenam
1383 1804 1550 1878 notitiem?

388 1933 456 1997 Non
473 1952 515 1997 ex
531 1933 599 2018 ipsa
615 1934 859 2005 contestatione,
877 1951 959 2017 quae
980 1934 1124 2000 continet
1145 1953 1318 2000 summum
1338 1933 1547 2019 probationum
1631 1920 1632 1923 '

386 2079 427 2124 ex
445 2059 648 2142 inquisitione
664 2065 933 2145 comparatorum.
947 2060 1033 2126 Sane
1049 2062 1102 2144 qui
1118 2061 1167 2125 sui
1182 2061 1403 2127 defensionem
1418 2059 1547 2142 suscipit

387 2182 504 2248 nedum
528 2189 672 2248 actorum
697 2201 868 2250 summum
892 2203 1091 2270 cognoscere
1113 2185 1262 2269 postulat,
1286 2183 1343 2249 sed
1370 2183 1474 2250 omnia
1487 2181 1546 2246 vult

385 2309 470 2372 scire
483 2313 516 2372 et
527 2309 714 2393 perspicere
726 2310 791 2374 suis
803 2311 914 2380 oculis,
927 2311 1053 2393 quaein
1066 2312 1147 2375 actis
1159 2313 1315 2396 prostant,
1328 2315 1425 2392 atque
1436 2304 1548 2392 singula
1631 2314 1632 2377 i

385 2436 512 2500 testium
529 2433 631 2500 verba
646 2455 793 2519 pensare,
812 2437 924 2501 rimari
939 2435 1120 2531 desiderat.
1138 2435 1354 2510 Quamobrem
1378 2440 1450 2519 post
1469 2435 1546 2498 litem

385 2564 605 2625 contestatam
620 2580 675 2625 seu
693 2560 787 2646 pleno
805 2562 1014 2626 instauratam
1030 2562 1256 2629 accusationis
1278 2562 1473 2633 instantiam,
1487 2565 1549 2623 acta

384 2704 555 2769 processus
584 2686 755 2769 inquisitivi
787 2685 1004 2752 submittenda
1033 2694 1108 2753 sunt
1138 2688 1278 2753 examini
1310 2688 1467 2753 accusati:
1499 2686 1549 2748 boc
1630 2771 1631 2780 ἵ

385 2808 565 2873 concedere
588 2814 749 2881 accusato,
774 2810 973 2895 appellamus
994 2830 1192 2893 processum
1211 2811 1399 2895 publicare.

452 2934 732 3018 Supervacaneum
758 2940 807 2999 est
830 2954 999 3020 quaerere,
1023 2955 1065 3001 an
1090 2937 1172 3002 haec
1201 2937 1374 3022 publicatio
1405 2937 1550 3001 inserviat
1629 3013 1630 3030 ἵ

384 3078 510 3143 quoque
534 3060 666 3124 notitiae
696 3065 842 3126 actorum
873 3035 1099 3146 suggerendae
1128 3064 1304 3147 promotori
1335 3058 1448 3126 fiscali.
1479 3060 1547 3125 Nam

385 3181 526 3246 hicnon
550 3184 725 3248 intervenit
755 3185 897 3252 examini
926 3185 1072 3280 testium,
1096 3188 1274 3258 commisso,
1305 3188 1351 3251 uti
1382 3186 1548 3259 inuramus,

386 3306 480 3372 iudici
497 3309 684 3373 instructori
710 3314 742 3373 et
765 3311 929 3385 actuario;
953 3319 1003 3376 ast
1018 3312 1064 3375 illi
1081 3312 1228 3397 vigilanti
1251 3313 1288 3377 in
1311 3312 1395 3397 lepis
1408 3319 1449 3377 -et
1470 3310 1548 3376 taet-
1628 3327 1629 3390 t

386 3432 452 3497 tiae
475 3434 614 3499 tutelam
629 3440 703 3503 acta
726 3435 775 3501 las
798 3440 848 3500 est
870 3456 1069 3521 cognoscere
1085 3438 1346 3521 quotiescumque
1362 3437 1459 3511 velit;
1478 3455 1548 3520 qnae

386 3558 453 3641 ipse
481 3561 578 3625 instat
601 3561 736 3626 ulterius
760 3560 911 3645 produci;
936 3563 961 3625 si
985 3564 1199 3628 accusationis
1226 3564 1433 3647 reperiantur
1460 3560 1547 3625 solida

386 3808 478 3874 mode
501 3811 680 3883 evincatur,
698 3812 751 3876 vel
777 3814 867 3877 rebm
892 3812 979 3877 iubet
1000 3812 1042 3876 ad
1065 3830 1203 3877 examen
1219 3814 1340 3883 vocari,
1358 3832 1456 3896 quum
1474 3810 1545 3875 arbi·

365 3939 491 4000 tratur
514 3935 577 4001 hoc
600 3935 783 4001 conducere
806 3936 848 3999 ad
871 3937 1042 4002 veritatem
1065 3935 1289 4022 detegendam,
1313 3937 1420 4020 prouti
1440 3934 1546 4000 diserte

385 4060 473 4125 iubet
495 4066 556 4127 ait.
576 4061 639 4125 134
663 4063 715 4126 cit.
735 4061 810 4126 (lod.
828 4063 926 4146 Greg.
944 4066 1107 4128 statuens:
1134 4082 1151 4125 ‹
1169 4060 1377 4145 Quocumque
1401 4062 1434 4125 in
1458 4060 1545 4127 stadio

386 4186 570 4271 reperiatur
593 4206 772 4272 processus,
789 4207 891 4271 usque
913 4187 953 4251 ad
977 4188 1237 4273 publicationem,
1253 4186 1392 4252 officium
1417 4191 1467 4251 est
1487 4206 1544 4271 pro

386 4313 547 4376 curatoris
569 4309 687 4376 fiscalis
710 4310 848 4376 addendi
871 4330 1089 4394 quascumque
1106 4312 1235 4376 notitias
1258 4316 1291 4373 et
1313 4308 1544 4376 declarationes,

385 3691 586 3767 argumenta,
610 3686 662 3750 vel
687 3684 798 3751 eadem
822 3687 903 3770 petit
925 3688 1109 3767 intermitti,
1133 3689 1159 3751 si
1184 3688 1323 3771 inquisiti
1346 3687 1443 3772 culpa
1464 3686 1546 3751 nulli·

385 4440 481 4519 atque
505 4457 543 4501 ea
567 4440 673 4503 omnia
697 4438 889 4522 exquirendi
913 4456 996 4522 quaa
1019 4438 1202 4503 conducere
1218 4436 1328 4502 valent
1351 4434 1392 4499 ad
1417 4435 1545 4498 veritatis
