3350 5100
319 275 361 339 16
838 297 923 343 raas
947 295 970 342 1.

408 418 533 482 Verum
563 416 604 482 ad
627 416 727 484 bonos
758 418 858 483 Iibros
886 425 919 484 et
948 417 1053 482 diaria
1079 417 1234 502 religiosa
1257 418 1455 504 evulganda,
1479 439 1500 484 a

319 543 350 607 S.
376 541 499 607 Poenit.
526 549 557 607 et
580 562 600 606 a
624 545 655 610 S.
681 544 714 608 0.
734 544 767 608 0.
792 543 947 608 nonnulla
971 562 1127 608 concessa
1150 541 1245 608 fuere
1268 542 1444 627 privilegiis
1466 553 1500 609 et

319 665 441 730 indulta
456 665 513 731 sub
530 669 630 733 certis
643 665 855 732 cautionibus.
871 667 1031 732 Processu
1042 669 1210 751 temporis,
1223 667 1383 732 salutares
1398 666 1500 753 dispo

319 791 449 853 sitiones
477 790 547 854 sive
574 789 614 855 cb
638 793 767 857 nimiam
791 791 988 856 indrdtorum
1016 811 1199 872 numerum,
1223 793 1293 856 sive
1315 792 1500 877 ignorantia

318 919 374 978 aut
390 915 510 979 malitia
526 917 654 1000 penitus
676 915 843 1001 neglectas
862 915 971 989 fuisse,
988 917 1104 1000 patuit;
1120 914 1331 1000 quamobrem
1354 914 1388 980 S.
1408 917 1443 982 Ο.
1463 915 1497 982 0.
1559 971 1562 976 .
1650 975 1651 1002 p

319 1041 368 1107 25
393 1042 490 1124 Maii,
514 1063 606 1110 anno
630 1042 731 1124 1893,
758 1045 913 1109 Decreta:
943 1044 1103 1130 Vipilanli
1129 1044 1253 1118 stadio,
1279 1045 1456 1130 approbato
1479 1065 1500 1110 a

322 1165 357 1230 P.
384 1165 492 1232 Leone
516 1169 610 1240 XIII,
638 1189 702 1232 non
729 1169 832 1233 solum
859 1171 892 1233 in
915 1169 1046 1254 plenum
1069 1171 1217 1255 vigorem
1242 1172 1408 1236 revocavit
1434 1172 1499 1236 iarn

320 1298 416 1362 antea
436 1298 555 1359 statuta
573 1313 658 1358 anno
679 1295 773 1366 1874,
791 1293 847 1360 sed
870 1301 1054 1381 opportuna
1069 1297 1202 1380 insuper
1217 1297 1384 1360 sanctione
1399 1297 1499 1360 muni·

320 1417 376 1488 vil,
390 1416 583 1483 decernens:
601 1419 808 1484 «Praesenti
827 1419 943 1504 itaque
958 1420 1092 1485 decreto
1106 1423 1259 1485 statuant
1275 1419 1354 1503 (ΕΕ.
1370 1420 1499 1505 Patres)

320 1546 357 1604 nt
384 1542 420 1606 in
441 1548 626 1625 posteram,
650 1545 680 1608 si
702 1544 780 1627 quis
806 1563 852 1608 eor
874 1545 1079 1611 sacerdotali
1102 1544 1223 1610 ordine
1248 1550 1367 1611 contra
1390 1564 1497 1610 enun-

321 1665 411 1732 ciata
434 1667 569 1732 decreta
592 1667 781 1752 deliquerit,
802 1669 1016 1751 suspensioni
1039 1688 1062 1733 a
1085 1668 1210 1733 divinis
1233 1669 1267 1761 S.
1291 1669 1371 1735 Secti
1392 1688 1493 1735 reser-

321 1795 427 1859 vatae.
445 1797 475 1856 et
494 1792 567 1874 ipso
586 1792 677 1873 facto
701 1791 932 1858 incurrendae
955 1792 1124 1859 obnoxias
1145 1793 1206 1857 sit:
1222 1793 1366 1858 uterinas
1384 1799 1498 1860 antem

320 1914 509 1981 sacerdotio
532 1915 686 1981 nondam
709 1915 999 1988 initiatus'eidem
1019 1914 1235 1997 suspensioni
1257 1914 1374 1998 quoad
1388 1934 1498 1981 nasce·

316 2043 395 2119 ptos
409 2039 547 2105 ordines
569 2039 726 2106 similiter
745 2038 934 2122 subiacens
949 2045 981 2104 et
999 2038 1160 2105 inhabilis
1178 2045 1361 2121 praeterea
1375 2040 1436 2124 fiat
1452 2038 1499 2104 ad

320 2162 514 2244 annetieres
538 2162 676 2229 ordines
702 2163 932 2245 recipiendos:
955 2163 1035 2229 laici
1061 2163 1199 2228 demam
1222 2164 1498 2230 excommnnica—
1560 2236 1563 2241 ,

322 2285 411 2351 tione
440 2288 530 2351 latae
559 2287 753 2365 sententiae,
778 2286 956 2368 Episcopis
978 2291 1163 2365 reservata,
1188 2285 1448 2371 obstrinpantar
1466 2307 1497 2349 a.

322 2410 524 2475 Advertatur
541 2447 558 2460 -
576 2411 737 2476 clericam
755 2411 945 2478 sacerdotio
965 2411 1119 2477 nondum
1141 2386 1314 2474 initiatam
1332 2445 1348 2456 -
1367 2417 1499 2494 praeter

321 2525 585 2619 cooperationem,
610 2537 782 2602 incurrere
808 2536 1054 2603 inhabilitatem
1077 2535 1117 2601 ad
1141 2537 1326 2620 superiores
1349 2535 1497 2611 ordines;

321 2682 423 2745 quare
444 2683 503 2747 per
518 2662 751 2763 absolutionem
774 2684 794 2727 a
808 2664 1029 2745 masperrsione
1048 2681 1113 2726 non
1128 2662 1278 2727 aufertur
1292 2662 1497 2728 inhabililas.

323 2788 457 2869 Inquam
480 2822 497 2836 -
519 2786 714 2853 inhabililas
736 2822 753 2835 ·
775 2789 851 2871 quia
874 2786 916 2851 ibi
941 2808 1006 2851 non
1033 2788 1142 2872 agitur
1169 2786 1209 2852 de
1233 2786 1498 2872 irrepnlarilale,

322 2928 413 2996 quae,
439 2914 470 2977 vi
494 2933 563 2995 sua,
586 2919 716 2978 teneret
740 2916 834 2979 etiam
859 2913 1070 2979 sacerdotem.

412 3036 532 3102 Deinde
548 3037 723 3102 inhaerens
739 3037 997 3122 dispositionibus
1013 3058 1033 3100 a
1054 3038 1124 3101 RR.
1139 3038 1206 3100 PP.
1221 3034 1350 3101 Urbano
1361 3034 1446 3099 VIII
1466 3040 1499 3100 et

324 3162 512 3227 Innocentio
522 3163 605 3227 XIII
620 3161 769 3227 inconst.
784 3198 798 3209 ·
815 3163 900 3227 Cum
912 3181 1014 3244 saepe
1025 3161 1198 3247 continpat
1210 3197 1224 3208 ·
1237 3160 1318 3224 alias
1330 3159 1420 3231 datis,
1433 3159 1499 3243 qui·

322 3284 382 3350 bus
394 3288 608 3369 compescitur
623 3284 820 3371 negligentia
835 3290 868 3351 et
880 3286 975 3371 culpa
987 3288 1020 3350 in
1034 3285 1178 3351 curanda
1191 3283 1410 3350 celebratione
1425 3285 1499 3349 mis-

323 3430 440 3482 sarum,
458 3414 568 3476 statuit
590 3411 621 3477 S.
639 3412 672 3476 G.
691 3412 736 3485 0.,
753 3418 788 3476 ut
803 3432 914 3475 omnes
933 3408 1117 3476 beneficiati
1140 3416 1173 3475 et
1188 3412 1380 3493 quicumque
1399 3408 1500 3473 admi-

322 3536 513 3600 nistratores
532 3554 701 3599 causarum
727 3536 861 3617 pIarum,
882 3536 916 3599 in
939 3532 1004 3597 fine
1028 3530 1195 3598 cuiusIIbet
1217 3533 1305 3610 anni,
1329 3531 1498 3594 missarum

323 3679 424 3724 (ruera
439 3679 521 3743 quae
544 3658 684 3724 nondum
700 3658 871 3743 adimpleta
887 3659 1059 3742 supersim,
1075 3657 1207 3721 tradant
1222 3656 1255 3719 in
1271 3675 1385 3719 manus
1402 3654 1498 3721 Ordi-

324 3785 505 3853 nariorum‚
531 3801 665 3866 quorum
697 3784 760 3847 erit
787 3780 1055 3867 persacerdptes
1077 3779 1137 3844 sibi
1163 3777 1338 3857 subiectos,
1363 3782 1418 3841 aut
1439 3794 1499 3860 per

323 3908 403 3972 alios
419 3905 519 3991 probe
535 3906 595 3971 sibi
611 3908 764 3991 cognitos,
783 3924 902 3971 curare
917 3903 1102 3969 earumdem
1128 3904 1297 3967 missarum
1314 3898 1499 3964 celebratio·

322 4050 407 4095 nem.
425 4032 567 4114 Denique
592 4032 692 4115 ipsum
717 4029 882 4095 decretum
908 4030 1090 4095 revocavit:
1107 4045 1341 4110 quaecumque
1364 4023 1499 4090 indulta

324 4160 354 4219 el
366 4154 548 4239 privilepia
564 4174 671 4236 usqne
693 4174 786 4220 nnnc
808 4172 975 4219 concessa.
994 4188 1011 4199 -
1031 4150 1223 4235 Evulgatum
1248 4148 1413 4213 decretum
1433 4166 1499 4209 non

312 4280 416 4363 pauci
440 4276 720 4363 nepotulorum,
745 4298 882 4361 quorum
911 4274 965 4339 aIIi
990 4273 1086 4339 dubia
1108 4276 1297 4352 moverunt,
1321 4290 1363 4334 an
1388 4268 1500 4333 eodem

324 4405 461 4469 IuIssent
474 4402 630 4487 abrogata
645 4404 754 4468 omnia
777 4400 948 4487 pririlegia
964 4404 997 4464 et
1012 4398 1134 4463 indulta
1150 4404 1247 4463 antea
1262 4414 1427 4467 concessa,
1443 4392 1499 4457 alii
