3350 5100
365 271 432 338 384
873 292 957 340 raas
980 291 1029 338 ιιι.

364 416 513 502 piendam
542 436 640 502 supra
670 416 817 482 vidimus.
848 452 865 464 ·
890 417 1038 482 Examen
1064 416 1194 502 perficit
1223 418 1323 484 iudex
1353 422 1517 494 instructor,
1625 434 1627 439 '

364 541 520 608 adstante
543 542 697 608 actuum
721 541 897 607 dumtaxat.
915 577 934 590 ·
953 544 991 606 ln
1013 543 1123 609 altera
1145 549 1240 628 parte
1262 544 1418 634 articulus
1437 544 1522 612 dictet

365 668 533 751 quamdam
558 669 703 754 regulam
730 667 927 753 generalem,
952 687 1068 754 nempe
1096 671 1305 754 exceptiones
1328 671 1369 736 ab
1391 673 1523 756 inquisito

364 797 397 860 in
416 796 465 860 sui
486 793 705 861 defensionem
725 795 897 879 oppositas,
914 814 993 878 quas
1009 796 1062 859 vel
1077 815 1137 881 per
1150 801 1259 870 testes,
1277 797 1331 861 vel
1346 817 1406 881 per
1418 799 1524 864 instru-

364 917 559 990 montaral
584 937 642 1002 per
668 917 786 983 indicia
809 917 949 1004 probare
972 918 1122 1004 spondet,
1147 941 1220 986 esse
1246 924 1370 988 attente
1396 921 1525 987 conside·

364 1044 482 1110 randas
505 1049 538 1109 et
560 1045 646 1108 omni
663 1064 705 1108 ex
721 1049 815 1129 parte
835 1045 1041 1144 evolvendae.
1059 1046 1221 1113 Videlicet
1243 1050 1340 1112 etiam
1365 1066 1411 1113 ero
1431 1048 1526 1132 officio

364 1169 461 1236 iudex
484 1172 661 1236 instructor
685 1175 783 1236 testes
805 1169 846 1235 ad
870 1191 1007 1236 examen
1032 1191 1152 1236 vocare
1178 1170 1274 1237 debet
1297 1177 1329 1236 et
1353 1172 1418 1236 alia
1442 1192 1527 1257 argu·

363 1301 472 1362 menta
501 1297 676 1380 exquirere
707 1296 791 1362 unde
815 1299 936 1362 veritas
959 1298 1054 1381 plene
1076 1297 1249 1362 elucescat.
1274 1296 1365 1361 Idem
1388 1316 1529 1382 expresse

362 1421 459 1494 iubet,
480 1423 512 1485 in
537 1422 589 1492 cit.
615 1421 685 1488 cod,
703 1421 813 1507 areg,
829 1425 892 1486 art.
909 1421 985 1495 362,
1002 1423 1055 1505 qui
1079 1423 1175 1487 etiam
1198 1423 1355 1488 advertit:
1374 1444 1394 1484 ‹
1409 1422 1442 1488 Si
1462 1443 1531 1488 reus

362 1550 506 1614 nominet
528 1553 635 1620 testes,
653 1547 888 1633 exquirendum
904 1553 954 1612 est
968 1553 1004 1615 ut
1019 1549 1161 1634 explicet
1175 1548 1249 1633 quid
1271 1547 1412 1634 probare
1435 1549 1530 1614 inten-

362 1676 417 1741 det
439 1696 499 1760 per
522 1675 651 1740 eosdem
674 1679 783 1747 testea,
804 1695 958 1758 quasnam
983 1675 1157 1741 relationes
1181 1695 1254 1740 cum
1277 1676 1356 1762 ipsis
1379 1674 1529 1746 habuerit

363 1807 396 1868 et
418 1808 525 1867 utrum
550 1822 622 1866 cum
647 1803 723 1887 ipsis
746 1802 924 1866 collocutus
944 1803 985 1867 sit
993 1802 1040 1894 ¹de
1056 1821 1103 1874 re,
1121 1801 1162 1866 ob
1176 1820 1272 1886 quam
1295 1800 1491 1866 inducuntur
1505 1821 1531 1865 ›.

453 1927 631 1992 Praeterea
646 1927 735 1992 iuvat
750 1926 922 1991 nonnullas
937 1927 1067 2012 regulas
1090 1928 1230 1991 mutuari
1246 1945 1266 1989 a
1280 1927 1336 1991 cit.
1352 1925 1425 1991 cod.
1441 1927 1532 2010 Greg.

362 2057 423 2116 art.
448 2051 530 2116 347:
560 2051 876 2136 ‹Interrogationes
906 2069 978 2116 esse
1007 2033 1126 2117 debent
1155 2046 1318 2135 simplices
1347 2056 1381 2116 et
1412 2051 1533 2124 clarae,

364 2196 427 2240 non
442 2196 463 2241 a
479 2176 641 2262 proposito
656 2177 782 2242 alienae
799 2182 832 2242 et
846 2175 947 2241 multo
970 2177 1076 2242 minus
1091 2178 1297 2262 suggestivae
1314 2199 1344 2241 ι».
1371 2179 1443 2241 Art.
1458 2176 1534 2242 349:

365 2302 638 2386 ‹Responsiones
660 2320 731 2367 esse
756 2301 874 2367 debent
896 2285 1068 2388 positivae:
1092 2303 1118 2366 si
1143 2307 1253 2368 essent
1283 2288 1460 2386 equivocae
1485 2310 1536 2367 aut

362 2426 605 2508 conditionales,
629 2429 811 2511 exquiritur
834 2427 1021 2493 earumdem
1052 2427 1238 2499 declaratio,
1262 2429 1354 2493 cuius
1380 2434 1479 2492 tenor
1506 2430 1536 2491 in

362 2554 441 2617 actis
465 2559 632 2632 exaratur,
656 2554 777 2633 relatis,
801 2558 954 2636 quantum
978 2550 1050 2617 fieri
1073 2557 1188 2636 potest,
1212 2544 1324 2618 iisdem
1349 2552 1460 2618 verbis
1475 2555 1537 2636 qui-

360 2678 421 2743 bus
450 2700 527 2744 usus
557 2684 607 2743 est
636 2680 924 2763 inquisituslpse,
955 2678 1030 2744 dum
1055 2677 1236 2763 respondet,
1261 2680 1308 2743 uti
1338 2698 1404 2743 non
1436 2684 1537 2763 potest

362 2807 500 2890 scriptis,
525 2806 638 2890 quibus
666 2806 752 2870 facta
782 2810 1004 2869 memorantur
1031 2812 1063 2871 et
1086 2805 1278 2871 referuntur
1301 2827 1330 2869 ι».
1356 2803 1430 2869 Art
1455 2806 1535 2870 351:

366 2931 479 2998 «Post
501 2933 639 3015 primum
671 2951 808 2995 examen
832 2937 866 2995 et
887 2950 987 3014 usque
1017 2930 1058 2995 ad
1086 2950 1256 3016 processus
1279 2930 1535 3015 publicationem,

331 3053 335 3062 ’
362 3061 466 3141 potest
488 3056 657 3139 inquisitus
688 3056 760 3121 aliis
790 3055 992 3122 examinibus
1022 3056 1147 3137 subiici,
1174 3058 1299 3139 quoties
1330 3076 1448 3141 nempe
1469 3058 1536 3121 ‘boc

362 3182 518 3267 expedire
541 3182 699 3247 videatur.
725 3184 789 3266 Ipsi
817 3182 970 3265 inquisito
1001 3184 1161 3267 integrum
1194 3187 1244 3247 est
1273 3183 1535 3269 expostularent

363 3310 430 3393 ipse
453 3307 558 3374 denuo
581 3310 615 3372 in
635 3310 784 3373 examine
807 3308 1003 3375 audiatur».

453 3434 528 3499 316.
554 3436 599 3499 De
623 3434 716 3498 modo
739 3454 802 3517 quo
825 3442 1049 3519 proponuntur
1079 3437 1351 3521 interrogationes
1379 3438 1533 3521 inquisito,

240 3584 244 3591 ·
362 3564 505 3644 praestat
528 3559 587 3623 has
612 3558 740 3643 regulae
765 3558 937 3623 excribere
962 3562 1080 3624 excit.
1105 3559 1174 3623 cod.
1200 3561 1299 3643 Greg.
1326 3595 1343 3607 -
1361 3562 1433 3626 Art.
1457 3560 1532 3626 355:

366 3686 575 3770 ‹Inquisitus
598 3686 742 3751 indicare
769 3686 865 3751 debet
890 3708 982 3753 suum
1006 3707 1132 3763 nomen,
1157 3707 1381 3773 cognomen...‚
1402 3689 1533 3770 patriam

363 3818 395 3877 et
417 3817 565 3878 aetatem.
592 3812 791 3881 Admonetur
815 3814 855 3878 de
878 3813 1074 3899 obligatione
1096 3814 1257 3899 pandendi
1287 3814 1459 3879 veritatem
1483 3812 1535 3877 sed

364 3937 408 4002 illi
433 3958 497 4001 non
520 3938 668 4005 defertur
695 3940 920 4020 iuramentum,
945 3958 986 4004 ne
1009 3941 1041 4005 in
1066 3958 1142 4005 casu
1173 3939 1299 4024 quidem
1331 3959 1394 4023 quo
1425 3940 1535 4005 debeat

363 4066 559 4148 interrogari
583 4066 672 4129 circa
694 4083 852 4150 personas
867 4062 927 4129 sibi
945 4084 1008 4129 non
1025 4064 1214 4131 coniunctos
1230 4086 1259 4127 u.
1284 4066 1355 4130 Art.
1373 4064 1451 4129 357:
1471 4086 1489 4127 s
1504 4064 1533 4129 Si

362 4191 531 4273 inquisitus
553 4189 699 4255 absolute
719 4188 889 4275 profitetur
911 4211 947 4255 se
970 4192 1124 4275 ignorare
1140 4208 1270 4254 causam
1294 4189 1343 4255 sui
1367 4190 1532 4267 examinis,

361 4324 417 4381 aut
428 4326 524 4399 quum
537 4318 722 4402 genericam
735 4316 874 4382 admittit
884 4318 1039 4390 notitiam,
1052 4322 1087 4381 at
1097 4316 1262 4382 contendit
1273 4335 1308 4379 se
1321 4314 1402 4380 nihil
1416 4316 1534 4381 habere

362 4440 445 4527 quod
467 4442 508 4507 ad
531 4444 635 4528 ipsum
665 4447 789 4527 spectat
817 4444 849 4509 in
881 4462 921 4507 ea
946 4462 1001 4524 re,
1025 4447 1103 4508 tunc
1126 4441 1337 4507 desumuntur
1363 4441 1533 4507 ulteriores
