3350 5100
301 276 367 341 708
729 293 835 343 renes
859 297 1062 346 sunorrioos

411 422 533 485 oportet,
552 414 648 469 habita
668 416 776 470 ratione
794 418 897 472 obiecti
916 418 1122 487 appellationis.
1141 419 1275 480 Quidnam
1301 419 1358 473 edi·

409 538 473 579 cere
494 523 622 578 intendat
641 524 694 577 iste
713 523 796 577 iudex
815 524 844 578 in
862 525 1031 579 senteutiam
1051 524 1223 601 appellatam
1260 564 1268 577 .
1306 565 1312 576 .
1343 543 1411 597 pap.
1430 526 1486 580 419

244 639 248 645 '
301 630 362 685 361.
383 633 427 685 An
446 630 574 685 iacienda
593 632 631 684 sit
650 634 808 685 contestatio
827 636 857 687 et
881 648 916 685 an
939 647 1028 687 novae
1053 633 1233 701 probationes
1259 633 1359 686 admit·

408 742 506 791 tantur
542 776 1356 796 ...................
1396 757 1414 797 »
1444 744 1482 795 ib.

300 844 361 897 362.
383 844 532 899 Processus
550 844 748 915 appellationis
767 846 839 913 apud
858 845 885 898 S.
904 843 935 901 (i.
954 844 1010 899 EE.
1028 851 1058 901 et
1076 846 1136 899 RR.
1150 847 1258 917 regitur
1276 864 1293 900 a
1311 848 1356 902 de·

407 955 484 1005 creto
503 951 542 1005 18
561 952 722 1006 Decembris
742 951 826 1012 1851,
845 952 1008 1022 aliqualiter
1019 957 1129 1006 mutato
1147 968 1197 1023 per
1213 953 1358 1009 decretum

405 1074 430 1108 a.
451 1055 547 1109 1885.
585 1096 592 1109 .
631 1096 636 1108 .
674 1097 680 1109 .
720 1096 726 1109 .
764 1026 772 1111 .'
810 1094 1355 1112 .............
1392 1059 1484 1109 »ini

299 1160 360 1215 363.
381 1163 420 1217 De
439 1162 569 1217 remediis
589 1165 826 1219 extraordinariis
856 1203 1175 1219 ........
1207 1202 1221 1217 ..
1258 1206 1265 1217 .
1391 1164 1484 1221 »423

299 1268 359 1323 364.
382 1268 420 1321 De
439 1270 587 1323 sententiis
607 1270 765 1324 executioni
785 1270 984 1324 demandandis
990 1308 1354 1325 .........
1391 1272 1482 1324 »424

778 1463 938 1519 TITULUS
956 1462 1004 1517 lV.

435 1640 470 1677 DE
491 1640 675 1680 CONTUMAGlA
696 1615 732 1677 ar
753 1640 788 1677 DE
808 1639 884 1677 MODO
903 1639 1084 1679 Paucannnot
1104 1640 1134 1677 ΙΝ
1153 1638 1350 1678 ΟΟΝΤΠΙΑΟΕΒ.

303 1800 364 1856 365.
384 1802 565 1856 contumacia
584 1808 627 1855 est
645 1804 749 1856 crimen
766 1839 1306 1855 .............
1340 1819 1406 1871 pap.
1426 1802 1482 1854 425

297 1908 358 1963 366.
379 1908 420 1963 Ex
441 1920 520 1979 parte
546 1910 716 1965 accusaturis
740 1909 784 1963 vel
810 1910 954 1980 querelam
975 1911 1113 1963 moventia
1132 1909 1293 1980 aequivalet
1311 1925 1354 1963 rc·

405 2016 580 2069 nunciatinni
599 2014 785 2069 accusationis
803 2030 852 2069 sou
872 2014 1004 2084 querelae
1028 2053 1352 2067 ........
1389 2033 1406 2069 »
1437 2014 1478 2065 ib.

297 2120 358 2175 367.
379 2120 521 2181 Quomodo
540 2121 681 2190 probanda
699 2121 737 2174 sit
756 2121 931 2173 contumacia
943 2154 1353 2175 ..........
1389 2135 1406 2172 a
1425 2119 1481 2172 426

298 2224 361 2279 368.
384 2226 423 2280 De
442 2226 588 2281 effectibus
613 2225 823 2289 contumaciae;
849 2232 878 2279 et
902 2225 931 2277 in
956 2225 1049 2295 specie
1073 2225 1107 2279 de
1128 2223 1353 2293 praesumptions

403 2333 528 2387 criminis
547 2334 575 2386 in
595 2338 759 2387 contumace
767 2368 1354 2385 ..............
1392 2345 1410 2383 »
1439 2330 1478 2381 ib.

296 2439 362 2493 369.
381 2438 453 2493 Litis
473 2438 624 2510 pendentia
643 2455 696 2492 non
718 2442 810 2507 potest
828 2439 953 2492 invocari
971 2456 989 2491 a
1007 2444 1179 2503 contumace,
1204 2436 1352 2506 praecipue

402 2546 436 2600 ad
456 2545 695 2602 determinandam
715 2561 814 2602 causae
834 2546 1062 2615 praeventionem
1076 2581 1351 2599 .......
1387 2544 1479 2600 »427

295 2655 355 2708 370.
376 2655 415 2708 De
436 2655 532 2724 poenis
550 2655 578 2707 in
600 2660 787 2718 contumaces,
809 2660 868 2707 tum
887 2655 996 2708 ratione
1015 2654 1209 2708 contumaciae
1229 2659 1286 2706 tum
1305 2669 1351 2705 ra·

403 2762 485 2816 tione,
499 2761 624 2816 criminis
644 2761 716 2815 unde
735 2766 883 2816 accusatur
901 2767 1052 2814 contumax
1078 2799 1352 2818 .......
1390 2776 1408 2813 »
1439 2761 1477 2813 ib.

294 2869 357 2923 371.
377 2870 416 2924 De
444 2869 552 2924 ratione
577 2869 741 2938 procedendi
768 2869 802 2922 ad
820 2869 988 2922 sententiam
1007 2867 1207 2922 absolutoriam
1223 2866 1268 2921 rel
1287 2882 1352 2922 con·

403 2975 604 3030 demnatoriam
624 2975 755 3031 adversus
774 2980 1064 3030 contumacemreum
1074 3012 1349 3028 .......
1386 2972 1476 3028 »428

294 3083 355 3136 372.
379 3083 542 3136 contumaci
563 3083 746 3136 condemnato
766 3098 820 3135 non
840 3083 974 3152 competit
991 3083 1035 3135 ius
1052 3081 1211 3151 appellandi
1249 3118 1255 3131 .
1294 3119 1302 3134 .
1339 3118 1348 3134 .
1386 3098 1403 3132 a
1438 3081 1476 3132 ib.

756 3233 758 3240 ¹
778 3277 939 3332 irrosus
959 3276 992 3331 v.

632 3453 667 3491 DE
690 3453 832 3491 Paoonssu
854 3451 929 3491 PURB
947 3447 1131 3498 inquietaret).

291 3615 352 3668 373.
374 3616 462 3670 Hodie
484 3632 629 3684 processus
648 3615 752 3670 mixtus
770 3615 921 3686 aliquando
940 3615 1074 3683 explicari
1093 3631 1147 3670 non
1166 3618 1266 3684 potest,
1281 3613 1349 3685 qaia

402 3726 489 3776 testes
508 3737 563 3775 non
577 3719 695 3774 reddunt
708 3721 904 3776 attestationes
923 3721 976 3775 nisi
994 3736 1090 3775 eorum
1109 3721 1223 3776 nomina
1236 3717 1348 3776 occulta

398 3830 537 3879 maneant
579 3862 1300 3879 .................
1334 3842 1399 3895 pap.
1419 3823 1474 3878 430

263 3905 266 3910 ¹
290 3931 351 3984 374.
373 3913 523 3986 instructio
551 3931 578 3985 S.
604 3932 632 3984 C.
660 3931 712 3984 ΕΒ.
739 3936 768 3985 et
794 3931 852 3985 RR.
880 3933 985 3985 turmas
1012 3951 1029 3986 a
1051 3950 1081 3987 ee
1107 3933 1264 4002 propositas
1290 3948 1347 3987 non

400 4039 481 4092 iussit
504 4041 634 4103 tenatiae,
647 4038 693 4093 scd
708 4037 851 4107 praecepit
862 4039 1011 4093 observare
1022 4055 1135 4094 normas
1146 4039 1271 4093 iustitiae
1282 4040 1348 4093 666·

397 4145 538 4198 stantialis
578 4183 1344 4200 ..................
1381 4160 1400 4202 »
1417 4144 1466 4199 431

291 4249 352 4306 375.
372 4250 489 4311 Quando
508 4249 553 4304 hic
574 4266 717 4319 processus
730 4251 834 4305 servari
850 4236 945 4320 possit.
964 4252 1044 4304 iuxta
1060 4252 1267 4306 canonistarum
1284 4267 1348 4306 sen·

398 4359 516 4412 tentiam
537 4395 1346 4412 ...................
1382 4373 1401 4414 »
1419 4356 1474 4410 432
