3350 5100
347 298 414 363 218
682 368 685 385 Ι
862 311 944 359 raas
968 312 1004 357 11.

348 439 454 504 iudice
476 445 545 502 tum
568 457 588 501 a
611 435 758 520 partibus
779 435 979 520 litigantibus
1002 433 1168 506 confectis,
1194 436 1227 496 et
1248 449 1347 496 nemo
1375 427 1463 494 testis
1487 426 1524 491 in
1631 463 1632 508 3

348 583 454 633 causo
473 563 632 647 proprio.

437 691 626 754 Assessores
649 691 767 759 antem,
791 686 984 758 consiliarii,
1009 682 1183 764 auditores,
1207 683 1279 746 iure
1303 679 1463 746 communi
1493 682 1526 742 et

350 814 463 899 regula
486 813 642 898 generali,
666 809 762 877 iudici
786 831 851 874 non
876 811 1093 895 assignantur,
1109 807 1165 873 sad
1188 807 1268 872 nihil
1284 802 1434 891 prohibet
1449 822 1524 887 quo-

275 922 281 1030 ,⁸
348 938 462 1009 minus,
485 941 542 1000 ant
564 955 606 999 ex
629 933 842 1019 delegatione,
871 944 927 998 aut
957 950 1001 997 ex
1024 931 1181 1017 peculiari
1205 930 1347 1002 decreto,
1373 925 1525 994 eiusmodi

348 1061 400 1125 vel
422 1061 587 1124 adiutores
610 1059 663 1123 vel
688 1057 874 1123 coniudices
901 1055 1116 1123 destinentur.

441 1185 514 1252 155.
540 1183 624 1249 Illud
647 1183 773 1248 adverti
797 1181 902 1264 debet,
926 1202 1042 1268 nempe
1064 1199 1307 1266 quemcumque,
1330 1180 1400 1244 siva
1422 1197 1526 1242 asses-

348 1310 436 1378 soris
463 1310 532 1374 sive
559 1308 716 1373 auditoris
743 1309 812 1372 sive
835 1307 949 1372 iudicis
972 1305 1187 1373 instructoris
1214 1309 1271 1370 aut
1301 1301 1529 1370 commissarii

349 1433 478 1497 nomine
502 1434 535 1496 in
557 1432 636 1515 foro
660 1432 773 1497 eccles.
797 1430 994 1516 deputatum,
1011 1434 1067 1495 aut
1090 1429 1130 1494 ad
1153 1447 1340 1514 processum
1365 1429 1526 1491 instruen-
1631 1519 1632 1524 ἵ

347 1557 432 1628 dnm,
449 1562 505 1621 ant
527 1556 568 1620 ad
591 1557 789 1641 singularem
813 1539 997 1620 iudicialem
1020 1560 1128 1620 actum
1149 1552 1354 1638 explendum,
1370 1549 1485 1636 repelli
1509 1569 1529 1614 a

348 1681 404 1745 tali
429 1699 565 1745 munere
588 1679 745 1751 obeundo.
762 1680 953 1764 praesertim
979 1680 1011 1742 in
1035 1679 1140 1744 causis
1155 1673 1376 1742 criminalibus
1392 1674 1528 1739 clerico·
1631 1735 1632 1772 ἶ

348 1824 430 1884 rum,
454 1805 515 1868 nisi
540 1805 581 1868 sit
603 1804 746 1869 ctericus
767 1801 905 1876 coelebs,
930 1822 1026 1887 quum
1051 1802 1214 1866 hominem
1236 1800 1355 1866 laicum
1377 1803 1434 1865 aut
1462 1798 1529 1864 cle·

348 1931 452 1994 ricum
469 1930 676 2013 coniugatum
688 1927 864 1993 inhabilem
882 1929 959 1992 huic
971 1925 1087 2009 officio,
1100 1948 1142 1992 ex
1154 1928 1225 1992 iure
1241 1925 1411 1996 communi,
1425 1923 1530 1988 decla·

348 2054 474 2118 raverit
490 2052 522 2118 S.
540 2052 756 2138 congregatio
778 2052 847 2117 EE.
874 2052 944 2116 RR.
970 2054 1003 2116 in
1028 2054 1105 2118 Inst.
1130 2050 1452 2118 11111111880111.
1474 2049 1528 2124 13;

349 2184 381 2244 et
405 2197 561 2262 expresse
591 2178 800 2260 rescripserit
827 2176 859 2242 S.
885 2177 984 2263 Cong.
1010 2178 1101 2242 lmm.
1126 2175 1262 2262 Encycl.
1287 2173 1312 2240 3
1337 2173 1397 2240 Ott.
1423 2171 1528 2238 1832.

349 2301 396 2368 Gt.
415 2301 558 2366 Bizzarri
575 2335 593 2350 -
613 2300 934 2386 Collect.paq.168.
952 2336 971 2348 -
989 2300 1082 2366 Haec
1105 2303 1142 2366 ut
1163 2299 1288 2385 plenius
1311 2297 1528 2384 explicentur,

348 2442 456 2491 sermo
478 2425 644 2491 habendus
661 2429 711 2490 est
733 2425 773 2490 de
796 2425 909 2492 iudice
924 2425 1093 2512 collegiati
1108 2426 1188 2490 etin
1208 2443 1330 2511 genere
1353 2423 1396 2488 dc
1418 2421 1529 2507 officio

347 2550 480 2617 iudicis:

713 2747 733 2825 s
759 2743 787 2808 1.
812 2743 863 2809 ne
887 2742 1000 2828 office
1024 2742 1156 2809 ructes.
1255 2708 1260 2718 ’

348 2936 564 2993 summarium.
582 2966 619 2977 -
642 2936 702 2991 156.
725 2936 763 2990 De
782 2936 874 2991 iudice
893 2936 1045 3006 collegisti.
1065 2937 1208 2999 Quomodo
1230 2936 1353 2989 tribunal
1374 2934 1528 3003 collegials
1631 2904 1632 2929 ἶ

435 3045 525 3100 veluti
544 3047 722 3099 ordinarium
740 3045 875 3099 constitui
894 3046 980 3114 possit
993 3046 1028 3099 ab
1044 3046 1179 3115 Episcopo
1193 3062 1241 3113 per
1253 3044 1359 3099 iudices
1377 3060 1426 3099 scu
1440 3059 1529 3097 asses·

436 3168 514 3206 sores
531 3151 679 3205 adiunctos
697 3151 749 3220 ipsi
770 3150 884 3206 vicario
903 3150 1034 3206 Genernli
1059 3151 1170 3221 quando
1192 3150 1237 3204 hic
1262 3151 1323 3219 agit
1342 3166 1377 3204 ex
1395 3149 1528 3204 mandato

437 3256 481 3312 vel
499 3257 631 3327 pancrati
648 3254 692 3310 vel
711 3257 837 3324 speciali.
858 3257 966 3309 -157,
988 3256 1026 3310 De
1046 3256 1234 3310 tribunalibus
1246 3256 1444 3325 collegialibus
1456 3256 1528 3310 ordi-

436 3362 511 3415 natis
529 3362 557 3414 in
577 3361 729 3430 provinciis
747 3361 863 3415 ditionis
882 3361 1051 3430 pontificias.
1066 3389 1099 3402 —
1122 3362 1180 3416 158.
1203 3360 1242 3415 De
1254 3360 1412 3415 sententiae
1432 3360 1529 3413 valore

437 3468 512 3522 latae
531 3468 560 3521 in
578 3467 712 3522 eiusmodi
732 3468 928 3522 tribunatibus.
943 3496 975 3508 -
998 3468 1048 3521 159
1078 3468 1115 3522 De
1134 3468 1224 3522 iudice
1241 3468 1419 3521 instructore.

395 3664 399 3669 ’
439 3666 512 3733 156.
538 3666 695 3749 Equidem
719 3665 815 3731 iudici
840 3665 996 3750 singulari
1020 3666 1089 3729 sive
1112 3663 1290 3731 ordinario
1307 3666 1406 3730 veluti
1434 3664 1528 3728 Vica-

350 3792 400 3855 rio
422 3790 595 3869 Generali,
620 3790 689 3855 sive
711 3788 807 3854 iudici
839 3790 1002 3875 delegato,
1032 3790 1208 3874 Episcopus
1238 3788 1417 3874 adiungere
1439 3790 1528 3853 valet

348 3934 528 3980 assessores
550 3914 603 3978 vel
627 3913 791 3979 auditores
814 3932 950 3997 quorum
973 3914 1106 3979 consilio
1129 3917 1173 3979 uti
1198 3912 1315 3979 debeat
1341 3915 1403 3977 iste
1429 3913 1527 3978 iudex

348 4036 381 4097 in
412 4032 602 4099 definiendis
632 4036 754 4107 causis;
787 4034 893 4117 prouti
925 4034 1159 4119 explicavimus
1189 4032 1263 4099 Vol.
1290 4036 1320 4107 1,
1348 4054 1379 4099 n.
1407 4034 1481 4101 150.
1507 4067 1525 4082 ·
1631 4102 1632 4117 ,

348 4157 473 4223 Verum
489 4159 630 4223 tribunal
655 4178 719 4223 non
736 4160 942 4223 constituitur
958 4159 1140 4245 collegiata
1161 4178 1325 4243 quousque
1340 4179 1440 4224 causa
1450 4160 1526 4242 ptu-

347 4281 443 4347 ribus
465 4301 530 4347 non
553 4285 772 4350 committatur
795 4282 1004 4368 expedienda,
1024 4304 1137 4370 nempe
1158 4305 1200 4349 ex
1216 4284 1346 4349 illorum
1363 4282 1525 4350 delibera-

348 4405 436 4468 tione
451 4405 622 4490 collegiali‚
638 4406 719 4471 adeo
734 4405 862 4471 utillud
887 4405 1044 4471 habeatur
1060 4405 1254 4473 iudicialiter
1270 4406 1419 4489 edictum,
1440 4406 1523 4491 quod
