3350 5100
493 305 537 351 on
561 303 701 352 motans
724 301 977 350 amensamens.
1258 281 1320 344 231

149 429 180 492 in
190 427 278 495 Urbe
290 430 421 494 statutis
429 431 498 493 sive
512 426 748 495 commanebas
759 427 828 490 sive
838 423 1115 508 particularibus.
1131 423 1179 489 Oi.
1193 424 1268 488 Vol.
1279 423 1323 496 11,

147 570 175 612 n.
202 551 244 615 13
266 571 318 634 sq.

233 677 311 742 163.
331 675 464 742 Gradus
478 675 572 742 modo
588 676 741 762 explicati
756 677 923 761 pertinent
937 673 978 739 ad
994 673 1215 739 hierarchiam
1227 673 1325 750 ,iuris-
1353 695 1357 706 ·

145 800 291 868 dictionis
316 802 541 868 ordinariam.
563 803 689 867 Verum
713 801 773 887 ipsi
796 801 925 867 iudicer
948 797 1121 866 ordinarii
1151 773 1323 881 aliduando

145 926 324 1009 procedunt
341 932 507 1011 potestate
529 926 695 1012 delapata,
719 933 752 990 et
774 930 853 993 tunc
876 921 912 989 fit
933 924 1024 989 locus
1051 923 1210 1008 principio
1239 920 1324 1006 quod

145 1055 265 1135 spectat
288 1051 332 1116 ad
354 1071 467 1118 omnes
490 1051 615 1118 iudices
638 1052 826 1137 dalmatam
852 1070 977 1136 nempe.
1001 1069 1022 1112 a
1044 1049 1192 1134 delegato
1217 1047 1324 1133 appel·
1417 1124 1422 1137 ·

144 1175 201 1238 lari
225 1176 270 1241 ad
303 1175 507 1261 delegantem
538 1182 571 1242 et
602 1196 623 1240 a
653 1175 864 1261 subdelegato
895 1174 936 1240 ad
963 1173 1237 1258 subdelegantem,
1261 1173 1322 1238 nisi

144 1299 359 1388 subdelegans
380 1302 552 1387 intepram
575 1300 820 1366 demandaverit
841 1299 1103 1370 iurisdictionem,
1118 1317 1187 1383 arg.
1211 1318 1238 1364 o.
1261 1296 1321 1372 27,

145 1427 162 1506 ξ
179 1423 292 1493 Porro
309 1461 324 1474 ·
341 1426 393 1491 De
407 1428 464 1510 off.
481 1426 588 1512 delep.
614 1426 648 1490 X
668 1423 711 1509 (l,
727 1424 896 1512 aetates
920 1431 955 1490 ut
977 1425 1086 1526 officio
1109 1425 1263 1510 deleyato
1287 1443 1323 1488 se

143 1551 352 1617 abdicaverit.
369 1588 384 1598 -
400 1552 573 1638 Singulare
588 1557 638 1618 est
661 1554 694 1616 in
718 1552 887 1637 Episcopis
911 1557 946 1616 ut
968 1549 1141 1634 aliquando
1157 1549 1323 1615 cumulent
1451 1587 1454 1592 ·

144 1696 211 1740 cum
233 1681 399 1761 potestate
421 1675 603 1743 ordinaria
625 1681 816 1760 potestatem
841 1677 1042 1762 datayatam,
1060 1677 1105 1740 uti
1121 1672 1323 1760 significatur

145 1799 174 1861 in
194 1818 269 1882 cap.
297 1802 326 1864 1.
353 1801 403 1864 De
425 1803 480 1883 aff.
506 1801 570 1886 lep.
593 1801 628 1864 X
649 1797 692 1884 (1,
717 1797 790 1886 30),
816 1805 849 1864 et
869 1804 949 1864 tunc
978 1798 1126 1872 iudicem,
1150 1799 1198 1864 ad
1221 1817 1321 1883 quem

144 1931 188 1988 est
200 1925 443 2010 appellandum.
456 1925 641 1991 desuminus
663 1945 684 1989 a
707 1930 825 1989 natura
840 1926 1006 2009 potestatis
1021 1943 1116 2007 quam
1134 1926 1323 1992 exercuerit

145 2049 235 2115 iudex
258 2071 282 2116 a
306 2069 413 2135 φα).-
429 2051 607 2117 Concilium
632 2050 719 2116 Trid.
737 2056 773 2116 ut
794 2048 1011 2115 dubietatibus
1033 2056 1066 2114 et
1087 2052 1322 2133 aequivocatio·

144 2171 231 2237 nibus
265 2173 540 2259 praecluderetur
569 2173 691 2244 aditus,
723 2192 880 2257 expresse
913 2170 1107 2258 significavit
1142 2171 1322 2257 delegantis

143 2297 362 2370 intentionem,
390 2298 520 2364 diversa
550 2299 762 2382 conceptione
793 2297 985 2372 verborum
1017 2299 1169 2363 nimirum
1201 2298 1320 2362 consti·

143 2432 232 2488 tuens
254 2424 436 2508 Episcopos
459 2423 541 2488 -vel
559 2429 737 2506 tamquam
752 2422 924 2508 detapatos
944 2419 978 2485 S.
997 2421 1104 2493 Sedis,
1121 2421 1173 2487 vel
1190 2459 1201 2468 -
1219 2421 1321 2486 etiam

144 2552 318 2632 tamquam
339 2547 438 2614 Sedis
458 2547 676 2632 apostolicae
697 2547 879 2634 delepatos.
898 2582 915 2595 -
933 2548 976 2613 Et
992 2546 1023 2613 S.
1042 2546 1160 2632 Congr.
1185 2546 1320 2613 concilii

144 2672 271 2753 pluries,
288 2674 337 2757 uti
353 2674 522 2738 retulimus
545 2674 578 2737 in
602 2675 667 2740 aot.
684 2675 712 2747 Ι,
737 2672 1077 2753 acaemetarum,
1101 2670 1141 2736 ab
1162 2672 1321 2756 Episcopo

145 2800 335 2863 sententiam
370 2797 498 2863 ferente
530 2834 547 2847 -
581 2798 685 2864 etiam
715 2804 891 2884 tamquam
922 2798 1075 2885 deleaute
1106 2798 1322 2882 apostoticae

146 2921 236 2989 Sedis
251 2924 325 2987 -in
348 2924 487 3008 negotiis
510 2942 637 3007 quoqne
660 2923 892 2995 criminalibus.
920 2942 937 2987 a
962 2942 1033 2990 aaa
1056 2940 1126 2989 esec
1150 2923 1213 2990 boo
1237 2942 1321 2989 casa

144 3064 271 3113 necarer
296 3048 345 3113 ad
367 3048 483 3130 Apost.
509 3047 633 3114 Sedent
655 3049 879 3131 appellare».

227 3171 1320 3257 164.Iudicesrero,praeterordinationemhierarchicamhebent

145 3290 376 3358 ordinationem
390 3293 641 3367 taritarialem
658 3296 691 3357 ri
708 3296 799 3359 cuius
814 3314 904 3360 suem
920 3297 1165 3379 competentiam
1185 3298 1319 3381 quisque

146 3412 245 3489 index,
269 3413 410 3479 inferior
433 3414 580 3479 Romano
601 3412 770 3489 Pantitae,
795 3415 998 3482 administrat
1013 3436 1078 3482 non
1094 3419 1127 3482 in
1147 3420 1321 3484 universos

144 3532 248 3603 fideles
263 3538 323 3604 sed
337 3544 462 3605 tantum
477 3542 511 3605 in
526 3540 741 3606 determinato
756 3541 933 3606 territorio.
950 3578 965 3589 ·
983 3542 1073 3617 Quae
1094 3542 1320 3610 determinatio

145 3664 374 3747 competentiae
395 3665 530 3732 ratione
553 3665 726 3737 territorii,
742 3665 874 3731 inducta
889 3672 940 3732 est
954 3669 1129 3753 praecipue
1150 3670 1183 3733 in
1200 3666 1318 3734 bonum

144 3784 281 3869 ipsorum
304 3784 457 3859 fidelium,
481 3790 534 3872 qui
563 3790 610 3853 ita
639 3788 775 3855 subsunt
805 3793 1043 3876 competentiae
1074 3793 1160 3857 illius
1194 3792 1318 3876 iudicis,

144 3924 230 3988 quem
253 3909 354 3974 facile
375 3909 477 3982 adire,
492 3915 525 3975 et
547 3910 645 3975 facile
668 3910 788 3976 docere
811 3918 944 3995 possunt
966 3913 1128 3979 factorum
1155 3914 1318 3999 adiuncta,

145 4032 199 4115 ipsi
221 4036 304 4100 scitu
327 4034 479 4100 faciliora
501 4035 542 4101 ob
567 4054 769 4101 communem
792 4040 1055 4103 commorationis
1077 4040 1193 4104 locum.
1213 4040 1317 4115 Quum

145 4175 218 4223 tero
247 4161 369 4225 notorie
398 4181 456 4225 seu
486 4163 687 4227 accusatoris
717 4163 759 4227 eit
785 4182 918 4226 movere
950 4164 1135 4228 instantiam
1164 4165 1317 4231 crimina-

144 4278 212 4355 lem,
234 4282 304 4367 ipse
326 4301 430 4366 aeque
458 4283 659 4369 obtemperat
690 4272 823 4369 regulae
850 4319 867 4329 -
897 4290 993 4351 actor
1023 4286 1177 4369 sequitur
1199 4285 1318 4368 forum

146 4405 191 4468 rei
217 4441 235 4455 ·
260 4405 380 4472 eisdem
403 4406 444 4474 de
467 4408 581 4489 causis,
605 4407 720 4492 quibus
747 4408 810 4473 hoc
841 4410 1035 4497 principium
1067 4411 1232 4479 inductum
1255 4414 1321 4481 fuit
