<?xml version="1.0" encoding="UTF-8"?>
<!DOCTYPE html PUBLIC "-//W3C//DTD XHTML 1.0 Transitional//EN"
    "http://www.w3.org/TR/xhtml1/DTD/xhtml1-transitional.dtd">
<html xmlns="http://www.w3.org/1999/xhtml" xml:lang="en" lang="en">
 <head>
  <title>
</title>
<meta http-equiv="Content-Type" content="text/html;charset=utf-8" />
  <meta name='ocr-system' content='tesseract 3.04.00' />
  <meta name='ocr-capabilities' content='ocr_page ocr_carea ocr_par ocr_line ocrx_word'/>
</head>
<body>
  <div class='ocr_page' id='page_1' title='image "./praelectionesin00legagoog_0609.png"; bbox 0 0 3350 5100; ppageno 0'>
   <div class='ocr_carea' id='block_1_1' title="bbox 608 317 1336 384">
    <p class='ocr_par' dir='ltr' id='par_1_1' title="bbox 608 317 1336 384">
     <span class='ocr_line' id='line_1_1' title="bbox 608 317 1336 384; baseline -0.004 0"><span class='ocrx_word' id='word_1_1' title='bbox 608 335 815 384; x_wconf 76' lang='lat' dir='ltr'><strong>mandarun</strong></span> <span class='ocrx_word' id='word_1_2' title='bbox 839 335 887 383; x_wconf 83' lang='lat' dir='ltr'><strong>iv.</strong></span> <span class='ocrx_word' id='word_1_3' title='bbox 1270 317 1336 384; x_wconf 83' lang='lat'><strong>607</strong></span> 
     </span>
    </p>
   </div>
   <div class='ocr_carea' id='block_1_2' title="bbox 114 456 1413 3630">
    <p class='ocr_par' dir='ltr' id='par_1_2' title="bbox 114 456 1413 2457">
     <span class='ocr_line' id='line_1_2' title="bbox 144 456 1333 526; baseline -0.003 -12"><span class='ocrx_word' id='word_1_4' title='bbox 144 459 272 514; x_wconf 86' lang='lat' dir='ltr'><strong>solutum</strong></span> <span class='ocrx_word' id='word_1_5' title='bbox 296 459 390 526; x_wconf 81' lang='lat' dir='ltr'><strong>fnisse,</strong></span> <span class='ocrx_word' id='word_1_6' title='bbox 408 475 493 512; x_wconf 85' lang='lat' dir='ltr'><strong>causa</strong></span> <span class='ocrx_word' id='word_1_7' title='bbox 513 457 543 512; x_wconf 92' lang='lat' dir='ltr'><strong>in</strong></span> <span class='ocrx_word' id='word_1_8' title='bbox 560 459 686 513; x_wconf 83' lang='lat' dir='ltr'><strong>savorem</strong></span> <span class='ocrx_word' id='word_1_9' title='bbox 710 458 823 514; x_wconf 88' lang='lat' dir='ltr'><strong>secundi</strong></span> <span class='ocrx_word' id='word_1_10' title='bbox 848 457 1019 512; x_wconf 77' lang='lat' dir='ltr'><strong>matrimonii</strong></span> <span class='ocrx_word' id='word_1_11' title='bbox 1039 475 1057 511; x_wconf 89' lang='lat' dir='ltr'><strong>a</strong></span> <span class='ocrx_word' id='word_1_12' title='bbox 1075 457 1211 513; x_wconf 84' lang='lat' dir='ltr'><strong>tribunali</strong></span> <span class='ocrx_word' id='word_1_13' title='bbox 1237 456 1333 512; x_wconf 85' lang='lat' dir='ltr'><strong>catho-</strong></span> 
     </span>
     <span class='ocr_line' id='line_1_3' title="bbox 145 546 1371 636; baseline -0.002 -16"><span class='ocrx_word' id='word_1_14' title='bbox 145 566 205 620; x_wconf 93' lang='lat' dir='ltr'><strong>lico</strong></span> <span class='ocrx_word' id='word_1_15' title='bbox 223 583 259 621; x_wconf 90' lang='lat' dir='ltr'><strong>ne</strong></span> <span class='ocrx_word' id='word_1_16' title='bbox 277 565 449 621; x_wconf 86' lang='lat' dir='ltr'><strong>admittenda</strong></span> <span class='ocrx_word' id='word_1_17' title='bbox 470 565 582 636; x_wconf 89' lang='lat' dir='ltr'><strong>quidem</strong></span> <span class='ocrx_word' id='word_1_18' title='bbox 600 581 649 620; x_wconf 92' lang='lat' dir='ltr'><strong>seu</strong></span> <span class='ocrx_word' id='word_1_19' title='bbox 668 563 872 620; x_wconf 86' lang='lat' dir='ltr'><strong>introducenda</strong></span> <span class='ocrx_word' id='word_1_20' title='bbox 889 564 953 620; x_wconf 88' lang='lat' dir='ltr'><strong>erit.</strong></span> <span class='ocrx_word' id='word_1_21' title='bbox 972 565 1002 619; x_wconf 87' lang='lat' dir='ltr'><strong>Si</strong></span> <span class='ocrx_word' id='word_1_22' title='bbox 1021 581 1087 620; x_wconf 84' lang='lat' dir='ltr'><strong>vero</strong></span> <span class='ocrx_word' id='word_1_23' title='bbox 1105 563 1230 618; x_wconf 87' lang='lat' dir='ltr'><strong>eiusdem</strong></span> <span class='ocrx_word' id='word_1_24' title='bbox 1248 563 1337 618; x_wconf 85' lang='lat' dir='ltr'><strong>diesc-</strong></span> <span class='ocrx_word' id='word_1_25' title='bbox 1367 546 1371 552; x_wconf 37' lang='lat'>⁵</span> 
     </span>
     <span class='ocr_line' id='line_1_4' title="bbox 145 670 1336 739; baseline -0.003 -13"><span class='ocrx_word' id='word_1_26' title='bbox 145 672 221 726; x_wconf 90' lang='lat' dir='ltr'><strong>lntio</strong></span> <span class='ocrx_word' id='word_1_27' title='bbox 239 672 325 726; x_wconf 85' lang='lat' dir='ltr'><strong>suerit</strong></span> <span class='ocrx_word' id='word_1_28' title='bbox 342 671 456 726; x_wconf 88' lang='lat' dir='ltr'><strong>decreta</strong></span> <span class='ocrx_word' id='word_1_29' title='bbox 473 673 509 725; x_wconf 92' lang='lat' dir='ltr'><strong>ob</strong></span> <span class='ocrx_word' id='word_1_30' title='bbox 527 671 615 726; x_wconf 87' lang='lat' dir='ltr'><strong>alium</strong></span> <span class='ocrx_word' id='word_1_31' title='bbox 634 671 750 724; x_wconf 87' lang='lat' dir='ltr'><strong>titulum</strong></span> <span class='ocrx_word' id='word_1_32' title='bbox 769 687 786 724; x_wconf 89' lang='lat' dir='ltr'><strong>a</strong></span> <span class='ocrx_word' id='word_1_33' title='bbox 804 671 865 726; x_wconf 88' lang='lat' dir='ltr'><strong>iure</strong></span> <span class='ocrx_word' id='word_1_34' title='bbox 885 671 1020 725; x_wconf 91' lang='lat' dir='ltr'><strong>canonico</strong></span> <span class='ocrx_word' id='word_1_35' title='bbox 1041 671 1227 739; x_wconf 79' lang='lat' dir='ltr'><strong>recognitum,</strong></span> <span class='ocrx_word' id='word_1_36' title='bbox 1246 670 1336 726; x_wconf 89' lang='lat' dir='ltr'><strong>scien·</strong></span> 
     </span>
     <span class='ocr_line' id='line_1_5' title="bbox 144 768 1336 842; baseline 0 -12"><span class='ocrx_word' id='word_1_37' title='bbox 144 775 216 830; x_wconf 90' lang='lat' dir='ltr'><strong>dum</strong></span> <span class='ocrx_word' id='word_1_38' title='bbox 233 782 286 842; x_wconf 88' lang='lat' dir='ltr'><strong>est,</strong></span> <span class='ocrx_word' id='word_1_39' title='bbox 304 780 369 830; x_wconf 87' lang='lat' dir='ltr'><strong>acta</strong></span> <span class='ocrx_word' id='word_1_40' title='bbox 385 793 403 830; x_wconf 90' lang='lat' dir='ltr'><strong>a</strong></span> <span class='ocrx_word' id='word_1_41' title='bbox 421 768 554 830; x_wconf 89' lang='lat' dir='ltr'><strong>tribunali</strong></span> <span class='ocrx_word' id='word_1_42' title='bbox 574 775 718 831; x_wconf 86' lang='lat' dir='ltr'><strong>haeretico</strong></span> <span class='ocrx_word' id='word_1_43' title='bbox 736 778 864 831; x_wconf 82' lang='lat' dir='ltr'><strong>confecta</strong></span> <span class='ocrx_word' id='word_1_44' title='bbox 882 777 978 831; x_wconf 86' lang='lat' dir='ltr'><strong>valore</strong></span> <span class='ocrx_word' id='word_1_45' title='bbox 995 776 1115 830; x_wconf 89' lang='lat' dir='ltr'><strong>inridicc</strong></span> <span class='ocrx_word' id='word_1_46' title='bbox 1133 776 1238 842; x_wconf 81' lang='lat' dir='ltr'><strong>carere,</strong></span> <span class='ocrx_word' id='word_1_47' title='bbox 1250 780 1280 830; x_wconf 87' lang='lat' dir='ltr'><strong>et</strong></span> <span class='ocrx_word' id='word_1_48' title='bbox 1299 791 1336 830; x_wconf 81' lang='lat' dir='ltr'><strong>ex</strong></span> 
     </span>
     <span class='ocr_line' id='line_1_6' title="bbox 145 870 1335 954; baseline -0.002 -16"><span class='ocrx_word' id='word_1_49' title='bbox 145 883 218 954; x_wconf 85' lang='lat' dir='ltr'><strong>ipsis</strong></span> <span class='ocrx_word' id='word_1_50' title='bbox 236 883 409 938; x_wconf 75' lang='lat' dir='ltr'><strong>solummodo</strong></span> <span class='ocrx_word' id='word_1_51' title='bbox 426 870 559 938; x_wconf 82' lang='lat' dir='ltr'><strong>iudicium</strong></span> <span class='ocrx_word' id='word_1_52' title='bbox 575 885 704 953; x_wconf 80' lang='lat' dir='ltr'><strong>proferre</strong></span> <span class='ocrx_word' id='word_1_53' title='bbox 722 883 863 938; x_wconf 89' lang='lat' dir='ltr'><strong>catholico</strong></span> <span class='ocrx_word' id='word_1_54' title='bbox 887 884 972 938; x_wconf 91' lang='lat' dir='ltr'><strong>iudici</strong></span> <span class='ocrx_word' id='word_1_55' title='bbox 991 884 1107 940; x_wconf 89' lang='lat' dir='ltr'><strong>minime</strong></span> <span class='ocrx_word' id='word_1_56' title='bbox 1129 883 1223 938; x_wconf 88' lang='lat' dir='ltr'><strong>licere.</strong></span> <span class='ocrx_word' id='word_1_57' title='bbox 1242 882 1335 944; x_wconf 83' lang='lat' dir='ltr'><strong>Quare</strong></span> 
     </span>
     <span class='ocr_line' id='line_1_7' title="bbox 147 990 1335 1060; baseline -0.003 -14"><span class='ocrx_word' id='word_1_58' title='bbox 147 996 218 1046; x_wconf 87' lang='lat' dir='ltr'><strong>tunc</strong></span> <span class='ocrx_word' id='word_1_59' title='bbox 237 1007 321 1044; x_wconf 86' lang='lat' dir='ltr'><strong>causa</strong></span> <span class='ocrx_word' id='word_1_60' title='bbox 339 1007 374 1046; x_wconf 80' lang='lat' dir='ltr'><strong>ex</strong></span> <span class='ocrx_word' id='word_1_61' title='bbox 391 991 502 1060; x_wconf 80' lang='lat' dir='ltr'><strong>integro</strong></span> <span class='ocrx_word' id='word_1_62' title='bbox 520 991 576 1046; x_wconf 90' lang='lat' dir='ltr'><strong>erit</strong></span> <span class='ocrx_word' id='word_1_63' title='bbox 593 990 774 1057; x_wconf 89' lang='lat' dir='ltr'><strong>instituenda,</strong></span> <span class='ocrx_word' id='word_1_64' title='bbox 793 995 822 1046; x_wconf 89' lang='lat' dir='ltr'><strong>et</strong></span> <span class='ocrx_word' id='word_1_65' title='bbox 841 990 921 1046; x_wconf 84' lang='lat' dir='ltr'><strong>iuxta</strong></span> <span class='ocrx_word' id='word_1_66' title='bbox 938 1009 975 1045; x_wconf 84' lang='lat' dir='ltr'><strong>ss.</strong></span> <span class='ocrx_word' id='word_1_67' title='bbox 988 1007 1110 1046; x_wconf 72' lang='lat' dir='ltr'><strong>meones</strong></span> <span class='ocrx_word' id='word_1_68' title='bbox 1129 990 1335 1060; x_wconf 88' lang='lat' dir='ltr'><strong>pertractanda.</strong></span> 
     </span>
     <span class='ocr_line' id='line_1_8' title="bbox 149 1096 1336 1168; baseline 0 -18"><span class='ocrx_word' id='word_1_69' title='bbox 149 1097 278 1152; x_wconf 89' lang='lat' dir='ltr'><strong>Vetitum</strong></span> <span class='ocrx_word' id='word_1_70' title='bbox 292 1107 385 1153; x_wconf 88' lang='lat' dir='ltr'><strong>tamen</strong></span> <span class='ocrx_word' id='word_1_71' title='bbox 399 1114 454 1152; x_wconf 92' lang='lat' dir='ltr'><strong>non</strong></span> <span class='ocrx_word' id='word_1_72' title='bbox 466 1103 519 1164; x_wconf 87' lang='lat' dir='ltr'><strong>est,</strong></span> <span class='ocrx_word' id='word_1_73' title='bbox 530 1099 586 1152; x_wconf 91' lang='lat' dir='ltr'><strong>imo</strong></span> <span class='ocrx_word' id='word_1_74' title='bbox 598 1097 749 1168; x_wconf 86' lang='lat' dir='ltr'><strong>aliquando</strong></span> <span class='ocrx_word' id='word_1_75' title='bbox 761 1098 899 1168; x_wconf 83' lang='lat' dir='ltr'><strong>expediet,</strong></span> <span class='ocrx_word' id='word_1_76' title='bbox 914 1102 946 1153; x_wconf 92' lang='lat' dir='ltr'><strong>ut</strong></span> <span class='ocrx_word' id='word_1_77' title='bbox 958 1103 1023 1152; x_wconf 88' lang='lat' dir='ltr'><strong>acta</strong></span> <span class='ocrx_word' id='word_1_78' title='bbox 1035 1097 1187 1153; x_wconf 88' lang='lat' dir='ltr'><strong>tribunalis</strong></span> <span class='ocrx_word' id='word_1_79' title='bbox 1198 1096 1336 1152; x_wconf 88' lang='lat' dir='ltr'><strong>haeretici</strong></span> 
     </span>
     <span class='ocr_line' id='line_1_9' title="bbox 148 1191 1413 1277; baseline 0 -19"><span class='ocrx_word' id='word_1_80' title='bbox 148 1206 338 1276; x_wconf 72' lang='lat' dir='ltr'><strong>requirantur,</strong></span> <span class='ocrx_word' id='word_1_81' title='bbox 351 1222 406 1277; x_wconf 92' lang='lat' dir='ltr'><strong>quo</strong></span> <span class='ocrx_word' id='word_1_82' title='bbox 419 1205 527 1276; x_wconf 80' lang='lat' dir='ltr'><strong>plenior</strong></span> <span class='ocrx_word' id='word_1_83' title='bbox 545 1208 682 1260; x_wconf 84' lang='lat' dir='ltr'><strong>factorum</strong></span> <span class='ocrx_word' id='word_1_84' title='bbox 695 1210 725 1262; x_wconf 87' lang='lat' dir='ltr'><strong>et</strong></span> <span class='ocrx_word' id='word_1_85' title='bbox 737 1206 1012 1261; x_wconf 75' lang='lat' dir='ltr'><strong>circumstantiarum</strong></span> <span class='ocrx_word' id='word_1_86' title='bbox 1028 1207 1155 1276; x_wconf 80' lang='lat' dir='ltr'><strong>cognitio</strong></span> <span class='ocrx_word' id='word_1_87' title='bbox 1167 1206 1334 1276; x_wconf 78' lang='lat' dir='ltr'><strong>attingatur.</strong></span> <span class='ocrx_word' id='word_1_88' title='bbox 1408 1191 1413 1202; x_wconf 61' lang='lat'>¹</span> 
     </span>
     <span class='ocr_line' id='line_1_10' title="bbox 146 1311 1345 1384; baseline 0.002 -16"><span class='ocrx_word' id='word_1_89' title='bbox 146 1315 209 1368; x_wconf 89' lang='lat' dir='ltr'><strong>lmo</strong></span> <span class='ocrx_word' id='word_1_90' title='bbox 226 1315 251 1368; x_wconf 86' lang='lat' dir='ltr'><strong>si</strong></span> <span class='ocrx_word' id='word_1_91' title='bbox 269 1314 427 1370; x_wconf 90' lang='lat' dir='ltr'><strong>huiusmodi</strong></span> <span class='ocrx_word' id='word_1_92' title='bbox 445 1315 611 1370; x_wconf 82' lang='lat' dir='ltr'><strong>documenta</strong></span> <span class='ocrx_word' id='word_1_93' title='bbox 629 1331 646 1368; x_wconf 90' lang='lat' dir='ltr'><strong>a</strong></span> <span class='ocrx_word' id='word_1_94' title='bbox 665 1316 792 1384; x_wconf 87' lang='lat' dir='ltr'><strong>partibus</strong></span> <span class='ocrx_word' id='word_1_95' title='bbox 809 1315 917 1370; x_wconf 85' lang='lat' dir='ltr'><strong>fuerint</strong></span> <span class='ocrx_word' id='word_1_96' title='bbox 941 1315 1075 1382; x_wconf 79' lang='lat' dir='ltr'><strong>exhibita,</strong></span> <span class='ocrx_word' id='word_1_97' title='bbox 1098 1314 1246 1369; x_wconf 91' lang='lat' dir='ltr'><strong>dummodo</strong></span> <span class='ocrx_word' id='word_1_98' title='bbox 1263 1311 1345 1370; x_wconf 87' lang='lat' dir='ltr'><strong>nihil</strong></span> 
     </span>
     <span class='ocr_line' id='line_1_11' title="bbox 147 1403 1335 1493; baseline 0.002 -19"><span class='ocrx_word' id='word_1_99' title='bbox 147 1421 227 1475; x_wconf 90' lang='lat' dir='ltr'><strong>aliud</strong></span> <span class='ocrx_word' id='word_1_100' title='bbox 245 1423 348 1489; x_wconf 89' lang='lat' dir='ltr'><strong>obstet,</strong></span> <span class='ocrx_word' id='word_1_101' title='bbox 361 1403 493 1492; x_wconf 83' lang='lat' dir='ltr'><strong>poterunt</strong></span> <span class='ocrx_word' id='word_1_102' title='bbox 509 1421 645 1486; x_wconf 87' lang='lat' dir='ltr'><strong>adhiberi,</strong></span> <span class='ocrx_word' id='word_1_103' title='bbox 658 1425 743 1493; x_wconf 90' lang='lat' dir='ltr'><strong>atque</strong></span> <span class='ocrx_word' id='word_1_104' title='bbox 762 1438 796 1477; x_wconf 82' lang='lat' dir='ltr'><strong>ex</strong></span> <span class='ocrx_word' id='word_1_105' title='bbox 816 1421 876 1476; x_wconf 87' lang='lat' dir='ltr'><strong>illis</strong></span> <span class='ocrx_word' id='word_1_106' title='bbox 893 1421 997 1476; x_wconf 91' lang='lat' dir='ltr'><strong>indicia</strong></span> <span class='ocrx_word' id='word_1_107' title='bbox 1009 1422 1114 1492; x_wconf 81' lang='lat' dir='ltr'><strong>colligi.</strong></span> <span class='ocrx_word' id='word_1_108' title='bbox 1128 1423 1227 1477; x_wconf 87' lang='lat' dir='ltr'><strong>Partes</strong></span> <span class='ocrx_word' id='word_1_109' title='bbox 1238 1426 1335 1476; x_wconf 88' lang='lat' dir='ltr'><strong>tamen</strong></span> 
     </span>
     <span class='ocr_line' id='line_1_12' title="bbox 144 1528 1333 1600; baseline -0.002 -16"><span class='ocrx_word' id='word_1_110' title='bbox 144 1533 233 1584; x_wconf 87' lang='lat' dir='ltr'><strong>erunt</strong></span> <span class='ocrx_word' id='word_1_111' title='bbox 244 1545 354 1599; x_wconf 83' lang='lat' dir='ltr'><strong>semper</strong></span> <span class='ocrx_word' id='word_1_112' title='bbox 365 1529 528 1595; x_wconf 90' lang='lat' dir='ltr'><strong>audiendae,</strong></span> <span class='ocrx_word' id='word_1_113' title='bbox 538 1546 589 1583; x_wconf 88' lang='lat' dir='ltr'><strong>nec</strong></span> <span class='ocrx_word' id='word_1_114' title='bbox 601 1545 665 1597; x_wconf 91' lang='lat' dir='ltr'><strong>ncn,</strong></span> <span class='ocrx_word' id='word_1_115' title='bbox 676 1533 814 1600; x_wconf 87' lang='lat' dir='ltr'><strong>qnatenus</strong></span> <span class='ocrx_word' id='word_1_116' title='bbox 826 1530 888 1584; x_wconf 83' lang='lat' dir='ltr'><strong>fieri</strong></span> <span class='ocrx_word' id='word_1_117' title='bbox 902 1530 1014 1599; x_wconf 90' lang='lat' dir='ltr'><strong>poterit,</strong></span> <span class='ocrx_word' id='word_1_118' title='bbox 1029 1531 1115 1584; x_wconf 91' lang='lat' dir='ltr'><strong>etiam</strong></span> <span class='ocrx_word' id='word_1_119' title='bbox 1129 1533 1215 1585; x_wconf 88' lang='lat' dir='ltr'><strong>testes</strong></span> <span class='ocrx_word' id='word_1_120' title='bbox 1227 1528 1333 1598; x_wconf 76' lang='lat' dir='ltr'><strong>singuli</strong></span> 
     </span>
     <span class='ocr_line' id='line_1_13' title="bbox 145 1633 1341 1715; baseline 0 -25"><span class='ocrx_word' id='word_1_121' title='bbox 145 1637 252 1690; x_wconf 87' lang='lat' dir='ltr'><strong>iterum</strong></span> <span class='ocrx_word' id='word_1_122' title='bbox 265 1635 294 1688; x_wconf 91' lang='lat' dir='ltr'><strong>in</strong></span> <span class='ocrx_word' id='word_1_123' title='bbox 306 1634 439 1690; x_wconf 90' lang='lat' dir='ltr'><strong>iudicium</strong></span> <span class='ocrx_word' id='word_1_124' title='bbox 451 1633 578 1700; x_wconf 83' lang='lat' dir='ltr'><strong>vocandi,</strong></span> <span class='ocrx_word' id='word_1_125' title='bbox 599 1640 628 1690; x_wconf 88' lang='lat' dir='ltr'><strong>et</strong></span> <span class='ocrx_word' id='word_1_126' title='bbox 646 1635 838 1704; x_wconf 75' lang='lat' dir='ltr'><strong>interrogandi</strong></span> <span class='ocrx_word' id='word_1_127' title='bbox 858 1636 892 1690; x_wconf 89' lang='lat' dir='ltr'><strong>ad</strong></span> <span class='ocrx_word' id='word_1_128' title='bbox 911 1653 1036 1690; x_wconf 87' lang='lat' dir='ltr'><strong>normam</strong></span> <span class='ocrx_word' id='word_1_129' title='bbox 1050 1635 1149 1690; x_wconf 86' lang='lat' dir='ltr'><strong>barum</strong></span> <span class='ocrx_word' id='word_1_130' title='bbox 1162 1635 1341 1715; x_wconf 37' lang='lat' dir='ltr'><strong>regularum,</strong></span> 
     </span>
     <span class='ocr_line' id='line_1_14' title="bbox 145 1717 1335 1814; baseline 0.002 -18"><span class='ocrx_word' id='word_1_131' title='bbox 145 1741 245 1814; x_wconf 88' lang='lat' dir='ltr'><strong>Neque</strong></span> <span class='ocrx_word' id='word_1_132' title='bbox 264 1717 420 1797; x_wconf 84' lang='lat' dir='ltr'><strong>omittenda</strong></span> <span class='ocrx_word' id='word_1_133' title='bbox 437 1743 555 1798; x_wconf 84' lang='lat' dir='ltr'><strong>aliarum</strong></span> <span class='ocrx_word' id='word_1_134' title='bbox 575 1759 755 1812; x_wconf 86' lang='lat' dir='ltr'><strong>personarum</strong></span> <span class='ocrx_word' id='word_1_135' title='bbox 777 1743 896 1798; x_wconf 89' lang='lat' dir='ltr'><strong>iuridica</strong></span> <span class='ocrx_word' id='word_1_136' title='bbox 913 1742 1051 1813; x_wconf 79' lang='lat' dir='ltr'><strong>depositio</strong></span> <span class='ocrx_word' id='word_1_137' title='bbox 1069 1744 1092 1797; x_wconf 89' lang='lat' dir='ltr'><strong>si</strong></span> <span class='ocrx_word' id='word_1_138' title='bbox 1112 1743 1209 1798; x_wconf 88' lang='lat' dir='ltr'><strong>adesse</strong></span> <span class='ocrx_word' id='word_1_139' title='bbox 1230 1759 1335 1813; x_wconf 80' lang='lat' dir='ltr'><strong>cogno-</strong></span> 
     </span>
     <span class='ocr_line' id='line_1_15' title="bbox 144 1845 1333 1920; baseline 0.001 -19"><span class='ocrx_word' id='word_1_140' title='bbox 144 1853 277 1914; x_wconf 86' lang='lat' dir='ltr'><strong>scantur;</strong></span> <span class='ocrx_word' id='word_1_141' title='bbox 295 1849 369 1902; x_wconf 89' lang='lat' dir='ltr'><strong>sicut</strong></span> <span class='ocrx_word' id='word_1_142' title='bbox 385 1864 475 1918; x_wconf 90' lang='lat' dir='ltr'><strong>neque</strong></span> <span class='ocrx_word' id='word_1_143' title='bbox 494 1845 551 1902; x_wconf 90' lang='lat' dir='ltr'><strong>alia</strong></span> <span class='ocrx_word' id='word_1_144' title='bbox 562 1852 634 1914; x_wconf 89' lang='lat' dir='ltr'><strong>acta,</strong></span> <span class='ocrx_word' id='word_1_145' title='bbox 648 1865 719 1920; x_wconf 90' lang='lat' dir='ltr'><strong>quae</strong></span> <span class='ocrx_word' id='word_1_146' title='bbox 732 1848 778 1904; x_wconf 87' lang='lat' dir='ltr'><strong>vel</strong></span> <span class='ocrx_word' id='word_1_147' title='bbox 791 1849 950 1903; x_wconf 89' lang='lat' dir='ltr'><strong>moderator</strong></span> <span class='ocrx_word' id='word_1_148' title='bbox 962 1848 1006 1903; x_wconf 91' lang='lat' dir='ltr'><strong>vel</strong></span> <span class='ocrx_word' id='word_1_149' title='bbox 1020 1848 1148 1904; x_wconf 84' lang='lat' dir='ltr'><strong>defensor</strong></span> <span class='ocrx_word' id='word_1_150' title='bbox 1161 1848 1333 1904; x_wconf 88' lang='lat' dir='ltr'><strong>matrimonii</strong></span> 
     </span>
     <span class='ocr_line' id='line_1_16' title="bbox 145 1955 1334 2026; baseline 0 -16"><span class='ocrx_word' id='word_1_151' title='bbox 145 1956 307 2010; x_wconf 85' lang='lat' dir='ltr'><strong>necessaria</strong></span> <span class='ocrx_word' id='word_1_152' title='bbox 326 1957 525 2026; x_wconf 88' lang='lat' dir='ltr'><strong>reputaverint.</strong></span> <span class='ocrx_word' id='word_1_153' title='bbox 543 1955 572 2009; x_wconf 91' lang='lat' dir='ltr'><strong>Si</strong></span> <span class='ocrx_word' id='word_1_154' title='bbox 588 1957 731 2026; x_wconf 79' lang='lat' dir='ltr'><strong>perpensis</strong></span> <span class='ocrx_word' id='word_1_155' title='bbox 750 1957 880 2026; x_wconf 88' lang='lat' dir='ltr'><strong>omnibus</strong></span> <span class='ocrx_word' id='word_1_156' title='bbox 898 1956 982 2011; x_wconf 88' lang='lat' dir='ltr'><strong>index</strong></span> <span class='ocrx_word' id='word_1_157' title='bbox 1000 1958 1150 2023; x_wconf 87' lang='lat' dir='ltr'><strong>censuerit,</strong></span> <span class='ocrx_word' id='word_1_158' title='bbox 1162 1957 1334 2012; x_wconf 89' lang='lat' dir='ltr'><strong>sententiam</strong></span> 
     </span>
     <span class='ocr_line' id='line_1_17' title="bbox 144 2038 1335 2132; baseline 0 -17"><span class='ocrx_word' id='word_1_159' title='bbox 144 2060 311 2116; x_wconf 78' lang='lat' dir='ltr'><strong>edicendam</strong></span> <span class='ocrx_word' id='word_1_160' title='bbox 330 2077 390 2116; x_wconf 86' lang='lat' dir='ltr'><strong>esse</strong></span> <span class='ocrx_word' id='word_1_161' title='bbox 405 2062 575 2116; x_wconf 80' lang='lat' dir='ltr'><strong>conformem</strong></span> <span class='ocrx_word' id='word_1_162' title='bbox 587 2062 745 2116; x_wconf 87' lang='lat' dir='ltr'><strong>sententiae</strong></span> <span class='ocrx_word' id='word_1_163' title='bbox 755 2038 781 2114; x_wconf 79' lang='lat' dir='ltr'><strong>¹u</strong></span> <span class='ocrx_word' id='word_1_164' title='bbox 801 2061 935 2116; x_wconf 90' lang='lat' dir='ltr'><strong>tribunali</strong></span> <span class='ocrx_word' id='word_1_165' title='bbox 948 2061 1091 2116; x_wconf 87' lang='lat' dir='ltr'><strong>haeretico</strong></span> <span class='ocrx_word' id='word_1_166' title='bbox 1104 2061 1241 2132; x_wconf 86' lang='lat' dir='ltr'><strong>prolatae,</strong></span> <span class='ocrx_word' id='word_1_167' title='bbox 1253 2079 1335 2116; x_wconf 88' lang='lat' dir='ltr'><strong>num·</strong></span> 
     </span>
     <span class='ocr_line' id='line_1_18' title="bbox 114 2167 1336 2239; baseline 0.004 -17"><span class='ocrx_word' id='word_1_168' title='bbox 114 2191 118 2200; x_wconf 91' lang='lat'><em>·</em></span> <span class='ocrx_word' id='word_1_169' title='bbox 145 2183 235 2239; x_wconf 85' lang='lat' dir='ltr'><strong>quum</strong></span> <span class='ocrx_word' id='word_1_170' title='bbox 261 2171 354 2221; x_wconf 90' lang='lat' dir='ltr'><strong>tamen</strong></span> <span class='ocrx_word' id='word_1_171' title='bbox 377 2167 461 2221; x_wconf 90' lang='lat' dir='ltr'><strong>istam</strong></span> <span class='ocrx_word' id='word_1_172' title='bbox 486 2169 656 2222; x_wconf 88' lang='lat' dir='ltr'><strong>sententiam</strong></span> <span class='ocrx_word' id='word_1_173' title='bbox 680 2172 823 2239; x_wconf 87' lang='lat' dir='ltr'><strong>tamquam</strong></span> <span class='ocrx_word' id='word_1_174' title='bbox 848 2169 891 2222; x_wconf 92' lang='lat' dir='ltr'><strong>sui</strong></span> <span class='ocrx_word' id='word_1_175' title='bbox 917 2169 1012 2222; x_wconf 90' lang='lat' dir='ltr'><strong>iudicii</strong></span> <span class='ocrx_word' id='word_1_176' title='bbox 1041 2170 1177 2224; x_wconf 81' lang='lat' dir='ltr'><strong>motivum</strong></span> <span class='ocrx_word' id='word_1_177' title='bbox 1203 2170 1336 2228; x_wconf 88' lang='lat' dir='ltr'><strong>invocare</strong></span> 
     </span>
     <span class='ocr_line' id='line_1_19' title="bbox 144 2275 1337 2347; baseline 0.005 -19"><span class='ocrx_word' id='word_1_178' title='bbox 144 2275 278 2341; x_wconf 77' lang='lat' dir='ltr'><strong>debebit3</strong></span> <span class='ocrx_word' id='word_1_179' title='bbox 297 2293 387 2347; x_wconf 87' lang='lat' dir='ltr'><strong>neque</strong></span> <span class='ocrx_word' id='word_1_180' title='bbox 407 2275 564 2330; x_wconf 91' lang='lat' dir='ltr'><strong>ullomodo</strong></span> <span class='ocrx_word' id='word_1_181' title='bbox 583 2281 646 2346; x_wconf 89' lang='lat' dir='ltr'><strong>post</strong></span> <span class='ocrx_word' id='word_1_182' title='bbox 668 2293 729 2330; x_wconf 87' lang='lat' dir='ltr'><strong>eam</strong></span> <span class='ocrx_word' id='word_1_183' title='bbox 754 2277 970 2332; x_wconf 80' lang='lat' dir='ltr'><strong>existimandum</strong></span> <span class='ocrx_word' id='word_1_184' title='bbox 989 2279 1053 2345; x_wconf 90' lang='lat' dir='ltr'><strong>erit,</strong></span> <span class='ocrx_word' id='word_1_185' title='bbox 1072 2278 1141 2331; x_wconf 80' lang='lat' dir='ltr'><strong>duas</strong></span> <span class='ocrx_word' id='word_1_186' title='bbox 1159 2279 1255 2334; x_wconf 85' lang='lat' dir='ltr'><strong>adesse</strong></span> <span class='ocrx_word' id='word_1_187' title='bbox 1273 2296 1337 2336; x_wconf 90' lang='lat' dir='ltr'><strong>sen-</strong></span> 
     </span>
     <span class='ocr_line' id='line_1_20' title="bbox 145 2385 1025 2457; baseline -0.001 -18"><span class='ocrx_word' id='word_1_188' title='bbox 145 2385 253 2440; x_wconf 85' lang='lat' dir='ltr'><strong>tentias</strong></span> <span class='ocrx_word' id='word_1_189' title='bbox 271 2387 436 2451; x_wconf 82' lang='lat' dir='ltr'><strong>conformes,</strong></span> <span class='ocrx_word' id='word_1_190' title='bbox 457 2385 591 2456; x_wconf 84' lang='lat' dir='ltr'><strong>aquibus</strong></span> <span class='ocrx_word' id='word_1_191' title='bbox 609 2402 722 2441; x_wconf 88' lang='lat' dir='ltr'><strong>necesse</strong></span> <span class='ocrx_word' id='word_1_192' title='bbox 742 2402 798 2440; x_wconf 91' lang='lat' dir='ltr'><strong>non</strong></span> <span class='ocrx_word' id='word_1_193' title='bbox 817 2385 855 2440; x_wconf 87' lang='lat' dir='ltr'><strong>sit</strong></span> <span class='ocrx_word' id='word_1_194' title='bbox 873 2386 1025 2457; x_wconf 86' lang='lat' dir='ltr'><strong>appellare.</strong></span> 
     </span>
    </p>

    <p class='ocr_par' dir='ltr' id='par_1_3' title="bbox 145 2490 1345 3630">
     <span class='ocr_line' id='line_1_21' title="bbox 240 2490 1327 2560; baseline 0.005 -17"><span class='ocrx_word' id='word_1_195' title='bbox 240 2491 254 2558; x_wconf 65' lang='lat' dir='ltr'><strong>i</strong></span> <span class='ocrx_word' id='word_1_196' title='bbox 273 2491 316 2545; x_wconf 80' lang='lat'><strong>45.</strong></span> <span class='ocrx_word' id='word_1_197' title='bbox 335 2490 430 2553; x_wconf 85' lang='lat' dir='ltr'><strong>Quoad</strong></span> <span class='ocrx_word' id='word_1_198' title='bbox 448 2492 626 2546; x_wconf 88' lang='lat' dir='ltr'><strong>matrimonia</strong></span> <span class='ocrx_word' id='word_1_199' title='bbox 644 2492 673 2546; x_wconf 92' lang='lat' dir='ltr'><strong>in</strong></span> <span class='ocrx_word' id='word_1_200' title='bbox 693 2492 860 2547; x_wconf 83' lang='lat' dir='ltr'><strong>infidelitate</strong></span> <span class='ocrx_word' id='word_1_201' title='bbox 879 2496 1033 2560; x_wconf 88' lang='lat' dir='ltr'><strong>contracta,</strong></span> <span class='ocrx_word' id='word_1_202' title='bbox 1058 2493 1082 2546; x_wconf 92' lang='lat' dir='ltr'><strong>si</strong></span> <span class='ocrx_word' id='word_1_203' title='bbox 1104 2493 1174 2548; x_wconf 89' lang='lat' dir='ltr'><strong>haec</strong></span> <span class='ocrx_word' id='word_1_204' title='bbox 1191 2492 1327 2548; x_wconf 87' lang='lat' dir='ltr'><strong>dissoluta</strong></span> 
     </span>
     <span class='ocr_line' id='line_1_22' title="bbox 145 2598 1334 2672; baseline 0.002 -19"><span class='ocrx_word' id='word_1_205' title='bbox 145 2599 278 2653; x_wconf 88' lang='lat' dir='ltr'><strong>dicantur</strong></span> <span class='ocrx_word' id='word_1_206' title='bbox 296 2616 347 2668; x_wconf 90' lang='lat' dir='ltr'><strong>per</strong></span> <span class='ocrx_word' id='word_1_207' title='bbox 364 2599 532 2655; x_wconf 85' lang='lat' dir='ltr'><strong>sententiam</strong></span> <span class='ocrx_word' id='word_1_208' title='bbox 550 2600 654 2654; x_wconf 88' lang='lat' dir='ltr'><strong>editam</strong></span> <span class='ocrx_word' id='word_1_209' title='bbox 667 2598 711 2655; x_wconf 84' lang='lat' dir='ltr'><strong>vel</strong></span> <span class='ocrx_word' id='word_1_210' title='bbox 732 2602 766 2654; x_wconf 92' lang='lat' dir='ltr'><strong>ab</strong></span> <span class='ocrx_word' id='word_1_211' title='bbox 786 2600 956 2655; x_wconf 87' lang='lat' dir='ltr'><strong>auctoritate</strong></span> <span class='ocrx_word' id='word_1_212' title='bbox 975 2600 1062 2664; x_wconf 86' lang='lat' dir='ltr'><strong>civili,</strong></span> <span class='ocrx_word' id='word_1_213' title='bbox 1077 2600 1121 2655; x_wconf 84' lang='lat' dir='ltr'><strong>vel</strong></span> <span class='ocrx_word' id='word_1_214' title='bbox 1137 2618 1155 2654; x_wconf 90' lang='lat' dir='ltr'><strong>a</strong></span> <span class='ocrx_word' id='word_1_215' title='bbox 1171 2602 1269 2672; x_wconf 81' lang='lat' dir='ltr'><strong>quovis</strong></span> <span class='ocrx_word' id='word_1_216' title='bbox 1281 2602 1334 2656; x_wconf 91' lang='lat' dir='ltr'><strong>tri·</strong></span> 
     </span>
     <span class='ocr_line' id='line_1_23' title="bbox 148 2702 1333 2775; baseline 0.002 -17"><span class='ocrx_word' id='word_1_217' title='bbox 148 2702 245 2758; x_wconf 88' lang='lat' dir='ltr'><strong>bunali</strong></span> <span class='ocrx_word' id='word_1_218' title='bbox 266 2702 416 2769; x_wconf 88' lang='lat' dir='ltr'><strong>haeretico,</strong></span> <span class='ocrx_word' id='word_1_219' title='bbox 433 2702 528 2759; x_wconf 89' lang='lat' dir='ltr'><strong>eadem</strong></span> <span class='ocrx_word' id='word_1_220' title='bbox 547 2708 631 2759; x_wconf 89' lang='lat' dir='ltr'><strong>erunt</strong></span> <span class='ocrx_word' id='word_1_221' title='bbox 649 2705 785 2759; x_wconf 84' lang='lat' dir='ltr'><strong>servanda</strong></span> <span class='ocrx_word' id='word_1_222' title='bbox 803 2717 875 2775; x_wconf 89' lang='lat' dir='ltr'><strong>quae</strong></span> <span class='ocrx_word' id='word_1_223' title='bbox 899 2705 975 2760; x_wconf 90' lang='lat' dir='ltr'><strong>dicta</strong></span> <span class='ocrx_word' id='word_1_224' title='bbox 1001 2711 1067 2760; x_wconf 92' lang='lat' dir='ltr'><strong>sunt</strong></span> <span class='ocrx_word' id='word_1_225' title='bbox 1091 2705 1126 2760; x_wconf 89' lang='lat' dir='ltr'><strong>de</strong></span> <span class='ocrx_word' id='word_1_226' title='bbox 1145 2707 1333 2761; x_wconf 87' lang='lat' dir='ltr'><strong>matrimoniis</strong></span> 
     </span>
     <span class='ocr_line' id='line_1_24' title="bbox 147 2808 1329 2881; baseline 0.002 -18"><span class='ocrx_word' id='word_1_227' title='bbox 147 2808 353 2879; x_wconf 85' lang='lat' dir='ltr'><strong>baptizatorum</strong></span> <span class='ocrx_word' id='word_1_228' title='bbox 377 2808 509 2864; x_wconf 83' lang='lat' dir='ltr'><strong>resolutis</strong></span> <span class='ocrx_word' id='word_1_229' title='bbox 530 2826 579 2879; x_wconf 85' lang='lat' dir='ltr'><strong>per</strong></span> <span class='ocrx_word' id='word_1_230' title='bbox 603 2810 770 2866; x_wconf 85' lang='lat' dir='ltr'><strong>sententiam</strong></span> <span class='ocrx_word' id='word_1_231' title='bbox 790 2811 941 2867; x_wconf 87' lang='lat' dir='ltr'><strong>tribunalis</strong></span> <span class='ocrx_word' id='word_1_232' title='bbox 958 2810 1124 2875; x_wconf 88' lang='lat' dir='ltr'><strong>saecularis,</strong></span> <span class='ocrx_word' id='word_1_233' title='bbox 1144 2828 1244 2881; x_wconf 90' lang='lat' dir='ltr'><strong>nempe</strong></span> <span class='ocrx_word' id='word_1_234' title='bbox 1263 2828 1329 2865; x_wconf 92' lang='lat' dir='ltr'><strong>cau·</strong></span> 
     </span>
     <span class='ocr_line' id='line_1_25' title="bbox 146 2917 1333 2988; baseline 0.003 -17"><span class='ocrx_word' id='word_1_235' title='bbox 146 2934 208 2971; x_wconf 90' lang='lat' dir='ltr'><strong>sam</strong></span> <span class='ocrx_word' id='word_1_236' title='bbox 221 2917 421 2972; x_wconf 89' lang='lat' dir='ltr'><strong>admittendam</strong></span> <span class='ocrx_word' id='word_1_237' title='bbox 435 2933 489 2972; x_wconf 91' lang='lat' dir='ltr'><strong>non</strong></span> <span class='ocrx_word' id='word_1_238' title='bbox 502 2934 572 2985; x_wconf 89' lang='lat' dir='ltr'><strong>esse,</strong></span> <span class='ocrx_word' id='word_1_239' title='bbox 584 2918 606 2971; x_wconf 92' lang='lat' dir='ltr'><strong>si</strong></span> <span class='ocrx_word' id='word_1_240' title='bbox 621 2919 749 2973; x_wconf 87' lang='lat' dir='ltr'><strong>rescissio</strong></span> <span class='ocrx_word' id='word_1_241' title='bbox 762 2918 935 2988; x_wconf 88' lang='lat' dir='ltr'><strong>proclamata</strong></span> <span class='ocrx_word' id='word_1_242' title='bbox 946 2920 1033 2973; x_wconf 84' lang='lat' dir='ltr'><strong>tuerit</strong></span> <span class='ocrx_word' id='word_1_243' title='bbox 1045 2937 1080 2973; x_wconf 85' lang='lat' dir='ltr'><strong>ex</strong></span> <span class='ocrx_word' id='word_1_244' title='bbox 1092 2919 1177 2973; x_wconf 89' lang='lat' dir='ltr'><strong>titulo</strong></span> <span class='ocrx_word' id='word_1_245' title='bbox 1188 2920 1223 2972; x_wconf 93' lang='lat' dir='ltr'><strong>ab</strong></span> <span class='ocrx_word' id='word_1_246' title='bbox 1238 2919 1333 2974; x_wconf 86' lang='lat' dir='ltr'><strong>Eccle-</strong></span> 
     </span>
     <span class='ocr_line' id='line_1_26' title="bbox 145 3023 1336 3099; baseline 0.004 -23"><span class='ocrx_word' id='word_1_247' title='bbox 145 3023 197 3099; x_wconf 25' lang='lat' dir='ltr'><strong>sia,</strong></span> <span class='ocrx_word' id='word_1_248' title='bbox 210 3038 266 3077; x_wconf 91' lang='lat' dir='ltr'><strong>non</strong></span> <span class='ocrx_word' id='word_1_249' title='bbox 284 3023 389 3093; x_wconf 78' lang='lat' dir='ltr'><strong>agnito,</strong></span> <span class='ocrx_word' id='word_1_250' title='bbox 403 3023 447 3078; x_wconf 88' lang='lat' dir='ltr'><strong>vel</strong></span> <span class='ocrx_word' id='word_1_251' title='bbox 466 3024 584 3077; x_wconf 82' lang='lat' dir='ltr'><strong>servatis</strong></span> <span class='ocrx_word' id='word_1_252' title='bbox 602 3024 745 3079; x_wconf 80' lang='lat' dir='ltr'><strong>servandis</strong></span> <span class='ocrx_word' id='word_1_253' title='bbox 763 3041 823 3079; x_wconf 86' lang='lat' dir='ltr'><strong>esse</strong></span> <span class='ocrx_word' id='word_1_254' title='bbox 837 3041 873 3079; x_wconf 82' lang='lat' dir='ltr'><strong>ex</strong></span> <span class='ocrx_word' id='word_1_255' title='bbox 887 3026 999 3093; x_wconf 78' lang='lat' dir='ltr'><strong>integro</strong></span> <span class='ocrx_word' id='word_1_256' title='bbox 1011 3025 1223 3093; x_wconf 84' lang='lat' dir='ltr'><strong>instituendam,</strong></span> <span class='ocrx_word' id='word_1_257' title='bbox 1232 3027 1256 3079; x_wconf 84' lang='lat' dir='ltr'><strong>si</strong></span> <span class='ocrx_word' id='word_1_258' title='bbox 1270 3042 1336 3081; x_wconf 90' lang='lat' dir='ltr'><strong>con·</strong></span> 
     </span>
     <span class='ocr_line' id='line_1_27' title="bbox 151 3115 1345 3201; baseline 0.003 -20"><span class='ocrx_word' id='word_1_259' title='bbox 151 3128 270 3181; x_wconf 79' lang='lat' dir='ltr'><strong>tranium</strong></span> <span class='ocrx_word' id='word_1_260' title='bbox 283 3129 442 3198; x_wconf 80' lang='lat' dir='ltr'><strong>contigerit.</strong></span> <span class='ocrx_word' id='word_1_261' title='bbox 452 3128 481 3182; x_wconf 88' lang='lat' dir='ltr'><strong>Si</strong></span> <span class='ocrx_word' id='word_1_262' title='bbox 494 3144 559 3185; x_wconf 82' lang='lat' dir='ltr'><strong>uero</strong></span> <span class='ocrx_word' id='word_1_263' title='bbox 572 3130 722 3198; x_wconf 82' lang='lat' dir='ltr'><strong>coniugum</strong></span> <span class='ocrx_word' id='word_1_264' title='bbox 735 3130 876 3198; x_wconf 86' lang='lat' dir='ltr'><strong>separatio</strong></span> <span class='ocrx_word' id='word_1_265' title='bbox 888 3129 1023 3183; x_wconf 89' lang='lat' dir='ltr'><strong>acciderit</strong></span> <span class='ocrx_word' id='word_1_266' title='bbox 1036 3132 1141 3201; x_wconf 85' lang='lat' dir='ltr'><strong>absque</strong></span> <span class='ocrx_word' id='word_1_267' title='bbox 1155 3129 1213 3185; x_wconf 93' lang='lat' dir='ltr'><strong>ullo</strong></span> <span class='ocrx_word' id='word_1_268' title='bbox 1222 3115 1345 3196; x_wconf 75' lang='lat' dir='ltr'><strong>iudicio,</strong></span> 
     </span>
     <span class='ocr_line' id='line_1_28' title="bbox 149 3237 1334 3308; baseline 0.002 -17"><span class='ocrx_word' id='word_1_269' title='bbox 149 3237 354 3291; x_wconf 82' lang='lat' dir='ltr'><strong>obseruandum</strong></span> <span class='ocrx_word' id='word_1_270' title='bbox 373 3241 466 3290; x_wconf 88' lang='lat' dir='ltr'><strong>utrum</strong></span> <span class='ocrx_word' id='word_1_271' title='bbox 486 3254 550 3306; x_wconf 86' lang='lat' dir='ltr'><strong>pars</strong></span> <span class='ocrx_word' id='word_1_272' title='bbox 568 3254 639 3308; x_wconf 92' lang='lat' dir='ltr'><strong>quae</strong></span> <span class='ocrx_word' id='word_1_273' title='bbox 658 3254 753 3291; x_wconf 88' lang='lat' dir='ltr'><strong>coram</strong></span> <span class='ocrx_word' id='word_1_274' title='bbox 776 3237 912 3291; x_wconf 91' lang='lat' dir='ltr'><strong>tribunali</strong></span> <span class='ocrx_word' id='word_1_275' title='bbox 932 3237 1072 3291; x_wconf 87' lang='lat' dir='ltr'><strong>catholico</strong></span> <span class='ocrx_word' id='word_1_276' title='bbox 1097 3254 1182 3308; x_wconf 78' lang='lat' dir='ltr'><strong>agere</strong></span> <span class='ocrx_word' id='word_1_277' title='bbox 1204 3240 1334 3306; x_wconf 86' lang='lat' dir='ltr'><strong>intendit,</strong></span> 
     </span>
     <span class='ocr_line' id='line_1_29' title="bbox 148 3326 1334 3415; baseline 0.002 -18"><span class='ocrx_word' id='word_1_278' title='bbox 148 3343 302 3399; x_wconf 81' lang='lat' dir='ltr'><strong>sennodum</strong></span> <span class='ocrx_word' id='word_1_279' title='bbox 320 3346 528 3399; x_wconf 85' lang='lat' dir='ltr'><strong>matrimonium</strong></span> <span class='ocrx_word' id='word_1_280' title='bbox 548 3345 721 3399; x_wconf 83' lang='lat' dir='ltr'><strong>contraxerit</strong></span> <span class='ocrx_word' id='word_1_281' title='bbox 740 3326 811 3414; x_wconf 75' lang='lat' dir='ltr'><strong>posr&#39;</strong></span> <span class='ocrx_word' id='word_1_282' title='bbox 820 3345 952 3415; x_wconf 88' lang='lat' dir='ltr'><strong>baptismi</strong></span> <span class='ocrx_word' id='word_1_283' title='bbox 971 3347 1185 3415; x_wconf 89' lang='lat' dir='ltr'><strong>susceptionem,</strong></span> <span class='ocrx_word' id='word_1_284' title='bbox 1204 3364 1240 3399; x_wconf 88' lang='lat' dir='ltr'><strong>an</strong></span> <span class='ocrx_word' id='word_1_285' title='bbox 1259 3351 1334 3401; x_wconf 89' lang='lat' dir='ltr'><strong>ante.</strong></span> 
     </span>
     <span class='ocr_line' id='line_1_30' title="bbox 149 3451 1332 3526; baseline 0.002 -21"><span class='ocrx_word' id='word_1_286' title='bbox 149 3452 180 3506; x_wconf 90' lang='lat' dir='ltr'><strong>Si</strong></span> <span class='ocrx_word' id='word_1_287' title='bbox 200 3452 408 3507; x_wconf 83' lang='lat' dir='ltr'><strong>matrimonium</strong></span> <span class='ocrx_word' id='word_1_288' title='bbox 423 3452 558 3506; x_wconf 90' lang='lat' dir='ltr'><strong>acciderit</strong></span> <span class='ocrx_word' id='word_1_289' title='bbox 570 3470 632 3506; x_wconf 91' lang='lat' dir='ltr'><strong>cum</strong></span> <span class='ocrx_word' id='word_1_290' title='bbox 647 3458 726 3521; x_wconf 90' lang='lat' dir='ltr'><strong>parte</strong></span> <span class='ocrx_word' id='word_1_291' title='bbox 740 3451 880 3506; x_wconf 86' lang='lat' dir='ltr'><strong>catholica</strong></span> <span class='ocrx_word' id='word_1_292' title='bbox 894 3456 956 3521; x_wconf 90' lang='lat' dir='ltr'><strong>post</strong></span> <span class='ocrx_word' id='word_1_293' title='bbox 968 3452 1099 3526; x_wconf 87' lang='lat' dir='ltr'><strong>baptismi</strong></span> <span class='ocrx_word' id='word_1_294' title='bbox 1118 3454 1332 3522; x_wconf 86' lang='lat' dir='ltr'><strong>susceptionem,</strong></span> 
     </span>
     <span class='ocr_line' id='line_1_31' title="bbox 146 3558 1334 3630; baseline 0 -16"><span class='ocrx_word' id='word_1_295' title='bbox 146 3560 205 3614; x_wconf 88' lang='lat' dir='ltr'><strong>erit</strong></span> <span class='ocrx_word' id='word_1_296' title='bbox 223 3559 429 3630; x_wconf 88' lang='lat' dir='ltr'><strong>inquirendum,</strong></span> <span class='ocrx_word' id='word_1_297' title='bbox 456 3563 550 3612; x_wconf 88' lang='lat' dir='ltr'><strong>utrum</strong></span> <span class='ocrx_word' id='word_1_298' title='bbox 574 3559 758 3628; x_wconf 85' lang='lat' dir='ltr'><strong>praecesserit</strong></span> <span class='ocrx_word' id='word_1_299' title='bbox 783 3559 911 3629; x_wconf 82' lang='lat' dir='ltr'><strong>coniugis</strong></span> <span class='ocrx_word' id='word_1_300' title='bbox 935 3558 1026 3613; x_wconf 91' lang='lat' dir='ltr'><strong>adhuc</strong></span> <span class='ocrx_word' id='word_1_301' title='bbox 1052 3558 1174 3614; x_wconf 84' lang='lat' dir='ltr'><strong>infidelis</strong></span> <span class='ocrx_word' id='word_1_302' title='bbox 1198 3560 1334 3614; x_wconf 90' lang='lat' dir='ltr'><strong>canonica</strong></span> 
     </span>
    </p>
   </div>
   <div class='ocr_carea' id='block_1_3' title="bbox 148 3663 1336 3758">
    <p class='ocr_par' dir='ltr' id='par_1_4' title="bbox 148 3663 1336 3758">
     <span class='ocr_line' id='line_1_32' title="bbox 148 3663 1336 3758; baseline 0.003 -40"><span class='ocrx_word' id='word_1_303' title='bbox 148 3664 350 3733; x_wconf 87' lang='lat' dir='ltr'><strong>interpellatio,</strong></span> <span class='ocrx_word' id='word_1_304' title='bbox 368 3669 418 3719; x_wconf 89' lang='lat' dir='ltr'><strong>aut</strong></span> <span class='ocrx_word' id='word_1_305' title='bbox 435 3663 536 3719; x_wconf 85' lang='lat' dir='ltr'><strong>saltem</strong></span> <span class='ocrx_word' id='word_1_306' title='bbox 554 3683 571 3719; x_wconf 91' lang='lat' dir='ltr'><strong>a</strong></span> <span class='ocrx_word' id='word_1_307' title='bbox 590 3664 718 3758; x_wconf 72' lang='lat' dir='ltr'><strong>legitima</strong></span> <span class='ocrx_word' id='word_1_308' title='bbox 737 3669 877 3734; x_wconf 86' lang='lat' dir='ltr'><strong>potestate</strong></span> <span class='ocrx_word' id='word_1_309' title='bbox 896 3666 984 3720; x_wconf 83' lang='lat' dir='ltr'><strong>fuerit</strong></span> <span class='ocrx_word' id='word_1_310' title='bbox 996 3682 1081 3734; x_wconf 89' lang='lat' dir='ltr'><strong>super</strong></span> <span class='ocrx_word' id='word_1_311' title='bbox 1094 3666 1336 3735; x_wconf 89' lang='lat' dir='ltr'><strong>eademinterpel·</strong></span> 
     </span>
    </p>
   </div>
   <div class='ocr_carea' id='block_1_4' title="bbox 147 3770 1341 4482">
    <p class='ocr_par' dir='ltr' id='par_1_5' title="bbox 147 3770 1341 4482">
     <span class='ocr_line' id='line_1_33' title="bbox 148 3770 1333 3842; baseline 0.001 -15"><span class='ocrx_word' id='word_1_312' title='bbox 148 3772 257 3828; x_wconf 89' lang='lat' dir='ltr'><strong>latione</strong></span> <span class='ocrx_word' id='word_1_313' title='bbox 275 3772 471 3841; x_wconf 85' lang='lat' dir='ltr'><strong>dispensatum.</strong></span> <span class='ocrx_word' id='word_1_314' title='bbox 490 3770 633 3834; x_wconf 90' lang='lat' dir='ltr'><strong>Quatenus</strong></span> <span class='ocrx_word' id='word_1_315' title='bbox 653 3772 813 3827; x_wconf 87' lang='lat' dir='ltr'><strong>constiterit</strong></span> <span class='ocrx_word' id='word_1_316' title='bbox 831 3772 866 3826; x_wconf 91' lang='lat' dir='ltr'><strong>de</strong></span> <span class='ocrx_word' id='word_1_317' title='bbox 889 3773 965 3826; x_wconf 84' lang='lat' dir='ltr'><strong>tacta</strong></span> <span class='ocrx_word' id='word_1_318' title='bbox 984 3772 1212 3842; x_wconf 89' lang='lat' dir='ltr'><strong>interpellatione</strong></span> <span class='ocrx_word' id='word_1_319' title='bbox 1230 3778 1281 3827; x_wconf 86' lang='lat' dir='ltr'><strong>aut</strong></span> <span class='ocrx_word' id='word_1_320' title='bbox 1298 3774 1333 3828; x_wconf 88' lang='lat' dir='ltr'><strong>dc</strong></span> 
     </span>
     <span class='ocr_line' id='line_1_34' title="bbox 147 3854 1335 3946; baseline 0.002 -18"><span class='ocrx_word' id='word_1_321' title='bbox 147 3874 227 3929; x_wconf 89' lang='lat' dir='ltr'><strong>illius</strong></span> <span class='ocrx_word' id='word_1_322' title='bbox 244 3874 459 3944; x_wconf 87' lang='lat' dir='ltr'><strong>dispensatione,</strong></span> <span class='ocrx_word' id='word_1_323' title='bbox 476 3875 598 3944; x_wconf 91' lang='lat' dir='ltr'><strong>primum</strong></span> <span class='ocrx_word' id='word_1_324' title='bbox 616 3854 826 3929; x_wconf 89' lang='lat' dir='ltr'><strong>matrimonium</strong></span> <span class='ocrx_word' id='word_1_325' title='bbox 843 3875 943 3946; x_wconf 88' lang='lat' dir='ltr'><strong>nequit</strong></span> <span class='ocrx_word' id='word_1_326' title='bbox 955 3875 1076 3946; x_wconf 89' lang='lat' dir='ltr'><strong>amplius</strong></span> <span class='ocrx_word' id='word_1_327' title='bbox 1088 3877 1260 3932; x_wconf 90' lang='lat' dir='ltr'><strong>constituere</strong></span> <span class='ocrx_word' id='word_1_328' title='bbox 1274 3878 1335 3933; x_wconf 84' lang='lat' dir='ltr'><strong>vin·</strong></span> 
     </span>
     <span class='ocr_line' id='line_1_35' title="bbox 147 3981 1332 4053; baseline 0.001 -16"><span class='ocrx_word' id='word_1_329' title='bbox 147 3981 244 4037; x_wconf 91' lang='lat' dir='ltr'><strong>culum</strong></span> <span class='ocrx_word' id='word_1_330' title='bbox 261 3982 413 4037; x_wconf 85' lang='lat' dir='ltr'><strong>secundum</strong></span> <span class='ocrx_word' id='word_1_331' title='bbox 431 3983 600 4037; x_wconf 89' lang='lat' dir='ltr'><strong>connubium</strong></span> <span class='ocrx_word' id='word_1_332' title='bbox 625 3982 758 4049; x_wconf 87' lang='lat' dir='ltr'><strong>irritans;</strong></span> <span class='ocrx_word' id='word_1_333' title='bbox 772 3986 910 4053; x_wconf 90' lang='lat' dir='ltr'><strong>quatenus</strong></span> <span class='ocrx_word' id='word_1_334' title='bbox 928 3998 994 4037; x_wconf 81' lang='lat' dir='ltr'><strong>vero</strong></span> <span class='ocrx_word' id='word_1_335' title='bbox 1018 4000 1110 4053; x_wconf 91' lang='lat' dir='ltr'><strong>neque</strong></span> <span class='ocrx_word' id='word_1_336' title='bbox 1130 3982 1332 4052; x_wconf 88' lang='lat' dir='ltr'><strong>interpellati0,</strong></span> 
     </span>
     <span class='ocr_line' id='line_1_36' title="bbox 149 4089 1333 4160; baseline 0.002 -17"><span class='ocrx_word' id='word_1_337' title='bbox 149 4106 241 4160; x_wconf 85' lang='lat' dir='ltr'><strong>neque</strong></span> <span class='ocrx_word' id='word_1_338' title='bbox 266 4089 389 4144; x_wconf 89' lang='lat' dir='ltr'><strong>eiusdem</strong></span> <span class='ocrx_word' id='word_1_339' title='bbox 411 4090 580 4158; x_wconf 86' lang='lat' dir='ltr'><strong>dispensatio</strong></span> <span class='ocrx_word' id='word_1_340' title='bbox 605 4090 804 4159; x_wconf 84' lang='lat' dir='ltr'><strong>praecesserit,</strong></span> <span class='ocrx_word' id='word_1_341' title='bbox 834 4090 953 4159; x_wconf 90' lang='lat' dir='ltr'><strong>primum</strong></span> <span class='ocrx_word' id='word_1_342' title='bbox 979 4090 1188 4144; x_wconf 88' lang='lat' dir='ltr'><strong>matrimonium</strong></span> <span class='ocrx_word' id='word_1_343' title='bbox 1208 4091 1333 4145; x_wconf 84' lang='lat' dir='ltr'><strong>obstabit</strong></span> 
     </span>
     <span class='ocr_line' id='line_1_37' title="bbox 150 4195 1332 4267; baseline 0.002 -18"><span class='ocrx_word' id='word_1_344' title='bbox 150 4195 263 4267; x_wconf 89' lang='lat' dir='ltr'><strong>quidem</strong></span> <span class='ocrx_word' id='word_1_345' title='bbox 282 4196 410 4261; x_wconf 88' lang='lat' dir='ltr'><strong>secundo,</strong></span> <span class='ocrx_word' id='word_1_346' title='bbox 421 4196 469 4250; x_wconf 89' lang='lat' dir='ltr'><strong>sed</strong></span> <span class='ocrx_word' id='word_1_347' title='bbox 482 4196 644 4250; x_wconf 87' lang='lat' dir='ltr'><strong>Ordinarius</strong></span> <span class='ocrx_word' id='word_1_348' title='bbox 657 4197 790 4251; x_wconf 89' lang='lat' dir='ltr'><strong>indicium</strong></span> <span class='ocrx_word' id='word_1_349' title='bbox 802 4197 971 4267; x_wconf 89' lang='lat' dir='ltr'><strong>suspendere</strong></span> <span class='ocrx_word' id='word_1_350' title='bbox 984 4197 1109 4263; x_wconf 87' lang='lat' dir='ltr'><strong>debebit,</strong></span> <span class='ocrx_word' id='word_1_351' title='bbox 1119 4202 1148 4252; x_wconf 91' lang='lat' dir='ltr'><strong>et</strong></span> <span class='ocrx_word' id='word_1_352' title='bbox 1160 4214 1256 4252; x_wconf 89' lang='lat' dir='ltr'><strong>casum</strong></span> <span class='ocrx_word' id='word_1_353' title='bbox 1269 4214 1332 4252; x_wconf 90' lang='lat' dir='ltr'><strong>cum</strong></span> 
     </span>
     <span class='ocr_line' id='line_1_38' title="bbox 150 4302 1334 4375; baseline 0.003 -19"><span class='ocrx_word' id='word_1_354' title='bbox 150 4302 280 4357; x_wconf 89' lang='lat' dir='ltr'><strong>omuibus</strong></span> <span class='ocrx_word' id='word_1_355' title='bbox 302 4304 361 4373; x_wconf 85' lang='lat' dir='ltr'><strong>suis</strong></span> <span class='ocrx_word' id='word_1_356' title='bbox 385 4304 603 4358; x_wconf 87' lang='lat' dir='ltr'><strong>circumstantiis</strong></span> <span class='ocrx_word' id='word_1_357' title='bbox 627 4304 670 4373; x_wconf 35' lang='lat' dir='ltr'><strong>ad,</strong></span> <span class='ocrx_word' id='word_1_358' title='bbox 685 4304 711 4357; x_wconf 89' lang='lat' dir='ltr'><strong>S.</strong></span> <span class='ocrx_word' id='word_1_359' title='bbox 733 4304 831 4359; x_wconf 88' lang='lat' dir='ltr'><strong>Sedem</strong></span> <span class='ocrx_word' id='word_1_360' title='bbox 850 4304 1004 4368; x_wconf 89' lang='lat' dir='ltr'><strong>remittere,</strong></span> <span class='ocrx_word' id='word_1_361' title='bbox 1023 4321 1095 4375; x_wconf 89' lang='lat' dir='ltr'><strong>quae</strong></span> <span class='ocrx_word' id='word_1_362' title='bbox 1114 4305 1168 4373; x_wconf 91' lang='lat' dir='ltr'><strong>ipsi</strong></span> <span class='ocrx_word' id='word_1_363' title='bbox 1186 4304 1334 4360; x_wconf 90' lang='lat' dir='ltr'><strong>Ordinario</strong></span> 
     </span>
     <span class='ocr_line' id='line_1_39' title="bbox 149 4408 1341 4482; baseline 0.003 -19"><span class='ocrx_word' id='word_1_364' title='bbox 149 4408 217 4480; x_wconf 89' lang='lat' dir='ltr'><strong>quid</strong></span> <span class='ocrx_word' id='word_1_365' title='bbox 234 4408 393 4463; x_wconf 85' lang='lat' dir='ltr'><strong>faciendum</strong></span> <span class='ocrx_word' id='word_1_366' title='bbox 412 4408 457 4476; x_wconf 90' lang='lat' dir='ltr'><strong>sit,</strong></span> <span class='ocrx_word' id='word_1_367' title='bbox 471 4408 615 4464; x_wconf 86' lang='lat' dir='ltr'><strong>indicabit.</strong></span> <span class='ocrx_word' id='word_1_368' title='bbox 634 4410 677 4464; x_wconf 84' lang='lat' dir='ltr'><strong>Ad</strong></span> <span class='ocrx_word' id='word_1_369' title='bbox 698 4410 869 4480; x_wconf 85' lang='lat' dir='ltr'><strong>probandum</strong></span> <span class='ocrx_word' id='word_1_370' title='bbox 884 4426 960 4477; x_wconf 81' lang='lat' dir='ltr'><strong>vero,</strong></span> <span class='ocrx_word' id='word_1_371' title='bbox 975 4414 1070 4464; x_wconf 91' lang='lat' dir='ltr'><strong>utrum</strong></span> <span class='ocrx_word' id='word_1_372' title='bbox 1083 4410 1276 4481; x_wconf 86' lang='lat' dir='ltr'><strong>interpellatio</strong></span> <span class='ocrx_word' id='word_1_373' title='bbox 1288 4411 1341 4482; x_wconf 26' lang='lat' dir='ltr'><strong>vel·</strong></span> 
     </span>
    </p>
   </div>
   <div class='ocr_carea' id='block_1_5' title="bbox 0 0 1680 5100">
    <p class='ocr_par' dir='ltr' id='par_1_6' title="bbox 0 0 1680 5100">
     <span class='ocr_line' id='line_1_40' title="bbox 0 0 1680 5100; baseline 0 0"><span class='ocrx_word' id='word_1_374' title='bbox 0 0 1680 5100; x_wconf 95' lang='lat' dir='ltr'><strong> </strong></span> 
     </span>
    </p>
   </div>
  </div>
 </body>
</html>
