3350 5100
529 321 574 369 nn
598 320 753 370 onnrorrs
776 321 819 368 rr
843 319 962 368 rorum
1294 300 1335 366 81

157 447 257 532 patris
272 451 329 510 aut
345 447 470 519 matris,
487 463 551 510 non
566 445 766 510 contrahunt
789 463 960 509 censuram
975 460 1071 527 quam
1092 441 1230 508 subeunt
1245 447 1340 528 pater

156 575 212 638 aut
232 576 350 637 mater.

243 695 373 762 Verum
398 697 566 780 quaeritur
588 714 630 759 an
654 700 759 759 mater
783 693 924 758 obnoxia
945 695 987 758 sit
1009 712 1177 775 censurae,
1209 691 1338 778 quando

156 823 225 906 ipsa
247 819 310 886 sibi
334 824 491 906 procurat
513 819 671 885 abortum.
698 854 715 867 -
741 817 898 903 Equidem
929 819 1069 882 miraei
1094 837 1339 903 supervacanea

154 945 317 1011 ridebitur
340 946 424 1011 haec
438 946 592 1029 quaestio,
611 942 868 1028 qnandoquidem
887 947 921 1009 et
942 942 1012 1028 ipsa
1026 942 1086 1007 sibi
1102 942 1250 1010 abortum
1265 964 1337 1030 pro
1360 1008 1363 1012 .

155 1089 275 1136 curare
289 1075 396 1156 potest
417 1089 523 1154 neque
537 1069 610 1133 aliis
633 1073 682 1133 est
704 1069 808 1134 minus
831 1087 900 1133 rea.
916 1068 1068 1134 Attamen
1092 1067 1239 1152 quaestio
1254 1069 1338 1135 haec

154 1196 300 1280 agitatur
314 1197 400 1262 inter
412 1195 543 1267 Comm..
557 1196 632 1280 quia
647 1199 722 1260 ante
739 1193 848 1260 Gonst.
860 1193 926 1278 Ap.
940 1190 1048 1266 Sedis,
1061 1211 1118 1258 seu
1134 1195 1167 1258 in
1182 1195 1339 1280 antiquio·

154 1318 246 1386 ribus
270 1317 556 1386 Constitutionibus
579 1324 684 1385 mater
707 1316 965 1404 distinguebatur
985 1353 1003 1366 ·
1028 1337 1051 1382 a
1069 1319 1339 1401 mammantibus

155 1441 316 1510 obortum
341 1479 358 1492 -
388 1449 420 1509 et
449 1443 529 1509 aliis·
551 1443 663 1528 poenis
694 1441 944 1529 percellebatur.
972 1442 1118 1510 Proinde
1149 1444 1338 1510 Pennacchi

155 1569 188 1632 h.
206 1569 226 1634 l.
241 1586 278 1651 p.
295 1566 354 1640 42,
378 1572 412 1634 et
435 1565 618 1632 Lehmkuhl
644 1567 674 1632 lc.
697 1568 717 1632 l.
739 1567 921 1653 opinantur,
945 1572 1082 1632 matrem
1105 1585 1171 1632 non
1193 1586 1338 1652 compre

154 1689 254 1757 hendi
277 1692 363 1755 inter
381 1695 621 1774 procurantes,
638 1711 699 1756 nec
722 1693 828 1756 teneri
851 1709 1001 1756 censura.
1018 1690 1063 1758 At
1077 1690 1161 1756 haec
1176 1693 1339 1758 sententie

153 1835 222 1880 non
244 1816 363 1901 placet
381 1815 456 1899 quia
476 1815 582 1882 Const.
600 1816 666 1899 Ap.
685 1813 783 1882 Sedis
804 1813 1016 1900 intelligenda
1038 1819 1088 1880 cst
1109 1815 1200 1880 iuxta
1222 1817 1337 1900 genui·

153 1960 233 2005 num
257 1957 387 2004 sensum
411 1939 585 2005 verborum
610 1941 706 2005 etiam
730 1939 804 2005 dum
828 1939 966 2024 corrigit
987 1939 1039 2004 ius
1059 1944 1168 2015 uetus;
1192 1959 1294 2024 quare
1316 1959 1338 2004 a

153 2068 250 2130 textu
273 2066 453 2130 sententiae
481 2063 655 2129 nullimode
681 2062 833 2129 videntur
861 2061 1084 2129 excludendae
1111 2083 1182 2130 esse
1204 2069 1337 2133 matres.

154 2189 207 2254 lta
230 2191 382 2274 opinatur
397 2187 599 2254 D’Annibalc
616 2189 646 2254 h.
664 2190 685 2254 l.
703 2189 841 2256 Genicot
863 2195 896 2254 et
918 2189 992 2265 alii;
1016 2196 1050 2254 et
1071 2190 1154 2256 haec
1176 2195 1337 2258 sententia

154 2311 288 2378 ridetur
311 2310 391 2376 adeo
415 2309 591 2376 conformis
615 2309 724 2376 verbis
748 2310 861 2376 Bullac
884 2318 920 2376 ut
941 2313 1139 2378 contrariam
1162 2312 1200 2378 in
1225 2315 1339 2397 pram

24 2511 29 2520 Ι
153 2441 358 2500 autumemus
381 2453 446 2500 non
469 2433 677 2520 sequendam.

245 2561 376 2643 Effectus
390 2564 542 2645 sequuto.
559 2596 577 2607 ·
594 2558 702 2635 Quare
726 2578 866 2625 censura
888 2565 978 2627 tenet
996 2566 1238 2646 procurantem,
1253 2568 1337 2649 post·

154 2703 250 2768 quam
267 2682 406 2751 abortus
420 2688 584 2769 sequutus
598 2683 712 2766 fucrit.
737 2684 769 2749 Si
794 2683 958 2750 dubitetur
972 2704 1016 2749 an
1030 2679 1165 2749 effectus
1183 2692 1336 2770 sequutus

154 2808 256 2873 luerit
280 2826 326 2874 eu·
345 2807 416 2873 alic
431 2826 537 2874 causo
560 2814 593 2873 et
615 2809 678 2875 hoc
696 2808 874 2893 probabile
890 2809 1029 2891 ridetur,
1046 2812 1336 2877 excommunicatio

154 2954 220 2997 non
236 2934 427 2998 incurritur.
444 2933 501 2999 Ait
516 2933 701 2999 Lehmlruhl
718 2935 749 2998 h.
767 2936 788 3001 l.
807 2954 825 2996 c
847 2935 972 3001 Verum
994 2934 1025 2999 ri
1046 2933 1189 3003 dubium
1204 2940 1260 3011 est,
1275 2956 1336 3004 seu

148 3060 269 3142 potira
291 3059 490 3145 iuueruntio
514 3056 629 3145 (adest)
652 3063 787 3145 effectus
809 3060 923 3135 secuti,
948 3060 1031 3127 llaec
1051 3079 1074 3126 α
1097 3080 1243 3128 ceuura
1265 3082 1336 3130 non

152 3188 307 3255 comat,
317 3184 467 3268 wando,
476 3200 515 3250 re
527 3184 614 3267 ipso,
627 3186 905 3269 effectursecutur
915 3190 1003 3251 ert).
1016 3183 1071 3251 Ex
1081 3185 1220 3253 adverso
1232 3184 1336 3253 D’An·

152 3308 263 3373 nibale
287 3307 308 3372 l.
330 3328 356 3374 c.
373 3306 468 3373 docet
486 3328 503 3370 ‹
520 3308 840 3377 Eccommuuicatio
855 3329 954 3376 reum
968 3330 1040 3377 uon
1056 3314 1151 3383 tenet.
1168 3312 1335 3397 quamdiu

151 3432 217 3499 sibi
231 3452 305 3498 uon
317 3436 463 3515 apparet
474 3437 654 3517 sequutum
668 3430 776 3512 fistice
789 3452 820 3497 ».
833 3434 876 3497 Et
887 3438 1059 3518 utrumque
1070 3454 1185 3500 verum
1197 3441 1260 3510 est;
1278 3435 1335 3501 sed

153 3554 342 3621 Lehmkuhl
367 3552 554 3619 considerat
570 3556 618 3619 rei
635 3558 751 3621 statum
773 3555 971 3623 obiectioum
986 3558 1062 3641 quia
1083 3562 1202 3625 nostra
1224 3558 1335 3623 emisti·

153 3680 261 3747 matio
274 3696 394 3745 rerum
405 3680 581 3746 veritatem
596 3698 667 3746 nou
681 3684 810 3763 Μιιίαὶ,ι
825 3698 882 3745 seu
898 3680 1035 3765 quando,
1046 3682 1166 3747 delicto
1181 3682 1245 3748 iam
1261 3702 1335 3747 con·

153 3809 323 3875 summata,
347 3821 488 3869 censura
511 3808 559 3868 est
581 3803 618 3868 iu
642 3804 752 3871 studio
780 3804 1005 3871 caecutientis:
1032 3803 1237 3872 D'Annibale
1258 3827 1335 3894 pcr-

152 3928 265 4014 pendit
288 3926 504 3993 conditionem
520 3926 747 4003 subiectorum,
764 3931 882 4016 quippe
897 3950 991 3995 nemo
1013 3932 1142 4017 cogitur
1161 3951 1196 3997 se
1211 3931 1335 3998 habere

156 4052 200 4117 nti
216 4071 323 4139 poena
338 4052 484 4139 ligatum,
499 4072 592 4137 quam
608 4071 652 4118 ex
667 4052 825 4119 adiunctis
841 4074 876 4120 se
892 4057 1069 4123 incurrisse
1080 4077 1146 4122 non
1161 4064 1260 4142 putat.
1274 4060 1335 4123 Du·

153 4174 240 4242 bium
256 4176 322 4243 hoc
338 4194 510 4273 remouere
524 4182 601 4243 nata
617 4182 668 4245 est
682 4181 843 4243 sententia
858 4180 1096 4247 declaraturum
1114 4182 1161 4248 of.
1180 4182 1254 4248 Vol.
1272 4183 1334 4255 111,

153 4321 186 4365 n.
202 4301 256 4367 70.
274 4336 293 4349 -
310 4300 408 4367 Certe
422 4320 488 4367 non
504 4308 638 4369 excusat
662 4304 846 4389 ignorantia
868 4322 994 4377 musra,
1011 4306 1091 4382 latu,
1107 4308 1243 4390 supina,
1260 4308 1335 4391 quia

153 4426 186 4491 in
202 4431 315 4493 nostra
330 4424 439 4493 Const.
456 4426 537 4491 nihil
552 4425 592 4492 de
607 4428 670 4491 hoc
686 4432 829 4503 cavetur,
844 4430 949 4514 prouti
965 4434 1062 4495 antea
1078 4430 1197 4496 factum
1214 4433 1333 4496 luerat.

261 4550 325 4603 Soc.
348 4548 427 4617 Leuc
1245 4556 1262 4606 6
