3350 5100
354 262 416 326 174
865 283 948 330 raas
981 285 1016 330 11.

443 404 516 469 120.
544 407 622 468 ltem
645 406 831 471 notortetas
853 405 937 487 sacti
969 415 1105 472 nonest
1137 410 1366 474 confundenda
1395 431 1467 476 cum
1493 432 1533 476 ea

350 530 458 613 specie
485 531 696 600 notorietatls,
721 550 805 613 quae
828 531 966 595 babetur
996 551 1092 614 quum
1117 535 1188 616 quis
1212 533 1468 620 deprehenditur
1500 537 1534 598 in

347 656 419 739 ipso
443 653 560 720 delicto
590 656 748 740 patrando
774 674 830 722 seu
855 659 893 723 in
918 657 1097 744 flagrante.
1126 695 1142 708 -
1170 659 1326 743 Equidem
1350 659 1471 725 lactum
1498 655 1535 722 tn

350 782 481 864 proprie
503 782 675 847 notorium
699 784 726 846 si
750 783 818 847 eius
841 789 956 848 auctor
975 784 1058 850 istud
1083 791 1215 869 patrare
1240 786 1271 849 in
1298 785 1369 848 loco
1393 782 1533 868 publico,

345 902 390 967 ab
422 906 583 970 bominum
614 907 818 972 multitudine
851 909 1088 992 conspiciatur;
1114 927 1210 974 secus
1239 911 1266 973 si
1295 909 1357 974 duo
1381 908 1433 973 vel
1464 915 1535 974 tres

351 1029 496 1094 homines
521 1051 610 1096 reum
627 1030 874 1116 deprehendant
896 1034 933 1097 in
948 1033 1129 1120 flagrante,
1146 1053 1202 1098 seu
1219 1035 1252 1097 in
1278 1037 1347 1118 ipso
1366 1038 1442 1098 actu
1458 1050 1536 1097 con-

346 1157 571 1221 summationis
594 1158 746 1222 criminis.
766 1157 859 1222 Tunc
881 1160 966 1222 enim
991 1159 1068 1224 lacti
1093 1179 1158 1223 non
1180 1159 1319 1223 babetur
1343 1159 1533 1229 notorietas,

350 1278 407 1343 sed
423 1279 585 1345 habentur
597 1287 707 1354 testes,
726 1301 768 1346 ex
785 1289 877 1346 certa
893 1283 1085 1366 cognitione,
1102 1287 1294 1349 attestantes
1310 1282 1431 1346 lactum
1448 1277 1533 1362 quod

347 1403 391 1467 ab
414 1425 484 1468 erus
505 1412 639 1470 auctore
663 1406 752 1470 nulla
773 1411 880 1490 potest
909 1407 1181 1491 tergiversatione
1204 1406 1315 1470 celari.
1348 1405 1475 1468 Verum
1499 1407 1535 1467 ut

351 1530 390 1594 de
408 1530 500 1612 facto
515 1537 642 1601 constet
657 1531 860 1604 iudicialiter,
879 1533 930 1597 isti
945 1530 1123 1597 advocandi
1140 1537 1215 1596 sunt
1238 1536 1336 1596 testes
1354 1532 1389 1595 in
1413 1529 1534 1593 iudicio

348 1645 391 1718 ad
414 1653 613 1738 probandum
636 1657 771 1722 crimen.

441 1781 613 1865 Singulare
629 1785 678 1845 est
693 1787 728 1845 ut
743 1781 770 1845 si
793 1782 865 1864 quis
880 1780 1054 1864 delinquat,
1071 1785 1184 1865 utputa
1202 1781 1229 1845 si
1253 1787 1389 1843 mortem
1406 1778 1535 1842 inferre

350 1905 562 1990 aggrediatur
584 1925 642 1971 suo
664 1906 854 1970 adversario
878 1905 952 1970 dum
976 1906 1015 1969 lis
1038 1907 1180 1992 agitatur
1204 1911 1238 1969 et
1262 1903 1366 1969 iudice
1390 1923 1450 1988 pro
1474 1897 1532 1968 tri-

350 2029 461 2095 bunali
490 2029 640 2110 sedente,
671 2050 789 2114 nempe
804 2029 879 2094 ‘sub
911 2030 1012 2096 oculis
1044 2031 1141 2115 ipsius
1166 2031 1295 2102 iudicis,
1320 2047 1399 2093 sane
1425 2029 1535 2094 nullus

352 2156 579 2220 instaurandus
594 2155 735 2222 esconio
747 2155 914 2227 iudicialis.
928 2155 984 2220 sed
1001 2157 1144 2220 universi
1156 2154 1323 2219 adstantes
1339 2152 1419 2218 fiunt
1432 2161 1534 2218 testes

352 2279 392 2344 de
401 2278 504 2361 sacto,
517 2279 600 2364 quod
615 2278 657 2344 ab
672 2281 742 2344 eius
757 2286 891 2346 auctore
908 2279 996 2345 nulla
1008 2285 1112 2364 potest
1127 2280 1403 2365 tergiversatione
1419 2277 1532 2347 celari.

352 2405 505 2487 quocirca
527 2404 626 2468 iudex
657 2405 850 2468 seutentiam
875 2403 994 2484 edicet,
1020 2404 1109 2469 nulla
1137 2405 1329 2488 interposita
1360 2421 1452 2466 mora
1476 2421 1534 2466 seu
1631 2401 1632 2416 ,

349 2527 513 2593 dilatione.
538 2527 602 2594 Sed
623 2527 707 2594 haec
731 2529 813 2595 ratio
830 2527 1027 2613 procedendi
1041 2548 1105 2593 non
1123 2534 1172 2593 esi
1187 2533 1311 2593 tantum
1329 2545 1374 2593 em
1387 2527 1533 2598 noiomo,
1631 2554 1632 2625 p

351 2654 407 2718 sed
430 2654 490 2719 iste
512 2654 771 2739 expeditissimus
794 2673 964 2739 processus
988 2656 1147 2739 repetitur
1171 2656 1369 2737 potissimum
1393 2670 1440 2717 eac
1460 2654 1532 2719 loco
1631 2634 1632 2719 J

351 2778 405 2843 ubi
421 2780 545 2845 crimen
561 2785 709 2864 patratur
725 2798 841 2863 nempe
857 2778 897 2843 ob
913 2780 1023 2843 oculos
1043 2780 1142 2863 ipsius
1167 2777 1291 2847 iudicis.
1309 2785 1341 2841 et
1356 2794 1402 2841 eac
1424 2796 1535 2843 neces-
1631 2772 1632 2777 ’

350 2902 448 2966 ritate
478 2901 603 2967 tutandi
628 2903 775 2989 ordinem
800 2907 831 2965 et
855 2901 1066 2986 disciplinam,
1091 2903 1199 2986 prouti
1225 2900 1431 2985 expostulant
1452 2900 1533 2985 legi·

351 3028 429 3091 tima
451 3028 644 3091 exercitatio
667 3026 856 3091 iudiciorum
881 3032 914 3091 et
936 3026 1075 3091 iudicum
1097 3029 1285 3091 auctoritas.

444 3151 516 3216 121.
530 3150 581 3217 Ad
598 3171 667 3215 rem
683 3171 782 3236 supra
793 3153 963 3218 citavimus
978 3152 1074 3237 plura
1086 3153 1209 3234 capito,
1224 3172 1306 3235 quae
1319 3150 1469 3217 referunt
1486 3153 1533 3216 ius

353 3276 569 3341 Decretalinm
586 3282 619 3339 et
632 3276 694 3340 hoc
707 3277 829 3341 clarius
846 3278 1039 3360 exprimitur
1055 3278 1088 3341 in
1104 3276 1157 3342 cit.
1172 3296 1247 3359 cop.
1261 3276 1314 3341 21.
1328 3277 1378 3341 De
1389 3276 1532 3341 iureiur.
1631 3270 1632 3291 ³

351 3420 477 3485 nempe,
494 3401 530 3465 in
546 3400 736 3482 manifestis
752 3408 786 3466 et
806 3403 991 3467 notoriis...
1016 3420 1086 3467 noa
1112 3402 1218 3467 teneri
1233 3420 1373 3467 seruare
1388 3420 1533 3467 suarim·
1631 3434 1632 3447 κ

352 3545 466 3591 rursm
476 3526 919 3610 ordinisiodicioriiquam
929 3528 964 3591 in
977 3526 1028 3592 liis
1039 3546 1109 3593 noa
1121 3528 1329 3593 servarisne
1341 3527 1531 3609 ommnipsc
1631 3540 1632 3627 p

352 3652 438 3718 iaris
452 3653 542 3717 ratio
553 3652 705 3733 postulat
721 3658 753 3716 et
767 3652 922 3735 requirit.
945 3688 962 3700 -
988 3654 1114 3717 Etenim
1142 3653 1244 3716 recoli
1261 3652 1365 3733 debet,
1383 3654 1456 3715 iure
1474 3654 1531 3716 De

351 3777 530 3851 cretalium,
540 3776 685 3840 ordinem
698 3776 911 3849 iudiciarium,
926 3778 1019 3841 etiam
1034 3780 1065 3841 in
1080 3777 1311 3859 criminalibus
1321 3778 1420 3843 luisse
1434 3779 1532 3862 impli·
1631 3756 1632 3831 i

352 3908 459 3967 catum
472 3901 615 3985 pluribus
631 3901 896 3981 solemnitatibus,
912 3922 994 3984 quae
1010 3901 1049 3966 ad
1066 3902 1277 3967 substantiam
1293 3904 1419 3967 servari
1437 3902 1531 3967 debe-

352 4026 438 4096 bant,
462 4045 607 4109 quaeque
630 4046 709 4090 sane
731 4046 844 4111 parum
870 4026 1050 4110 expeditam
1067 4028 1246 4092 reddebant
1270 4028 1408 4092 iustitiae
1430 4027 1529 4092 admi·

352 4151 586 4225 nistrationem;
602 4155 635 4215 et
658 4151 721 4214 bac
743 4150 784 4214 de
807 4170 905 4215 causa
922 4151 1068 4215 Clemens
1084 4152 1115 4215 V
1133 4152 1166 4214 in
1185 4152 1291 4216 Consi.
1313 4150 1401 4215 inter
1427 4152 1529 4217 Ciam.
1631 4146 1632 4219 i

344 4306 371 4325 ··
388 4270 651 4352 dispendiosam
675 4308 689 4319 -
714 4267 764 4337 De
778 4273 913 4339 iudiciis
937 4308 961 4352 -,
986 4278 1017 4337 et
1041 4272 1151 4355 Saepe
1176 4272 1314 4358 contigit
1330 4306 1346 4320 -
1368 4274 1419 4338 De
1442 4272 1528 4339 verb.
1631 4228 1632 4323 i

351 4395 467 4481 signis.
493 4396 619 4460 induxit
651 4396 781 4462 iuditia
816 4398 1017 4462 summario.
1045 4434 1062 4443 -
1087 4396 1181 4462 Haec
1207 4398 1313 4461 forma
1336 4396 1529 4482 procedendi
