3350 5100
368 246 434 312 714
791 267 897 316 nunna
921 270 1122 317 suncampus

368 390 428 445 479.
449 390 488 443 De
506 391 695 460 publicatione
713 407 865 461 processus,
884 392 941 463 qui,
961 397 991 446 ut
1011 398 1096 461 pate-t,
1114 391 1159 445 vel
1178 398 1220 446 est
1246 408 1313 460 pure
1336 408 1409 443 acur-

474 500 596 551 tcturius
613 496 656 553 vel
676 499 780 549 »nictus
786 533 1370 551 ..............
1396 515 1451 566 pop.
1465 499 1501 549 5119

367 608 428 661 480.
448 607 489 660 De
505 622 577 660 nora
595 622 739 675 processus
757 607 977 675 reassumptione
996 622 1044 659 seu
1063 606 1220 673 aperitione
1230 642 1408 657 .....
1438 607 1499 661 »ill

366 714 427 768 481.
448 713 487 766 De
503 714 652 767 sententiis
669 713 888 767 interlocutoriis
919 748 1408 765 ............
1439 730 1451 765 »
1479 716 1503 767 il.
1607 716 1608 783 j

366 820 426 873 482.
445 819 570 881 Quonam
588 835 716 874 sermone
734 818 932 873 conscribenda
950 820 1006 873 sint
1022 823 1080 873 tum
1093 830 1156 873 acta
1168 833 1270 873 carnae
1282 822 1340 871 tum
1352 828 1409 871 ncta

472 928 571 981 iudicii
606 962 1409 980 ...................
1439 927 1505 979 »5111

366 1034 427 1101 483.
447 1035 487 1089 De
504 1035 645 1090 sententie
662 1034 808 1088 definitiva
829 1070 1408 1086 ..............
1440 1050 1454 1088 »
1481 1036 1508 1087 ib.

365 1140 427 1191 484.
447 1137 487 1193 De
505 1138 695 1207 appellatione
739 1176 1408 1191 ................
1439 1152 1454 1193 »
1482 1139 1508 1192 iu

366 1245 427 1298 485,
448 1244 487 1299 De
504 1244 669 1299 executione
692 1282 1410 1297 .................
1443 1258 1457 1299 »
1471 1245 1511 1297 599

827 1456 987 1511 TlTULUS
1007 1456 1077 1509 vlll.

424 1617 460 1653 ult
479 1615 619 1654 Paocnssu
637 1615 788 1655 SERVANDO
807 1615 835 1653 ln·
857 1614 1028 1653 tnaoonnols
1047 1614 1100 1652 vltt.
1120 1614 1319 1654 DECLARANDlS
1339 1612 1473 1654 GENSURlS.

363 1777 424 1829 486.
445 1776 536 1829 Aliter
560 1775 717 1844 proceditur
740 1777 775 1831 ad
799 1776 966 1832 sententiam
992 1778 1257 1838 condemnator-inm,
1278 1776 1363 1831 aliter
1383 1776 1415 1829 ed

470 1884 696 1938 declaratorium.
717 1884 745 1937 ln
766 1884 862 1953 primis
879 1884 912 1939 de
931 1886 1189 1939 cundemnntonia.
1227 1923 1234 1937 .
1273 1925 1279 1938 .
1316 1923 1323 1937 .
1362 1924 1369 1938 .
1402 1901 1460 1955 pap.
1476 1885 1514 1938 511

362 1990 423 2043 487.
444 1991 544 2045 Fertur
563 1997 674 2058 propter
691 1991 802 2059 culpem
820 2008 938 2061 precem
958 2008 1011 2045 non
1030 1992 1143 2045 omnino
1159 1993 1365 2062 praeteritum.
1402 2032 1409 2045 .
1443 2005 1459 2047 »
1488 1992 1516 2044 ib.

363 2096 424 2150 488.
445 2097 486 2151 De
501 2098 653 2151 monitione
671 2096 874 2165 praemittenda
888 2097 933 2151 vel
946 2106 1029 2162 trena,
1049 2097 1093 2151 vel
1108 2099 1169 2152 'urie
1188 2114 1238 2169 pro
1256 2101 1353 2165 tribue,
1372 2098 1414 2152 vel

468 2204 567 2258 ealtern
588 2207 660 2258 bino.
680 2204 719 2258 De
737 2206 827 2257 sume
840 2206 1002 2257 munitionis
1004 2241 1414 2259 ..........
1448 2220 1464 2259 »
1480 2207 1522 2259 518

362 2312 423 2366 489.
442 2311 583 2374 Quomodo
600 2312 809 2380 concipiendum
827 2313 865 2365 eit
883 2317 1028 2367 decretum
1044 2330 1179 2367 censurae
1182 2352 1416 2369 ......
1449 2314 1524 2372 »513

360 2420 421 2473 490.
441 2420 592 2475 Censorem
614 2424 809 2474 comminutam
833 2420 956 2474 retardat
981 2420 1016 2473 ab
1038 2420 1202 2475 executione
1220 2418 1265 2475 vel
1285 2420 1412 2475 eamdem

468 2528 579 2598 penitus
596 2526 672 2582 tollit
690 2528 841 2588 excusatio,
859 2528 986 2597 exceptio
1005 2526 1239 2596 incompetentiae
1258 2534 1308 2582 aut
1327 2528 1419 2600 suspi-

468 2636 556 2687 ciorris
574 2640 603 2688 et
620 2635 774 2704 appellatio
780 2673 1373 2690 ..............
1411 2669 1427 2685 .ι
1452 2636 1525 2692 »514

358 2740 421 2795 491.
441 2739 600 2809 Appellatio
618 2753 672 2794 non
692 2741 778 2794 habet
795 2740 922 2795 effectum
937 2741 1130 2810 creponeiuum
1144 2743 1170 2794 in
1185 2757 1332 2795 censuram
1348 2745 1419 2795 irro-

466 2852 561 2917 gatam
601 2887 1416 2904 ...................
1451 2865 1467 2906 »
1499 2851 1529 2902 ib.

358 2955 419 3008 49⁶2.
440 2955 478 3008 De
497 2954 636 3008 sententie
654 2955 844 3008 uectaruoria
860 2971 996 3009 censurae
1000 2993 1416 3009 ..........
1452 2971 1469 3012 »
1500 2957 1530 3008 ib.

359 3059 419 3112 493.
438 3061 631 3114 Declcrntioni
647 3076 780 3114 censurae
805 3061 995 3130 praemittitur·
1017 3065 1098 3115 circlo
1117 3066 1146 3115 et
1164 3064 1288 3115 citationi
1311 3079 1416 3116 necee-

464 3167 539 3234 earin
557 3167 659 3221 notitia
670 3167 796 3220 criminis
806 3171 856 3220 aut
867 3169 1008 3238 inquisitio
1022 3184 1071 3237 pro
1082 3169 1281 3240 insufflatione
1299 3172 1414 3223 curiae.
1453 3187 1468 3223 »
1500 3171 1530 3220 ib.

358 3273 418 3326 494.
438 3273 545 3327 Sufficit
562 3276 646 3328 unica
663 3274 763 3328 citatio
780 3280 810 3328 et
827 3275 964 3345 quomodo
982 3251 1189 3344 concipietur.
1225 3315 1232 3328 .
1270 3312 1277 3327 .
1317 3315 1324 3326 .
1367 3315 1375 3328 .
1416 3315 1423 3328 .
1458 3275 1534 3332 »515

358 3381 419 3434 495.
437 3379 678 3435 iudicialiordine
695 3381 883 3436 discutiuntur
906 3382 1099 3437 excusationes
1117 3399 1134 3434 a
1152 3397 1201 3436 reo
1218 3382 1369 3438 adductae.
1411 3423 1418 3436 .
1455 3397 1472 3438 »
1503 3384 1532 3435 ib.

358 3488 419 3541 496.
439 3487 477 3541 De
495 3487 615 3541 formula
632 3489 790 3543 cententiee
807 3491 1021 3544 declaratore'ce·
1046 3527 1051 3540 .
1090 3529 1096 3541 .
1122 3511 1124 3516 ’
1133 3527 1322 3544 .....
1358 3515 1373 3544 κ.
1413 3529 1420 3544 .
1457 3505 1474 3547 »
1505 3491 1534 3542 ib.

357 3593 419 3648 497.
438 3593 477 3649 De
494 3595 613 3663 simplici
631 3594 844 3650 denuntiatione
867 3633 1420 3652 .............
1455 3611 1473 3653 »
1505 3595 1534 3649 ib.

356 3702 418 3756 498.
438 3702 475 3754 De
493 3702 682 3771 appellatione
700 3720 717 3757 n
735 3705 930 3758 declarator-io
944 3719 1005 3756 cum
1023 3711 1142 3772 utreque
1161 3703 1274 3770 effectu.
1314 3743 1322 3754 .
1366 3743 1374 3755 .
1415 3745 1422 3758 .
1459 3704 1535 3759 »515

356 3807 416 3858 499.
436 3807 623 3862 Posthabetur
640 3811 808 3880 quicumque
827 3809 898 3862 ritus
918 3809 944 3862 in
965 3825 1029 3861 casu
1050 3809 1235 3872 necessitatis,
1254 3825 1302 3862 seu
1326 3827 1423 3880 queem

463 3919 505 3966 eis
522 3916 551 3967 oi
567 3917 721 3983 repellitur
738 3922 767 3970 et
786 3918 813 3969 in
832 3933 897 3969 casu
917 3917 1020 3968 notorii
1044 3952 1422 3970 .........
1460 3916 1535 3972 »511
