3350 5100
406 324 494 378 oona
519 324 555 371 ru
580 324 712 378 ouanro
735 323 913 371 voconius
938 292 1178 370 cenomannos
1312 302 1380 369 667

200 446 366 499 structionis
388 462 547 514 processus,
571 460 634 519 pag.
661 446 723 498 282.
748 474 761 487 ·
818 444 859 497 tio
889 442 1112 508 Pontificalium,
1144 446 1174 495 et
1200 442 1381 496 interdictum

200 516 360 585 Quotuplici
370 518 422 571 sub
433 521 547 585 aspectu
558 516 698 585 pensanda
707 516 764 570 sint
819 516 855 568 ab
873 515 1000 583 ingressu
1022 513 1178 580 Ecclesiae,
1198 530 1260 581 pag.
1289 512 1346 567 136.
1366 541 1381 555 ·

200 588 375 655 documenta,
388 590 453 642 ibid.
819 586 958 655 Episcopi,
976 602 1039 638 cum
1058 601 1154 639 eorum
1173 600 1274 638 causae
1287 584 1381 637 crimi-

818 657 897 712 nales
915 657 972 710 sint
985 658 1113 721 maiores,
1126 656 1211 710 titulo
1223 661 1382 724 competen-

255 730 445 785 Domicilinm.
464 756 499 771 -
520 728 559 783 lle
578 729 766 799 competentia
818 729 877 783 tiae
901 744 956 781 non
981 729 1114 793 subsunt,
1136 743 1199 796 pag.
1223 726 1285 779 235.
1310 756 1324 767 -
1349 726 1381 780 ln

200 801 300 855 iudicis
309 802 338 855 in
347 801 439 855 causis
449 802 649 865 criminalibus,
657 802 765 856 ratione
818 800 931 854 decreto
949 799 1031 853 Gonc.
1046 800 1119 852 Trid.
1134 799 1168 852 de
1186 798 1333 852 sententiis
1346 815 1380 853 ex

199 872 345 937 domicilii,
359 888 422 942 pag.
436 872 498 925 232.
817 872 969 924 informata
980 871 1161 935 conscientia,
1173 870 1285 927 nomine
1297 870 1382 923 Prae·

818 942 940 996 latorum
953 942 981 994 in
995 942 1093 1010 primis
1109 942 1227 996 veniunt
1242 940 1381 1009 Episcopi,

254 1015 367 1068 Domini
376 1012 595 1082 -temporales‚
604 1012 763 1069 libertatem
818 1030 881 1083 pag.
895 1013 955 1067 453.
966 1042 981 1055 ·
991 1016 1034 1066 An
1049 1013 1201 1082 Episcopus
1213 1010 1318 1067 habeat
1330 1027 1379 1080 po·

201 1086 371 1140 matrimonii
386 1086 535 1150 violantes,
544 1086 765 1139 excommunica·
816 1088 950 1140 testatem
967 1084 1113 1153 delegandi
1126 1100 1226 1138 causas
1237 1083 1381 1136 matrimo-

200 1158 276 1212 tione
287 1158 390 1212 nemini
402 1161 545 1211 reservata
554 1172 588 1211 ex
598 1156 762 1211 Conc.Trid.
817 1156 917 1221 nieles,
931 1171 995 1225 pag.
1008 1157 1068 1208 468.
1083 1185 1096 1197 ·
1110 1155 1228 1215 Quinam
1242 1160 1381 1209 asenten·

201 1228 402 1297 percelluntur,
416 1245 477 1298 pag.
491 1228 534 1281 91.
686 1290 687 1293 Ἴ
817 1227 865 1282 tiis
886 1227 1083 1296 Episcoporum
1103 1227 1141 1280 sit
1158 1226 1244 1280 iudex
1257 1226 1382 1294 appella·

816 1300 902 1352 tionis
910 1300 941 1352 iu
949 1297 1305 1352 causismatrimonialibue.
1314 1298 1379 1352 ibid.

253 1371 399 1424 Dueilum.
417 1398 455 1411 -
469 1370 547 1435 Quid,
561 1369 714 1440 quotuplex
732 1373 763 1424 et
814 1399 828 1410 -
840 1370 1001 1439 Episcopus,
1014 1371 1152 1436 pendente
1168 1370 1270 1421 iudicio
1286 1368 1380 1421 laicali

199 1442 299 1512 quibus
318 1442 414 1511 poenis
433 1442 618 1495 mulctaretur
630 1448 659 1495 et
672 1439 762 1494 adhuc
803 1442 846 1495 in
862 1441 988 1506 clericos,
1000 1442 1141 1495 abstinere
1159 1441 1243 1494 debet
1254 1457 1273 1492 a
1284 1441 1381 1507 poenis

198 1512 361 1578 mulctetur,
379 1528 441 1583 pag.
460 1510 496 1565 73
514 1528 553 1583 sq.
816 1514 866 1567 t'er.
876 1515 946 1565 sent.
954 1517 983 1565 et
993 1528 1047 1566 uon
1059 1513 1206 1581 procedere
1212 1511 1309 1580 poenis
1319 1526 1381 1579 pro-

816 1585 876 1653 prie
888 1584 972 1636 dictis
982 1599 1031 1637 seu
1044 1584 1229 1647 vindicativis,
1248 1581 1302 1635 nisi
1318 1584 1380 1650 post

468 1692 498 1759 s
816 1652 1379 1780 internuntiiirin

816 1800 1010 1852 executionem
1022 1797 1174 1851 constitut.
1190 1796 1381 1852 «Sacramen-

254 1867 359 1923 Eisctio
377 1868 575 1936 Reputoffum.
595 1894 629 1907 -
649 1867 761 1937 Aliquid
816 1874 876 1922 tum
897 1869 1119 1923 poenitentiae»
1133 1884 1189 1921 non
1206 1868 1378 1935 sinuntEpi·

199 1939 321 2007 speciale
340 1945 452 1992 cautum
472 1944 514 1993 est
533 1953 583 2007 pro
598 1941 688 1992 forma
702 1954 763 2008 pro-
816 1956 915 2009 scopos
952 1940 1100 2008 procedere
1128 1938 1381 1995 extraiudicialiter

199 2010 313 2092 cedendi
333 2011 360 2062 in
378 2010 468 2063 causis
481 2010 627 2092 electionis
640 2010 763 2092 ltegula·
815 2011 860 2066 vel
879 2027 914 2065 ex
932 2012 1082 2064 informata
1097 2010 1269 2065 conscientia
1280 2013 1379 2091 contra

199 2097 364 2206 inniti·
384 2081 763 2221 {inbrnlniitit
815 2081 1379 2224 {tl'intonuitiniit

200 2223 346 2289 rationem,
356 2238 418 2291 pag.
428 2222 490 2279 520.
500 2252 513 2263 ·
525 2223 689 2291 Explicatur
700 2242 763 2293 pro·
815 2225 1024 2289 sollicitantem,
1034 2225 1068 2279 de
1079 2227 1113 2280 ea
1126 2226 1273 2278 certiorem
1286 2224 1379 2277 facere

199 2310 292 2347 cessus
319 2294 465 2347 ordinatus
493 2295 528 2347 ab
560 2294 675 2349 Urbano
700 2296 762 2349 Vlll
815 2297 899 2352 debet
916 2296 1002 2364 Cong.
1022 2296 1048 2348 S.
1068 2296 1165 2360 Officii,
1185 2312 1247 2365 pag.
1266 2296 1320 2349 550
1337 2312 1378 2364 sq.

200 2369 230 2419 et
254 2366 417 2420 Innocentio
435 2364 493 2419 'Xll
520 2367 708 2421 observandus
732 2368 761 2420 in
815 2368 855 2421 cf.
879 2368 1055 2422 ordinariae.

198 2437 336 2492 eiectione
361 2436 560 2505 Regularium,
581 2455 643 2509 pag.
663 2439 723 2493 521.
745 2469 760 2479 -

199 2506 276 2562 Hanc
286 2508 449 2578 procedendi
465 2509 600 2564 rationem
615 2512 762 2564 confirma·
871 2511 1007 2564 Ennomon
1021 2536 1055 2550 ·-
1071 2508 1110 2563 De
1129 2508 1257 2563 examine
1274 2508 1325 2573 rei,
1338 2513 1380 2562 te-

199 2581 239 2633 vit
252 2580 310 2636 Leo
322 2581 386 2634 Xlll
402 2581 518 2635 Decreto
531 2599 547 2632 ι
558 2583 657 2635 Auctis
669 2582 761 2634 admo-
815 2583 915 2647 stium,
937 2582 1103 2648 coniugum,
1124 2583 1158 2633 ct.
1187 2581 1379 2645 donnicatum,

198 2651 263 2704 dum
276 2665 295 2708 n
308 2658 359 2704 art.
374 2651 399 2714 6,
414 2654 480 2705 ibid.
493 2680 507 2691 -
521 2653 574 2706 Sed
593 2653 619 2704 S.
639 2651 762 2721 Congre-
816 2654 1081 2724 lrrterropotoriom,
1105 2653 1204 2716 Testis,
1225 2653 1342 2706 (lonium-

113 2757 115 2762 ·
198 2723 300 2792 gotio«
309 2723 402 2792 Super
410 2723 561 2792 disciplina
570 2725 697 2794 reputor.
711 2725 761 2778 »si

198 2798 300 2862 agatur
318 2793 350 2846 de
370 2794 513 2846 ordinibus
528 2795 677 2864 religiosis,
690 2793 717 2847 S.
732 2794 760 2846 C.
869 2795 1015 2865 Exceptio.
1038 2821 1073 2834 -
1097 2793 1167 2855 Quid
1191 2795 1325 2862 importet
1349 2795 1379 2847 in

199 2863 254 2916 EE.
274 2867 303 2917 et
321 2864 378 2916 RR.
392 2865 414 2915 si
435 2877 535 2932 agatur
551 2865 584 2919 de
603 2864 763 2934 Congrega·
815 2866 1008 2920 criminalibus
1026 2880 1111 2934 agere
1130 2881 1180 2934 per
1202 2867 1277 2919 riam
1299 2881 1380 2919 exre·

199 2933 323 2988 tionibus
342 2951 390 2988 seu
409 2935 443 2988 de
463 2935 600 2988 lustitntis
613 2937 761 3006 religiosis,
815 2939 927 3008 ptiouis,
940 2937 1013 3007 quod
1024 2940 1058 2991 fit
1068 2934 1113 2991 vel
1132 2938 1255 2992 ciuiliter
1268 2940 1378 3004 proprie

198 3005 618 3130 Ῑρᾟᾚῗὶίἱιιηὲουέιαξνοοοάονο
638 3009 762 3132 {fimi
815 3014 869 3135 pplt)
877 3009 1038 3134 imprpprie,
1050 3009 1303 3132 vpltpriminalitar,
1314 3023 1377 3089 pag.

198 3092 762 3218 lemnitatibuagcumepiiocseesggsiaiinniir:
816 3095 1377 3220 excespltioniilriiillricituiaairirgrzeclbgsliiffi

198 3223 242 3272 rio
261 3235 309 3274 sen
330 3222 475 3282 camerali,
493 3237 556 3290 pag.
572 3223 626 3275 522
644 3223 761 3293 sq.-De
815 3224 1035 3288 accusatorium,
1056 3237 1119 3290 pag.
1146 3221 1204 3275 171.
1232 3250 1245 3264 -
1269 3221 1307 3276 De
1332 3238 1379 3276 ex·

198 3289 336 3346 eiectione
356 3291 529 3356 Monialium,
548 3309 610 3362 pag.
628 3293 689 3347 525.
815 3295 998 3364 ceptionibus,
1012 3311 1074 3362 pag.
1088 3294 1142 3346 244
1160 3309 1198 3363 sq.
1214 3293 1279 3346 -De
1298 3309 1378 3347 exce-

586 3367 587 3372 ’
816 3366 959 3436 ptionibus
976 3367 1005 3418 in
1024 3369 1120 3430 testes,
1139 3380 1203 3433 pag.
1223 3363 1283 3418 314.
1303 3393 1318 3406 ·
1338 3364 1377 3418 De

252 3431 426 3486 Emendatio.
445 3461 482 3474 -
502 3435 649 3502 Proprium
675 3435 762 3489 babet
816 3438 981 3505 exceptione
1002 3438 1232 3506 incompetentius
1256 3440 1306 3489 aut
1327 3451 1376 3488 au-

199 3519 344 3572 proceseus
360 3503 499 3558 iudicialis
510 3506 663 3560 criminalis
674 3506 764 3561 eccle·
815 3511 947 3579 opinionis
965 3510 993 3561 in
1012 3509 1104 3560 causis
1115 3506 1377 3573 matrimonialibus,

199 3575 328 3629 siasticns
344 3581 378 3631 nt
396 3580 479 3629 antea
504 3577 692 3632 emendationi
716 3577 763 3632 de·
815 3595 879 3650 pag.
901 3581 963 3633 472.
982 3605 996 3621 ·
1015 3578 1161 3648 Praecipui
1180 3595 1261 3631 casus
1278 3592 1378 3646 excep-

199 3646 361 3717 linquentis,
380 3646 478 3700 deinde
497 3650 648 3718 prospiciet
667 3650 763 3719 poenis
815 3651 900 3706 tionis
909 3652 1074 3720 mapicionis
1082 3650 1111 3702 iu
1122 3653 1312 3702 accusatorem
1321 3665 1376 3701 ma·

200 3717 375 3787 imponendis
399 3719 555 3790 improprie
579 3722 761 3788 vindicatioia,
815 3721 1376 3791 trimoniiapagdtit.Exceptioincom-

200 3805 263 3858 pag.
282 3788 344 3842 347.
811 3796 953 3864 potentiae
965 3797 1015 3846 aut
1026 3794 1192 3862 nupicionr's
1205 3791 1329 3845 retardat
1340 3793 1376 3846 ab

814 3865 993 3920 exsecutione
1012 3881 1156 3920 censuram
1170 3864 1375 3929 comminatam,

252 3930 464 4014 Episcopon—
484 3931 613 4000 Episcopi
632 3934 762 3988 concubi·
813 3936 859 3991 rel
873 3935 998 3991 eamdem
1011 3936 1123 4005 penitus
1140 3934 1225 3999 tollit,
1238 3950 1301 4004 pag.
1314 3935 1376 3988 514.

199 4017 270 4054 narn
290 4000 429 4057 deferendi
449 4004 559 4057 suntad
573 4003 675 4058 Summ.
691 4004 761 4058 Pon·

200 4073 251 4135 tit,
272 4088 333 4143 pag.
349 4073 415 4156 Ι114,
431 4101 445 4115 ·
458 4073 520 4156 lton
542 4075 695 4130 residentes
713 4093 761 4129 va·
870 4078 1134 4162 Eccornmonicotio.
1145 4106 1178 4119 -
1188 4077 1218 4129 ln
1231 4076 1378 4160 absolven-

199 4159 375 4268 trinitat
390 4144 762 4287 intinniiii..
812 4150 1377 4291 infinita?rtsstttittintn

199 4283 351 4350 Ecclesiae,
364 4285 387 4339 si
407 4287 595 4355 suscipiantur
612 4295 762 4414 anteguanr
812 4307 876 4360 pag.
889 4293 915 4345 6.
934 4320 948 4335 ·
968 4291 998 4344 ln
1016 4290 1148 4374 docentes
1167 4292 1212 4346 vel
1224 4291 1375 4375 detenden-

201 4428 349 4482 incurruut
373 4429 581 4498 suspensionem
600 4431 634 4484 ab
659 4361 765 4487 excedicoi³
811 4362 1376 4504 ltpzdtiapafflitlppppappmpppxppmpxlpg:
