3350 5100
329 289 396 357 438
836 308 921 356 rans
947 308 999 356 111.

325 432 518 517 positmnm
539 432 713 507 scandalo,
729 432 905 520 prasinum
929 432 1091 499 altiorum
1107 437 1267 516 appatere
1287 431 1509 519 diastolen,-

329 556 370 639 ei,
397 556 428 642 l)
451 557 507 623 cai
529 575 691 624 ascensus
722 576 767 624 ln
797 576 919 625 sscnos
949 574 1094 624 onnmns
1118 578 1138 622 a
1162 576 1223 625 sao
1248 557 1430 624 Paestano
1458 576 1507 623 nx

328 699 533 755 ouscanonu
553 665 672 753 causa,
684 700 791 747 nunu
813 700 856 749 os
879 700 1056 749 oocunrau
1074 700 1215 754 carnes,
1233 700 1506 755 consonantem,

328 824 436 873 erran
458 824 806 873 exrnmnnrcrsnrrun
824 806 932 890 fucrit
946 808 1165 890 interdictns;
1188 813 1248 873 ant
1271 806 1305 891 2)
1322 806 1382 892 qni
1398 828 1417 871 n
1434 824 1509 874 sors

328 952 519 1006 onnrurnas,
536 951 603 1000 vna
620 924 799 1015 unsarans,
816 952 883 1001 van
897 953 1137 1003 alemanniam
1153 951 1418 1001 eccansrssrmrs
1433 932 1508 1015 sne

327 1059 374 1125 rit
387 1076 582 1141 mspensass,
606 1043 652 1144 3)1
664 1058 761 1125 natta
777 1064 898 1125 canoa
912 1060 1019 1143 ipsias
1034 1059 1189 1125 Praelati
1204 1060 1411 1126 volantatem
1431 1077 1507 1126 aon·

328 1200 422 1249 cessa
436 1182 572 1250 licentia
587 1183 631 1249 de
644 1202 681 1249 se
701 1200 904 1265 mamonae
925 1182 1085 1265 faciesne
1102 1186 1161 1248 ant
1184 1183 1231 1248 ad
1250 1183 1388 1266 priores
1410 1180 1508 1249 ordi-

327 1322 396 1388 nes,
420 1308 561 1392 prestus,
579 1310 610 1371 et
626 1305 808 1391 diprntatee
821 1306 890 1371 sine
907 1306 1052 1372 honores
1065 1306 1230 1372 restitutio
1245 1307 1457 1391 snfflnpctnr
1473 1326 1505 1368 s.

327 1428 499 1497 Numeros
522 1434 686 1515 posuimus
706 1449 750 1496 ex
773 1434 887 1495 nostra
909 1430 1077 1504 industria,
1095 1432 1127 1495 in
1150 1435 1244 1497 textu
1266 1426 1453 1503 tridentino,
1470 1432 1511 1495 ut

328 1559 396 1620 tres
417 1552 691 1641 distingueremus
714 1561 834 1640 partes.

416 1681 491 1746 384.
509 1680 600 1755 Quod
617 1682 643 1746 si
659 1681 849 1749 advertatur
864 1680 947 1768 apud
968 1682 1158 1748 Gratianum
1174 1682 1207 1746 in
1224 1698 1298 1747 ean.
1316 1682 1342 1761 1,
1360 1698 1451 1747 cans.
1469 1680 1508 1753 2,

326 1823 356 1887 q.
383 1805 411 1870 1.
437 1804 473 1868 Ι).
498 1806 713 1891 Augustinnm
745 1805 910 1872 docuisse:
938 1826 955 1869 s
979 1804 1051 1873 Nos
1074 1806 1111 1870 in
1138 1822 1346 1890 quemqnam
1377 1810 1509 1871 senten-

326 1927 410 1993 tiam
431 1926 527 2010 serre
547 1947 619 1995 non
637 1946 822 2012 posuimus
837 1930 904 1995 nisi
920 1934 981 1995 ant
996 1929 1186 1996 mamalum
1209 1934 1269 1995 ant
1291 1934 1410 2013 sponte
1424 1946 1506 1994 con·

325 2052 488 2135 fessum»
513 2054 745 2141 respondemus
775 2056 848 2127 hoc,
872 2056 906 2119 in
934 2074 1067 2141 genere,
1099 2060 1248 2141 spectare
1277 2052 1317 2119 ad
1348 2052 1507 2119 monadem

326 2178 562 2253 certitudinem,
579 2199 674 2265 qnam
698 2180 797 2246 iudex
820 2180 939 2247 habeat
960 2186 1088 2266 oportet
1111 2180 1151 2247 de
1174 2181 1310 2245 crimine
1333 2184 1506 2263 antequem

326 2306 519 2372 seutentiam
543 2304 628 2378 edat,
654 2307 784 2371 minime
805 2326 887 2371 veru
918 2305 1048 2371 obstare
1076 2307 1246 2391 quominus
1277 2306 1348 2389 quis
1379 2304 1510 2369 dicatur

325 2425 366 2491 de
389 2428 524 2491 crimine
547 2427 719 2494 convictus
741 2432 798 2492 aut
817 2426 999 2509 consessus,
1016 2429 1076 2493 etsi
1093 2432 1188 2493 extra
1203 2426 1379 2501 indicium,
1397 2427 1507 2513 prouti

326 2556 414 2637 patet
444 2569 486 2616 ex
517 2554 569 2617 cit.
602 2571 672 2638 cap.
705 2553 762 2619 Ea
792 2557 908 2618 tenore
938 2552 1119 2618 Alexandri
1153 2553 1211 2617 lll.
1245 2553 1399 2619 Attamen
1431 2552 1508 2635 quia

325 2677 429 2743 media
453 2678 601 2762 poenalia
623 2683 773 2764 spectant
795 2675 836 2742 ad
857 2678 963 2744 forum
984 2685 1175 2759 catenam,
1192 2679 1224 2742 in
1242 2697 1304 2762 quo
1319 2677 1509 2763 proceditur

324 2803 416 2868 iuxta
438 2807 515 2868 acta
530 2809 563 2868 et
573 2803 724 2888 probata
742 2803 958 2876 iudicialiter,
976 2803 1091 2889 regula
1114 2803 1277 2890 generalis
1300 2807 1359 2883 est,
1384 2819 1507 2889 poenm

326 2949 390 2995 non
413 2928 546 2996 decerni
569 2930 631 2994 nisi
654 2930 688 2994 in
711 2947 804 2995 reum
830 2929 1038 2998 iudicialiter
1069 2929 1258 2996 conciatura
1289 2933 1345 2994 aut
1375 2928 1508 3012 confes·

325 3074 423 3137 snm;
445 3029 652 3138 quamobrem
675 3055 838 3120 sententia
861 3055 1143 3122 condemnatoris
1159 3073 1202 3120 ex
1216 3054 1406 3137 informata
1425 3073 1506 3121 con-

325 3178 476 3258 scientia,
500 3197 557 3243 sau
580 3197 623 3242 ex
646 3178 761 3244 morali
782 3178 977 3244 certitudine
993 3177 1200 3245 iudicialiter
1224 3199 1288 3243 non
1308 3183 1505 3262 comparata,

326 3307 375 3368 est
396 3301 575 3367 remedium
599 3303 930 3384 entraordinasinm,
954 3307 1064 3387 utpote
1087 3297 1357 3369 ectroiadiciate'.
1493 3295 1494 3300 ’

415 3425 491 3493 385.
516 3427 612 3494 Gonc.
637 3447 718 3493 vero
748 3427 973 3493 Tridentinum
1001 3447 1065 3493 non
1090 3447 1132 3492 ex
1163 3447 1246 3492 novo
1278 3407 1505 3494 condidithoc

326 3551 491 3619 decretum
507 3552 564 3618 sed
579 3553 754 3638 exscripsit
767 3573 787 3618 e
804 3553 966 3618 Decretali
979 3553 1070 3620 Lucii
1083 3554 1133 3619 III
1150 3553 1182 3618 in
1199 3572 1274 3636 cap.
1287 3553 1321 3626 5,
1338 3551 1388 3618 De
1403 3557 1505 3635 temp.

327 3679 437 3746 ordin.
454 3680 488 3743 X
501 3680 542 3759 (l,
563 3679 629 3762 ll),
645 3697 728 3763 quae
750 3677 919 3755 statuebat,
938 3679 1109 3744 Praelatcs
1124 3679 1293 3765 regulares
1314 3697 1407 3763 posse
1418 3696 1507 3744 suos

326 3801 468 3869 subditos
491 3803 531 3868 ab
547 3802 713 3869 ordinibus
728 3805 797 3869 sive
813 3791 980 3889 susceptis,
998 3805 1067 3869 sive
1086 3803 1296 3889 suscipiendis
1311 3802 1506 3888 prohibere:

329 3947 347 3991 α
364 3927 528 4012 qnoniam
544 3948 614 3995 esse
626 3933 735 4012 potest
750 3929 844 4014 qnod
860 3925 1013 3995 Praetati
1035 3948 1155 3996 eornm
1178 3929 1358 3996 commisso
1375 3933 1505 3995 secreta

216 4127 221 4134 ,
326 4053 483 4120 novnint
497 4073 543 4120 coe
558 4053 680 4139 quibas
691 4059 821 4121 constat
832 4052 890 4135 eis,
904 4054 997 4140 qnod
1007 4056 1104 4120 salva
1117 4053 1321 4120 consciente
1335 4057 1507 4138 nequeant

326 4177 560 4244 sublimari».
587 4173 765 4264 Fagnanus
789 4180 821 4242 in
846 4179 1099 4246 commentariis
1122 4177 1162 4243 ad
1187 4177 1249 4244 hoc
1271 4181 1375 4261 capnt
1402 4175 1505 4248 docet,

328 4321 400 4369 cum
428 4302 610 4375 communi,
634 4302 674 4367 ad
698 4299 888 4388 Reputarcs
910 4302 1079 4368 dumtaxat
1101 4302 1188 4368 hanc
1213 4301 1415 4387 disciplinam
1438 4318 1508 4384 spe

329 4433 442 4504 ctasse,
468 4428 537 4493 iure
561 4428 788 4493 Decretalium.
808 4429 857 4493 Re
881 4447 960 4494 sane
982 4447 1062 4494 vera
1086 4427 1126 4492 ad
1144 4427 1324 4513 Regulares
1346 4445 1410 4492 non
1434 4445 1508 4512 per·
