3350 5100
329 323 396 389 552
844 339 927 387 rens
951 339 1003 386 111.

418 463 521 519 Interr.
541 465 585 517 An
610 463 693 526 scial,
712 461 758 515 vel
776 460 831 514 dici
857 461 992 526 audierit,
1012 460 1115 514 dietum
1135 459 1168 512 N.
1188 459 1220 512 N.
1245 460 1424 524 (nominando
1442 473 1511 527 per-

327 574 436 638 sonam)
459 569 664 624 confesssrium
690 568 857 623 sollicitasse
885 567 956 620 alias
985 567 1159 636 poenitentes
1188 566 1221 618 sd
1252 563 1363 636 turpis?
1389 572 1418 620 et
1445 580 1514 634 qus-

329 681 412 732 tenus
430 681 484 730 etc.

418 785 502 855 Resp.
521 784 647 849 (Notabit
666 783 884 853 responsionem,
902 792 928 835 et
940 783 965 834 si
982 783 1052 836 haec
1070 779 1237 852 offis-»notiora
1255 781 1351 851 suerit,
1365 797 1466 833 nomon
1486 789 1513 832 et

330 909 483 962 oopnomen
498 907 688 961 personarum
706 890 924 944 sollicitatarum
943 891 1072 959 copones
1089 898 1118 942 et
1136 889 1419 955 commanentiae).

419 997 522 1051 lmerr.
543 997 581 1050 De
600 997 675 1050 sams
693 995 845 1064 supradicti
865 993 1033 1049 confessarii
1048 993 1079 1048 N.
1094 993 1127 1048 N.
1142 999 1198 1048 tom
1213 993 1285 1063 apud
1298 1009 1328 1048 se
1340 1009 1424 1063 quern
1437 992 1513 1062 npud

329 1103 419 1159 aliosi
437 1109 467 1160 et
485 1109 623 1175 quatenus
642 1108 696 1157 etc.

419 1211 503 1280 Rosp.
523 1210 754 1280 (Responsionom
773 1207 955 1278 exscribere).
1095 1281 1101 1292 Ι

424 1313 525 1368 Interr.
545 1317 589 1366 An
608 1311 672 1366 odio
690 1311 735 1366 vel
754 1326 848 1366 amore
868 1311 994 1380 praefato
1013 1310 1181 1380 deposuerit,
1202 1317 1232 1364 et
1252 1325 1336 1380 super
1354 1310 1515 1375 inimicitia,

329 1421 450 1490 aliisque
468 1417 647 1489 generalibus
665 1423 731 1482 otc,
749 1423 777 1471 et
797 1421 935 1488 quatenns
954 1423 1006 1472 etc.

419 1528 502 1598 Resp.
523 1527 610 1582 Recte
629 1525 666 1595 (si
678 1527 716 1578 ad
723 1529 874 1595 propriam
887 1526 1084 1580 conscientiam
1097 1528 1308 1578 exonerandam
1327 1526 1515 1579 denunciosss

329 1652 360 1688 se
378 1634 471 1701 dicet).
493 1635 523 1686 Si
540 1651 558 1686 o
575 1633 774 1686 sollicitatione
796 1631 864 1701 plus
887 1649 942 1685 nno
968 1647 1063 1686 mense
1086 1632 1317 1702 praeterlapsum
1340 1633 1516 1702 [incoluerit

331 1747 416 1796 etiam
435 1742 653 1811 intorropanda:

418 1845 524 1901 interr.
543 1845 600 1898 Cur
617 1844 723 1898 tamdiu
736 1842 877 1898 distulerit
896 1844 1022 1913 proefsts
1039 1843 1207 1898 denunciare
1227 1844 1338 1913 proprio
1357 1843 1516 1907 Ordinsrio,

330 1956 360 2006 et
377 1951 578 2005 conscientium
596 1967 675 2003 suam
694 1945 865 2004 exonerare?

420 2057 504 2127 Resp.
523 2056 648 2124 (Notadit
666 2056 895 2127 responsionem).

691 2237 778 2290 Actus
796 2235 948 2289 claudatur
965 2237 1016 2288 hoo
1034 2236 1151 2290 ratione.

419 2378 524 2439 Quibus
549 2378 653 2432 habitis
671 2383 701 2432 et
719 2377 874 2446 acceptetis
892 2384 945 2431 etc.
965 2377 1094 2430 dimissus
1113 2375 1169 2445 (vel
1188 2377 1312 2444 dimissu)
1333 2378 1386 2430 fuit
1404 2377 1515 2430 iuratus

331 2482 388 2554 (vel
407 2479 512 2554 iurata)
524 2483 558 2538 de
570 2482 684 2537 silentio
702 2483 838 2537 sewsndo
856 2481 891 2536 od
911 2497 1012 2536 novum
1031 2486 1138 2536 tectum
1156 2481 1202 2535 SS.
1217 2483 1265 2537 Dei
1282 2481 1514 2550 Evangeliorum:

330 2592 428 2663 (super
448 2592 637 2662 annqelinm
654 2594 758 2645 iterum
775 2592 888 2659 iurabit)
902 2596 931 2645 et
944 2591 972 2643 in
991 2592 1229 2645 confirmationem
1250 2590 1463 2659 praemissorum
1483 2608 1515 2645 se

330 2699 494 2767 subscripsit
513 2699 551 2767 (et
569 2702 594 2752 si
611 2700 736 2753 scribere
752 2698 871 2766 nesciat)
883 2702 913 2751 et
925 2714 986 2750 cum
1004 2697 1126 2753 scribere
1146 2684 1279 2763 nesciret,v
1289 2702 1371 2766 prout
1384 2698 1515 2761 asseruit,

330 2803 398 2858 fecit
416 2803 526 2871 signum
545 2800 642 2856 Crucis
661 2802 775 2872 (Crucis
792 2805 904 2871 sipnum
923 2802 1031 2856 calamo
1050 2803 1212 2871 faciendum
1231 2802 1266 2854 ab
1285 2818 1317 2855 eo
1337 2803 1449 2871 emper).

421 2910 569 2981 Postquam
592 2912 767 2964 denuncians
789 2913 819 2962 se'
843 2911 1055 2979 subscripserit.
1073 2919 1122 2963 aul
1146 2908 1244 2962 Crucis
1267 2910 1378 2979 siqnum
1403 2912 1513 2979 fecerit,

330 3018 486 3071 subscribet
502 3032 533 3071 se
551 3019 698 3085 delepolus
715 3019 767 3070 hoo
784 3018 881 3070 modo:

422 3128 493 3178 Acts
511 3129 577 3177 sunt
602 3124 671 3179 haec
690 3141 739 3193 per
763 3142 807 3179 me
826 3123 860 3177 N.
881 3124 913 3177 N.
934 3125 968 3177 ab
989 3120 1070 3177 lllriio
1089 3129 1118 3178 et
1137 3120 1245 3178 Revr'iro
1271 3124 1406 3177 Antistite
1424 3122 1458 3175 N.
1479 3122 1513 3175 N.

331 3235 363 3285 ut
381 3248 465 3300 supra
483 3231 644 3298 specialiter
662 3230 830 3299 delegatum.

420 3336 567 3407 lineorum
578 3339 680 3391 deinde
692 3348 785 3391 actum
798 3340 903 3393 directe
916 3337 954 3391 ad
964 3340 1114 3407 proprium
1131 3337 1314 3391 ordinarium
1332 3337 1513 3405 delegantem

330 3442 497 3495 transmittet
514 3460 572 3495 nno
591 3460 655 3496 cum
673 3443 855 3497 instructione
873 3453 900 3496 st
920 3442 1011 3495 litoris
1029 3446 1149 3512 acceptis
1167 3443 1239 3495 nihil
1257 3443 1369 3496 omnino
1387 3442 1465 3512 opud
1483 3460 1514 3495 se

332 3550 486 3603 retinendo.

423 3692 600 3756 Praeterea
623 3712 688 3756 non
710 3692 809 3757 semel
827 3694 859 3756 iu
875 3691 1137 3758 denunciatione
1160 3692 1244 3756 alise
1259 3710 1419 3775 personae
1434 3692 1514 3757 indi·

332 3818 476 3901 gitantur
498 3836 581 3900 quae
603 3815 644 3880 sb
660 3814 772 3881 eodem
788 3816 988 3881 confessario
1012 3815 1271 3880 sollicitationem
1295 3835 1409 3899 passae
1425 3822 1512 3883 sunt.

331 3958 414 4023 quoe
436 3947 544 4004 minen
561 3940 681 4005 nnllam
696 3940 847 4005 fecerunt
863 3939 1161 4016 denunciationem
1186 3947 1219 4005 et
1234 3946 1313 4005 tunc
1327 3940 1368 4004 ud
1383 3942 1512 4025 perqui-

333 4063 468 4130 rendum
491 4084 603 4130 rerum
626 4067 797 4130 veritatem
821 4064 907 4129 hano
930 4064 1029 4129 edidit
1047 4064 1103 4129 die
1118 4064 1169 4129 20
1185 4063 1266 4128 Iulii
1282 4064 1374 4129 1890
1391 4044 1514 4129 Instru-

334 4188 474 4253 ctionem
498 4189 581 4253 haec
604 4188 831 4274 Congregatio.

421 4342 483 4397 Non
501 4360 565 4399 raro
583 4345 619 4397 sd
635 4344 708 4398 hsnc
726 4344 978 4413 Congregstionem
999 4344 1118 4399 Sanctae
1139 4344 1280 4399 Romanae
1292 4350 1322 4399 et
1339 4344 1515 4401 Universnlis

333 4448 524 4519 Inquisitionis
537 4451 767 4504 transmittuntur
779 4451 814 4504 sb
825 4448 978 4503 Ordinariis
991 4449 1035 4503 vel
1049 4466 1066 4503 a
1079 4450 1163 4504 Sacra
1177 4450 1397 4506 Poenitentisris
1408 4450 1514 4505 denun-
