3350 5100
356 251 422 318 568
863 272 947 320 rans
972 271 1022 319 111.

356 390 466 458 gradus,
479 390 569 462 quoad
588 391 629 444 ita
648 408 692 446 res
710 393 792 458 ferat,
805 393 839 446 ad
853 394 1044 464 particularia
1058 391 1229 448 deveniendo
1242 391 1410 461 interrogari
1421 391 1523 456 dabam,

356 500 449 550 utrum
463 502 492 552 et
508 498 645 568 quomodo
658 515 756 554 revera
767 500 872 554 fuerint
885 499 962 568 ipsae
974 498 1154 564 sollicitatae,
1166 499 1212 554 vel
1224 497 1297 552 stiae
1307 513 1437 568 personas
1448 498 1525 552 tuisse

356 603 523 659 sollicitatas
542 605 663 670 viderint
680 607 725 662 rel
744 607 893 666 audierint.

449 712 489 765 10.
505 714 627 782 Accepta
638 713 853 769 denunciatione
867 730 921 770 non
935 714 1013 769 illico
1026 713 1193 784 proceditur,
1204 713 1253 768 sed
1264 731 1282 767 a
1293 714 1437 782 superiore
1447 713 1529 768 eccle-

357 817 471 874 siastico
489 819 593 890 inquiri
606 819 701 876 sedulo
715 820 807 887 debet,
820 825 915 876 utrum
932 837 1050 892 persona
1067 821 1238 876 denuncians
1249 821 1289 874 sit
1299 821 1354 875 lide
1365 820 1461 890 digna.
1475 819 1530 874 Sol-
1621 866 1622 869 ,

357 925 522 980 licitationie
540 927 654 994 crimen,
668 933 699 982 ut
714 927 875 997 plurimum,
886 933 994 982 secreto
1008 932 1199 998 perpetratum
1211 927 1277 982 hinc
1293 926 1473 996 priuilegium
1483 933 1531 990 est,

359 1033 431 1088 utin
444 1034 543 1100 causis,
556 1050 628 1104 quae
647 1038 745 1090 contra
763 1033 815 1088 hoc
834 1035 941 1088 crimen
959 1034 1155 1099 instituuntur,
1166 1033 1201 1088 ad
1214 1033 1324 1102 plenam
1344 1032 1531 1102 probationem

357 1138 513 1193 faciendam
538 1141 732 1196 attestationes
757 1140 844 1196 etiam
868 1140 1026 1209 singulares
1049 1139 1242 1194 admittantur.
1266 1139 1306 1194 nt
1324 1139 1353 1191 in
1375 1137 1532 1194 memoratis

358 1259 527 1298 summorum
547 1243 715 1299 Pontificum
733 1245 981 1300 constitutionibus
1000 1244 1208 1314 praescribitur,
1222 1261 1256 1301 ne
1275 1261 1339 1298 com
1351 1244 1473 1299 testibus
1482 1242 1534 1296 ain·
1623 1210 1624 1257 ἔ

359 1349 504 1420 gularibus
522 1350 696 1421 procedatur,
716 1353 768 1408 nisi
788 1352 1038 1422 praesumptiones,
1049 1351 1153 1406 indicia
1169 1356 1200 1406 et
1216 1351 1276 1406 alia
1292 1349 1464 1406 adminicula
1477 1365 1535 1404 con·

359 1462 482 1512 currant.
502 1431 612 1512 Pondus
630 1458 717 1527 igitur
736 1459 870 1530 cuiusque
887 1458 1118 1525 denunciationis,
1136 1459 1289 1529 qualitates
1306 1465 1336 1513 et
1353 1459 1534 1512 circumstan-

359 1567 416 1620 tias
428 1567 502 1620 serio
514 1571 699 1638 accurateque
718 1567 929 1638 perpendendae
940 1571 1015 1632 sunt,
1026 1572 1057 1623 et
1068 1573 1218 1638 antequam
1231 1570 1329 1620 contra
1339 1565 1534 1621 denunciatum

361 1671 525 1740 procedatur
544 1677 719 1742 perspectum
738 1671 969 1742 exploratumque
987 1671 1071 1726 indici
1084 1687 1145 1726 esse
1157 1671 1248 1734 debet,
1261 1671 1334 1742 quod
1349 1670 1485 1726 mulieres
1495 1671 1534 1725 rel

359 1779 412 1832 riri
431 1779 629 1834 denuntiantes
653 1780 711 1834 sint
729 1769 794 1834 boni
814 1780 935 1834 nominis
953 1796 1043 1849 neque
1061 1778 1095 1832 ad
1114 1779 1298 1833 accusandum
1318 1777 1362 1833 vel
1381 1778 1536 1842 inimicitia,

360 1881 404 1936 rel
424 1882 480 1937 alio
501 1881 624 1936 humano
649 1884 749 1938 affectu
775 1883 955 1938 adducantur.
975 1884 1093 1952 Oportet
1111 1883 1201 1948 enim,
1220 1885 1252 1938 ut
1270 1886 1357 1938 testea
1380 1881 1535 1936 huiusmodi

360 1989 518 2059 singulares
529 1990 564 2043 ab
578 1991 707 2045 omnibus
726 1989 843 2060 privetis
855 1991 1049 2046 affectionibus
1067 1990 1125 2044 sint
1142 1990 1289 2051 immunes,
1302 1992 1334 2044 ut
1345 1989 1416 2059 ipsis
1431 1990 1537 2057 integra

360 2097 429 2151 fides
447 2096 544 2151 baberi
564 2098 653 2165 possit
671 2097 720 2168 (l).

452 2204 491 2260 ll.
511 2205 552 2258 Ea
570 2208 613 2260 eet
632 2205 714 2260 huius
736 2221 883 2276 supremae
901 2204 1092 2277 Inquisitionis
1116 2203 1301 2271 consuetudo,
1319 2209 1352 2259 ut
1369 2209 1436 2275 post
1459 2221 1537 2258 unam
1626 2222 1627 2243 ι

360 2309 514 2365 alteramve
532 2310 775 2366 denunciationem
794 2313 977 2378 rescribatur,
995 2311 1068 2382 quod
1086 2309 1286 2377 denunciatus,
1303 2313 1485 2377 cosmetur,
1501 2312 1537 2366 ita
1626 2328 1627 2333 ¹

361 2417 491 2473 videlicet
509 2435 592 2488 super
610 2418 703 2474 delato
722 2419 839 2474 crimine
857 2424 1002 2488 suspectus
1023 2418 1174 2485 habeatnr,
1194 2428 1226 2472 ut
1242 2435 1328 2490 quum
1352 2418 1475 2486 primum
1494 2434 1537 2487 per

362 2539 450 2579 noras
468 2524 697 2581 denunciationes
717 2541 760 2581 res
773 2526 921 2597 explorata
939 2526 1001 2593 erit,
1014 2527 1043 2581 in
1055 2525 1188 2581 indicium
1204 2525 1348 2581 vocandus
1362 2525 1410 2580 sit.
1431 2524 1470 2581 Ul
1484 2523 1538 2595 plu·
1627 2551 1628 2556 ι

362 2632 462 2686 rimum
482 2632 591 2687 nonnisi
610 2649 627 2686 a
645 2634 730 2687 tertia
748 2632 960 2688 denuntiatione
979 2633 1091 2703 procedi
1109 2632 1192 2687 solet.
1213 2632 1255 2685 Ad
1280 2631 1398 2685 formale
1425 2647 1537 2685 examen
1627 2605 1628 2616 ἵ

363 2745 496 2793 vocantur
515 2737 627 2809 parochi
647 2740 691 2795 vel
711 2742 846 2809 probatae
864 2740 929 2795 lidei
947 2744 1145 2809 spectataeque
1167 2739 1281 2793 uirtutis
1298 2738 1351 2793 riri
1376 2738 1538 2807 praesertim

362 2846 554 2911 ecclesiastici,
566 2846 614 2917 qui
634 2863 696 2901 cum
710 2850 867 2902 iuramento
880 2846 1047 2902 decoritate
1065 2846 1183 2902 dicenda
1194 2851 1225 2901 et
1236 2846 1270 2899 de
1282 2850 1391 2900 secreto
1406 2842 1538 2901 serrendo

362 2972 445 3024 super
463 2954 646 3025 qualitatibus
670 2954 899 3009 denunciantium
923 2958 953 3010 et
970 2954 1145 3013 denunciati.
1164 2959 1193 3008 et
1211 2970 1295 3023 super
1316 2954 1424 3007 mutuis
1446 2968 1538 3006 eorum

362 3060 433 3114 odiis
445 3067 475 3115 et
487 3060 642 3117 inimicitiis
661 3062 865 3130 examinentur.
884 3061 967 3116 Hisce
980 3060 1101 3129 peractis
1111 3058 1276 3130 diligentiis,
1288 3076 1353 3114 reos
1366 3059 1396 3113 in
1410 3058 1538 3113 iudicium

363 3168 516 3235 adducitur,
535 3175 564 3223 et
582 3150 675 3223 coram
695 3170 786 3223 iudice
804 3184 868 3223 cum
887 3169 1046 3223 interventu
1071 3167 1255 3223 ecclesiastici
1274 3166 1341 3231 riri,
1360 3166 1408 3235 qni
1431 3166 1538 3229 notarii,

363 3281 457 3345 partes
475 3282 550 3345 agat,
569 3292 652 3345 super
670 3276 789 3347 singulis
809 3277 942 3346 cuiusque
960 3275 1183 3331 denunciationis
1201 3281 1231 3329 et
1249 3274 1371 3328 examini
1395 3272 1539 3337 adiunctis,

364 3383 520 3438 iuramento
538 3382 671 3439 dicendae
689 3384 818 3439 veritatis
836 3383 989 3437 obstrictus
1010 3380 1177 3451 respondere
1196 3380 1287 3437 debet
1311 3380 1434 3434 Cavetur
1459 3380 1540 3433 soler·

362 3488 478 3555 tissime,
496 3506 531 3543 ne
550 3490 777 3545 denunciantium
803 3488 917 3543 nomina
934 3504 982 3543 rao
1005 3488 1221 3541 manifestentur
1240 3489 1269 3541 et
1288 3503 1323 3541 ne
1340 3484 1540 3541 sacramentale

364 3593 488 3665 sigillum
507 3595 699 3667 quoquomodo
717 3594 846 3650 violetur.

455 3702 496 3755 12.
514 3700 628 3763 Quando
648 3706 793 3771 perspecta
807 3701 930 3756 eraserit
948 3700 1051 3768 patrati
1070 3699 1196 3755 criminis
1214 3698 1328 3759 verius
1341 3712 1389 3751 reo
1403 3696 1437 3751 ad
1450 3696 1540 3753 defen·

364 3808 479 3874 sionem,
498 3813 580 3875 prout
599 3806 661 3861 iura
679 3813 848 3877 exposcunt,
867 3805 1002 3870 admisso,
1021 3804 1221 3860 deveniendum
1240 3804 1297 3859 erit
1314 3803 1348 3856 ad
1367 3802 1411 3857 illi
1429 3800 1540 3857 interdi-

365 3914 481 3971 cendum
495 3915 523 3968 in
537 3919 710 3984 perpetuum,
724 3930 758 3969 ne
770 3913 958 3969 confessiones
970 3912 1101 3981 excipiat,
1110 3910 1301 3966 subtrahendo
1313 3926 1411 3965 omnes
1422 3914 1451 3967 et
1462 3926 1539 3980 quss-

365 4038 483 4093 cumque
501 4022 651 4077 facultates
663 4022 696 4074 sd
710 4020 738 4075 id
751 4020 874 4076 muneris
892 4020 980 4075 eidem
993 4020 1080 4074 etiam
1095 4035 1145 4087 per
1156 4018 1349 4089 quodcumque
1363 4016 1538 4087 privilegium

365 4129 410 4185 vel
430 4130 465 4184 ab
485 4130 545 4198 ipaa
564 4133 661 4183 sancta
679 4128 748 4183 Sede
767 4128 933 4197 impertitas
953 4126 1115 4181 Huiusmodi
1134 4126 1302 4180 sententiam
1321 4124 1473 4195 Episcopus
1483 4124 1537 4191 ipse

365 4244 395 4293 et
414 4254 468 4293 non
487 4238 561 4292 alins
579 4238 614 4291 ab
633 4252 668 4291 eo
680 4235 826 4304 delegatus
845 4235 983 4303 proterat:
1001 4238 1031 4287 et
1044 4248 1094 4301 pro
1106 4232 1187 4286 modo
1199 4230 1306 4302 culpae,
1318 4237 1404 4302 atque
1416 4231 1537 4285 omnibus

457 4413 489 4468 (l)
503 4416 539 4457 Ex
554 4414 664 4457 Instruct.
679 4414 746 4457 iussu
762 4413 796 4456 Pii
811 4412 853 4466 Vl,
867 4424 927 4455 anno
943 4412 995 4453 1775
1008 4410 1037 4453 ad
1052 4410 1129 4453 Vicar.
1142 4416 1219 4465 apost.
1232 4409 1368 4453 cociucim
1379 4406 1442 4451 data.
