3350 5100
328 281 396 374 324
843 300 927 347 runs
954 301 990 347 11.
1043 344 1047 352 .

328 427 365 490 ln
388 436 542 511 processu
565 425 755 492 summario
778 424 972 491 observatur
995 412 1183 497 substantia,
1209 446 1324 512 nempe
1347 425 1383 493 fit
1406 447 1503 493 accu-

259 605 263 610 .
326 550 458 615 sationis
477 550 668 615 contestatio
684 554 717 613 et
731 552 917 635 assignatur
931 557 1082 617 accusato
1098 552 1256 617 terminus
1270 550 1502 634 probatorius,

326 678 378 760 qui
395 676 568 760 prorogari
583 680 698 760 potest,
711 695 771 760 pro
786 675 982 741 deducendis
992 694 1069 741 suae
1081 676 1278 743 defensionis
1292 679 1504 762 argumentis,

240 805 245 816 '
326 802 432 887 prouti
455 800 598 883 explicat
621 801 674 867 cit.
699 801 782 865 lust.
801 835 819 848 -

415 925 491 990 253.
520 925 562 992 Ut
586 926 640 990 vie
662 931 790 1009 pateret
810 925 1008 999 defensioni,
1037 925 1209 992 observata
1232 945 1331 1011 usque
1354 925 1417 993 init
1435 945 1502 1009 pn·

327 1050 460 1118 bliautt'o
481 1070 661 1133 processus
683 1051 856 1135 offanum
880 1057 913 1116 et
934 1051 989 1115 hic
1012 1053 1155 1117 continet
1169 1072 1281 1117 omnes
1297 1050 1505 1136 probationes

326 1176 361 1239 in
383 1180 569 1241 accusatum
593 1175 633 1241 ab
655 1181 848 1243 accusatore
870 1182 1083 1261 comparatas.
1101 1177 1192 1252 Quae
1212 1175 1385 1262 publicatio
1408 1196 1505 1261 prae·

328 1302 445 1369 cedere
474 1302 570 1368 debet
598 1304 771 1367 terminum
802 1321 992 1367 concessum
1015 1302 1056 1368 ad
1079 1304 1357 1387 articulandum3
1387 1312 1420 1370 et
1449 1322 1506 1369 reo

328 1428 442 1494 nedum
460 1429 556 1513 plena
570 1430 683 1495 notitia
701 1428 756 1494 sed
780 1434 814 1494 et
836 1430 929 1513 copia
945 1448 1124 1514 processus,
1140 1431 1167 1495 si
1182 1429 1269 1495 hanc
1285 1434 1382 1514 petat,
1399 1429 1505 1495 dando

327 1558 386 1618 est.
411 1549 591 1637 Pellegrini
614 1553 637 1616 1.
661 1551 712 1617 att.
739 1550 822 1617 Seot.
848 1552 890 1627 X,
914 1572 948 1616 n.
974 1552 1027 1617 12.
1054 1552 1111 1638 (l).

417 1675 455 1739 ln
479 1671 702 1739 criminalibus
725 1693 790 1738 non
813 1673 1006 1741 observatur
1021 1676 1184 1741 conclusio
1202 1676 1241 1741 in
1264 1695 1378 1749 causa,
1397 1678 1505 1761 prouti

327 1801 366 1863 in
388 1798 550 1872 mnitibus
567 1820 610 1865 ex
628 1819 691 1882 qua
713 1797 749 1863 dt
763 1806 799 1865 ut
812 1802 916 1865 actori
933 1806 967 1865 et
983 1820 1040 1867 reo
1055 1802 1297 1895 praecludatur,
1313 1801 1504 1875 ordinario,

326 1923 431 1988 aditus
453 1923 662 1989 ulterioribus
680 1923 923 2009 probationibus
938 1925 1143 1992 adducendis.
1164 1926 1375 1991 Nihilominus
1392 1925 1505 1991 decre·

327 2050 395 2111 tum
418 2046 643 2113 conclusionis
665 2046 763 2112 edere
786 2054 1001 2134 opportunum
1025 2056 1084 2113 est.

419 2169 524 2233 Porro
549 2169 588 2233 in
617 2168 853 2237 criminalibus
882 2177 1052 2237 accusatus
1078 2191 1207 2256 semper
1238 2171 1338 2255 pollet
1367 2174 1439 2235 iure
1469 2190 1505 2235 se

328 2290 536 2367 defendendi;
553 2292 610 2356 sed
633 2294 815 2358 accusatori
837 2314 895 2359 seu
915 2296 1107 2377 promoturi
1128 2294 1247 2380 fiscali,
1264 2299 1335 2379 post
1352 2292 1506 2377 publicu·

329 2422 401 2481 tum
420 2429 618 2497 processum
645 2416 878 2501 mpuisitioum
908 2438 965 2483 seu
995 2418 1197 2501 offensiuum
1224 2420 1316 2483 iuxta
1342 2418 1504 2481 veriorem

328 2541 528 2612 sententiam,
544 2540 708 2624 integrum
731 2559 796 2605 non
814 2545 866 2605 est
882 2560 988 2608 nouos
1007 2532 1169 2606 deducere
1188 2545 1285 2607 testes
1299 2561 1399 2627 super
1419 2541 1504 2625 capi-

328 2667 403 2731 tulis
429 2669 491 2732 iam
523 2667 727 2741 contestatis;
756 2673 789 2730 at
815 2687 912 2751 super
937 2667 1035 2733 noum
1065 2667 1240 2767 capitulis,
1269 2668 1377 2751 prouti
1408 2685 1508 2751 super

328 2790 495 2857 ueteribus
517 2793 633 2856 iterum
657 2793 839 2875 iterumque
861 2791 990 2857 adducti
1017 2799 1115 2859 testes
1138 2812 1158 2856 a
1180 2794 1286 2857 indice
1308 2794 1506 2857 instructore

329 2915 376 2980 ud
396 2913 595 2980 instantiam
618 2917 813 2998 promotoris
836 2913 903 2979 dsc.
921 2921 976 2980 aut
992 2933 1038 2990 em
1056 2915 1163 2999 officio
1181 2917 1361 2981 examinari
1386 2916 1506 2980 valent.
1528 2934 1534 2942 ·

331 3039 508 3123 Pellegrini
536 3040 596 3105 loc.
621 3041 673 3105 cit.
700 3040 785 3105 Sect.
813 3039 855 3112 X,
883 3060 918 3105 n.
945 3039 1004 3105 20.
1032 3075 1049 3088 -
1077 3041 1289 3105 Nihilominus
1316 3060 1375 3124 pro
1407 3040 1507 3104 curiis

329 3163 457 3235 eccles,
475 3164 583 3227 verius
598 3168 648 3228 est
662 3164 726 3227 hoc
749 3183 813 3228 non
835 3165 937 3228 licere
959 3163 1128 3230 iudicibus
1149 3163 1410 3230 instructoribus
1432 3165 1505 3248 (nisi
1554 3191 1560 3201 ·

329 3288 502 3371 ampliores
534 3291 720 3373 receperint
750 3288 921 3353 facultates
952 3291 985 3353 in
1015 3289 1164 3354 mandato
1195 3285 1417 3373 delegationis)
1442 3306 1505 3352 uon

329 3432 408 3476 vero
424 3413 483 3495 ipsi
500 3412 596 3477 iudici
614 3412 788 3478 Ordinatio
803 3432 863 3478 seu
874 3413 1033 3480 Praestat
1047 3414 1239 3486 tribunalis,
1257 3415 1310 3497 qui
1327 3413 1418 3506 nullo
1435 3415 1509 3479 iure

330 3539 457 3621 cogitur
479 3535 643 3604 abstinere
666 3556 686 3600 a
708 3538 852 3621 legitima
881 3537 1082 3622 probatione,
1111 3540 1142 3602 in
1174 3557 1350 3623 progressu
1373 3557 1507 3603 accusa-

419 3781 459 3850 (l)
478 3780 583 3835 Notsnt
601 3779 657 3834 111).
666 3781 712 3852 (cf.
725 3781 814 3834 Bouix
833 3780 866 3846 ll,
880 3797 904 3850 p.
919 3781 982 3848 216)
1001 3782 1030 3833 in
1050 3781 1217 3850 publicando
1228 3798 1357 3852 processu
1376 3783 1405 3836 in
1425 3798 1512 3851 appo·

329 3888 384 3942 sita
402 3887 522 3941 formula
534 3888 636 3954 aaron,
647 3888 754 3957 copiam
773 3887 886 3942 concedi
905 3891 1038 3959 «absque
1055 3891 1167 3943 nornine
1185 3893 1296 3944 testium
1307 3891 1362 3944 nisi
1374 3906 1510 3960 comesse

329 3995 598 4050 reusdeclcrauerit
614 4010 644 4048 se
663 3997 750 4048 dictos
763 4004 845 4049 testes
856 3997 959 4049 habere
974 4013 1029 4065 pro
1048 3997 1101 4050 rite
1120 4005 1147 4051 st
1165 4007 1240 4051 recte
1260 3998 1435 4064 examinatis,
1455 4014 1510 4068 qua

331 4103 407 4169 facta
424 4101 615 4154 declaratione
628 4104 712 4154 etiam
722 4102 836 4156 nomina
852 4102 963 4156 testium
979 4103 1049 4172 ipsis
1064 4077 1264 4172 pandantur».
1284 4101 1412 4156 Vidimus
1425 4118 1512 4172 supra.

330 4205 467 4274 quomodo
485 4221 520 4260 ex
538 4204 592 4259 bac
609 4205 800 4262 declaratione
820 4209 991 4277 lepitimetur
1014 4223 1170 4278 processus.
1190 4206 1242 4262 Sed
1268 4224 1399 4277 processu
1420 4211 1508 4278 iuscr-

331 4313 432 4363 mnttoo
450 4310 537 4364 semel
557 4311 720 4381 iepin‘muto,
738 4311 786 4382 qui
805 4316 904 4381 postea
928 4312 1077 4366 instruitur
1103 4327 1248 4382 processus
1273 4313 1426 4384 offensionis
1453 4329 1508 4366 non

332 4416 439 4484 indiget
457 4415 510 4469 hac
528 4417 721 4472 declaratione
739 4423 788 4470 attt
807 4419 1009 4488 tepitimatione
1027 4425 1057 4472 et
1075 4418 1197 4488 planum,
1209 4423 1262 4473 est.
