3350 5100
311 256 380 321 302
826 278 909 324 raas
939 277 975 325 11.

308 397 565 483 submittam
592 399 691 474 testis,
716 419 863 466 nxsnnn
891 418 1051 481 nonnam,
1075 400 1239 466 aimirmm
1262 400 1489 483 praestationi

310 522 498 620 inromenti
512 545 544 587 ›.
562 558 580 573 ·
598 526 669 590 Art.
686 524 763 590 257.
781 526 976 591 «Attamen
995 530 1108 607 potest
1128 526 1246 591 audiri
1261 526 1309 591 ad
1324 525 1490 592 indicium

307 644 510 727 fodendum
532 653 635 732 atque
649 650 767 715 oooart
781 649 829 714 od
849 650 1066 733 personalem
1083 647 1391 731 confrontationem
1406 648 1490 713 dnm

309 791 418 839 conso
440 773 602 858 apitotnr,
627 780 660 840 et
679 774 810 841 indices
831 774 925 841 illins
948 774 1169 841 attestationis
1199 774 1299 838 illam
1323 772 1491 839 babebnnt

309 897 480 965 rationem
503 917 610 983 qnam
628 900 840 982 persuadent
863 918 982 965 rernm
1005 899 1168 966 adiuncto
1185 920 1215 964 ›.
1235 934 1253 947 -
1270 897 1346 963 258.
1371 898 1491 963 ‹ltem

309 1021 514 1089 eaimnntnr
528 1041 552 1087 a
562 1022 774 1105 praestando
793 1023 988 1090 iuramento
1004 1022 1034 1109 1)
1049 1022 1235 1098 (lentiores,
1252 1027 1285 1087 et
1299 1022 1360 1087 otii
1374 1040 1489 1088 moen·

308 1148 437 1223 dentes,
459 1147 522 1233 filii
543 1152 689 1230 impotes,
706 1152 769 1213 ant
789 1148 851 1214 atti
874 1148 1114 1215 descendentes
1118 1168 1132 1231 ;
1144 1148 1180 1227 2)
1193 1148 1335 1214 Fratres
1350 1152 1381 1213 et
1392 1164 1487 1213 soro·

310 1287 368 1335 res
387 1274 450 1335 eta.
466 1292 497 1333 a.
523 1306 537 1316 -
561 1269 744 1336 concordat
766 1275 831 1336 art.
856 1270 898 1337 18
921 1271 974 1335 m't.
1000 1272 1077 1337 Inst.
1104 1272 1171 1335 ΕΕ.
1196 1276 1229 1337 et
1253 1272 1324 1337 RR.
1349 1270 1395 1336 ita
1417 1288 1490 1335 con·

310 1400 435 1481 ceptus.
452 1416 471 1459 ι
490 1395 602 1462 Testes
625 1396 674 1461 ad
692 1394 930 1478 probationem
951 1402 1011 1461 ant
1034 1396 1081 1461 od
1104 1394 1345 1478 defensionem.
1362 1395 1491 1480 quoties

309 1519 439 1605 lepotia
453 1518 626 1586 obstacula
642 1520 737 1586 band
751 1518 924 1594 obsistant,
941 1520 1003 1586 sab
1019 1519 1213 1585 iuramento
1230 1518 1348 1585 audiri
1359 1518 1488 1601 debent,

309 1642 406 1727 qnod
426 1644 565 1709 eamndi
583 1643 749 1726 potestsi
772 1663 859 1726 opns
880 1644 932 1717 sit,
950 1644 998 1709 ad
1020 1641 1260 1729 obtipationem
1283 1642 1443 1709 secreti».

401 1766 478 1833 233.
504 1768 692 1841 Praeterea,
716 1768 821 1851 quoad
845 1768 989 1833 valorem
1013 1767 1221 1854 probationis,
1238 1766 1377 1853 expendi
1395 1766 1490 1833 debet

312 1890 442 1977 regula:
465 1912 556 1958 anns
580 1893 669 1959 testis
691 1894 807 1959 nntltes
830 1893 928 1963 testis.
947 1892 1239 1977 -qnandoquidem
1263 1893 1359 1957 etiam
1376 1894 1408 1957 in
1424 1892 1490 1959 cri·

311 2015 484 2083 minalibus
506 2016 589 2083 haec
614 2018 727 2103 regula
750 2019 871 2102 patitur
895 2018 1128 2103 exceptionem.
1154 2014 1260 2082 Porro
1282 2036 1374 2084 nnns
1389 2016 1489 2099 testis,

310 2144 364 2206 est
384 2139 426 2205 ad
456 2140 756 2206 condemnationem
778 2141 895 2207 nullas
919 2142 1023 2217 testis3
1054 2160 1119 2205 non
1146 2161 1226 2206 vero
1254 2140 1295 2207 ad
1322 2140 1488 2207 ferendam

310 2265 505 2333 sententiam
540 2264 794 2345 absolntomom,
822 2265 964 2350 itemque
993 2265 1033 2331 ad
1062 2264 1275 2330 inchoandam
1306 2266 1489 2331 instantiam

311 2390 494 2457 iudicialem
506 2409 564 2457 seu
575 2389 615 2455 ad
627 2390 767 2475 aliquem
779 2388 943 2469 citandum
959 2396 993 2455 et
1007 2390 1233 2456 accusandum.
1252 2391 1302 2456 lta
1319 2386 1486 2456 Reiffenst.

312 2516 364 2584 De
379 2521 448 2584 test.
465 2536 500 2583 n.
515 2514 590 2582 267
613 2520 647 2583 et
669 2514 859 2582 Mascardus
884 2515 932 2581 De
952 2515 1049 2599 prob.
1078 2512 1232 2584 Conclns.
1257 2514 1322 2582 491
1338 2536 1371 2582 n.
1393 2516 1436 2580 17
1458 2518 1489 2582 et

314 2641 428 2708 Conol.
455 2640 530 2708 906
544 2660 577 2707 n.
595 2639 651 2706 10.
671 2677 688 2690 -
706 2639 824 2706 Plures
840 2660 920 2705 vero
944 2645 1042 2707 testes
1058 2641 1271 2706 aestimantur
1284 2641 1384 2706 veluti
1399 2659 1489 2706 unns

311 2764 403 2830 testis
425 2765 452 2828 si
468 2769 543 2830 sunt
564 2763 768 2849 amputares,
792 2761 876 2847 quod
900 2763 1134 2849 explicavimus
1158 2762 1233 2828 Vol.
1261 2764 1273 2826 l
1299 2781 1331 2826 n.
1356 2763 1423 2827 481
1441 2781 1487 2846 sq.

404 2887 617 2954 Nihilominus
639 2887 724 2953 iacta
749 2893 798 2952 est
810 2889 960 2974 exceptio
983 2889 1058 2954 huic
1073 2888 1225 2974 repnlae.
1242 2925 1257 2935 -
1271 2887 1315 2952 Et
1329 2887 1363 2951 in
1378 2887 1490 2971 primis

311 3010 351 3076 in
373 3031 413 3076 re
435 3009 546 3094 etoili5
569 3011 602 3076 in
633 3029 696 3095 qua
719 3017 827 3076 tamen
859 3011 983 3077 nullum
1006 3012 1138 3078 facessit
1161 3012 1326 3098 negotium
1354 3009 1492 3076 credere

312 3133 496 3201 testimonio
519 3135 614 3199 unius
637 3140 670 3199 et
697 3133 770 3199 inde
794 3135 1014 3219 quaestionem
1037 3132 1173 3201 definire
1199 3154 1297 3218 quum
1320 3135 1428 3220 agitur
1451 3132 1490 3198 de
1518 3147 1523 3160 “

311 3256 519 3324 attribuendo
548 3258 656 3344 aliquo
685 3260 757 3323 iure
786 3258 840 3323 vel
869 3258 1044 3326 asserendo
1077 3259 1163 3326 lacto
1194 3260 1263 3325 utili
1287 3264 1319 3324 et
1342 3256 1488 3330 honesto,

313 3381 415 3449 veluti
438 3401 534 3466 quum
557 3383 725 3467 quaeritur
747 3402 788 3448 an
814 3385 884 3468 quis
908 3384 950 3451 sit
972 3382 1159 3469 baptizatus,
1183 3402 1225 3448 an
1252 3384 1294 3458 sit
1310 3383 1457 3449 clericus.
1474 3415 1490 3429 ·

314 3510 359 3574 At
387 3509 421 3573 in
450 3527 490 3575 re
512 3507 686 3575 criminali
708 3506 837 3574 difficile
860 3509 1040 3575 admittitur
1062 3509 1212 3594 exceptio
1234 3508 1330 3574 huius
1356 3505 1490 3592 regulae

310 3635 395 3701 adeo
417 3638 454 3700 ut
475 3635 571 3700 unius
592 3635 755 3701 attestatio
770 3630 909 3700 sufficiat
930 3633 972 3699 ad
994 3633 1304 3700 condemnationem.
1323 3667 1341 3681 -
1365 3632 1490 3698 Verum

313 3761 348 3826 in
364 3760 459 3825 Bulla
471 3794 482 3805 -
496 3758 650 3825 Sacram.
663 3757 902 3841 poenitentiae.
919 3792 935 3805 ·
952 3756 1072 3823 Bened.
1086 3757 1170 3824 XIV
1181 3757 1292 3824 statuit
1307 3776 1402 3842 quem
1417 3775 1490 3822 con·

313 3885 400 3950 vinci
412 3883 452 3948 de
464 3883 601 3949 crimine
612 3883 848 3950 sollicitationis
864 3903 923 3968 per
938 3883 1032 3948 unius
1044 3901 1101 3948 seu
1116 3883 1215 3968 ipsius
1227 3882 1389 3950 sollicitati
1405 3883 1491 3948 testi·

314 4012 464 4076 monium.
478 4011 540 4075 Ast
554 4010 749 4076 attendenda
771 4013 847 4075 sunt
858 4009 960 4075 verba
973 4009 1086 4074 Bullae
1102 4029 1184 4094 quae
1200 4009 1318 4077 docent
1333 4027 1487 4095 expresso
1503 4075 1505 4080 .

310 4138 441 4221 quando
464 4139 568 4205 unias
590 4137 817 4204 testimoninm
848 4137 947 4202 laciat
974 4137 1103 4222 plenam
1134 4137 1366 4222 probationem.
1392 4136 1491 4202 (lavet

313 4264 401 4328 enim
424 4264 579 4328 Pontifex
602 4264 635 4328 in
659 4264 713 4328 cit.
738 4262 844 4328 const.
863 4283 893 4327 ›.
910 4261 1030 4327 Dentes
1047 4263 1144 4328 etiam
1167 4261 1355 4328 facultatem
1374 4258 1488 4347 (Ordi-

312 4386 424 4453 nariis
447 4385 613 4472 locatam)
637 4405 679 4451 ne
703 4385 854 4451 delictum
868 4389 934 4451 mm
957 4403 1091 4451 enorme
1114 4385 1334 4457 etEcclesiae
1351 4385 1408 4449 Dei
1422 4387 1489 4451 tam
