3350 5100
826 294 908 337 PARS
934 292 982 337 ΙΙΙ.

777 504 958 624 iltutus
983 558 1024 623 Il.

315 754 358 800 DE
380 755 526 801 RATIONE
546 756 698 802 IURIDlCA
717 755 920 803 APPLlGANDl
942 757 1122 805 NONNULLA
1148 758 1300 804 Romamn
1324 758 1491 805 Pounnata

402 880 704 927 EXTRAIUDICIALIA
732 882 903 927 enumera
931 882 976 928 ΑΙ)
1008 882 1272 929 Panacavauuas
1302 884 1492 930 unavtueus

405 1004 618 1051 DISCIPLlNAE
635 1005 767 1052 EGCLES.
786 1004 967 1052 LAESIONES
990 1007 1032 1052 ΙΙΤ
1049 1009 1093 1055 ΑΙ)
1109 1008 1263 1055 ORDlNEM
1281 1009 1342 1055 tart
1360 1008 1492 1056 Lausum

360 1156 364 1162 ·
405 1132 648 1179 karantanum.

317 1304 534 1359 Summarlum.
552 1334 587 1347 -
606 1308 670 1359 278.
688 1306 829 1359 Eiusmodi
849 1306 1070 1375 experimentum
1090 1309 1251 1377 expostulat
1269 1310 1388 1363 intentio
1406 1313 1494 1379 syste-

407 1413 490 1465 matis
515 1428 594 1481 poan.
620 1413 719 1467 eccles.
739 1442 773 1454 -
795 1414 856 1467 279.
877 1404 1003 1485 At'quia
1028 1414 1097 1469 haec
1122 1414 1244 1469 remedia
1268 1421 1333 1468 scint
1358 1414 1495 1483 poenalia,

408 1518 560 1589 requiritur
579 1520 692 1587 praevia
710 1520 864 1591 inquisitio.
877 1549 914 1563 -
926 1520 986 1575 280.
1000 1521 1140 1582 Quaenam
1162 1522 1307 1592 inquisitio
1326 1522 1495 1591 exquiratur.

409 1654 442 1667 -
461 1626 521 1680 ⁶281.
534 1627 677 1687 Quaenam
696 1626 754 1679 sint
773 1626 841 1681 haec
862 1628 991 1682 remedia.
1004 1658 1040 1669 -
1052 1629 1114 1681 282.
1128 1628 1271 1689 Quomodo
1290 1632 1382 1683 citatio
1401 1628 1498 1680 distin·

408 1738 510 1802 guatnr
529 1751 546 1786 a
563 1736 716 1789 monitione
734 1736 923 1788 eunonium-
943 1735 1003 1789 283.
1018 1736 1138 1796 Quinam
1158 1736 1224 1789 ordo
1243 1735 1395 1789 serrandus
1413 1735 1449 1787 sit
1469 1735 1495 1787 in

409 1841 486 1895 hisce
507 1841 637 1894 remediis
662 1842 843 1911 applicandis.
863 1871 898 1883 -
922 1844 983 1895 284.
1007 1842 1044 1897 De
1070 1842 1272 1895 monitionibus
1295 1842 1444 1895 canonicis
1464 1868 1498 1881 -··

409 1948 469 2001 285.
491 1946 529 2001 De
548 1948 682 2002 canonica
701 1950 854 2003 monitione
874 1950 902 2002 in
922 1950 1010 2002 forma
1027 1960 1154 2019 paterna.
1172 1978 1208 1989 —
1227 1948 1288 2001 286.
1309 1948 1347 2001 De
1366 1948 1498 2000 canonica

409 2056 561 2110 monitione
581 2057 610 2110 in
629 2058 717 2109 forma
738 2059 835 2126 leuati.
854 2084 890 2098 -
908 2058 968 2110 287.
982 2056 1098 2117 Quando
1118 2057 1165 2109 uni
1186 2061 1214 2110 et
1232 2056 1342 2126 quando
1361 2054 1442 2107 alteri
1463 2056 1499 2106 sit

411 2162 496 2216 locus.
510 2190 545 2203 ·-
560 2162 620 2215 288.
636 2162 675 2217 De
686 2173 836 2233 praecepto
850 2162 965 2233 eiusque
978 2164 1015 2228 vi,
1028 2164 1117 2216 torma
1129 2168 1158 2216 et
1171 2162 1325 2217 duratione.
1339 2190 1373 2202 -
1386 2160 1446 2213 289.
1461 2160 1499 2214 De

410 2270 603 2339 spiritualibus
622 2272 771 2323 auncinis.
786 2298 819 2311 -
832 2269 893 2322 290.
908 2268 947 2323 De
961 2284 1072 2322 recursu
1092 2270 1151 2323 sive
1169 2268 1359 2337 appellatione
1375 2268 1410 2321 ab
1424 2266 1499 2320 hisce

410 2376 539 2433 remediis
558 2382 586 2430 et
604 2376 638 2430 de
656 2379 717 2431 eius
735 2377 844 2430 effectu.
866 2404 898 2417 -·
918 2376 978 2429 291.
998 2352 1141 2436 Quomodo
1160 2375 1238 2428 curia
1258 2376 1375 2445 probare
1399 2374 1498 2428 debeat

409 2499 488 2536 suam
507 2484 607 2552 agendi
629 2484 773 2536 rationem.
788 2510 821 2523 -
834 2482 896 2535 292.
911 2482 1011 2536 Utrum
1031 2483 1165 2536 eiusmodi
1178 2483 1270 2537 media
1286 2483 1499 2554 praeservativa

410 2609 458 2645 seu
479 2609 546 2661 pure
565 2590 743 2646 medicinalia
760 2607 870 2660 semper
890 2591 1003 2660 praevia
1021 2591 1078 2644 sint
1097 2591 1215 2644 iudiciis.

411 2790 487 2855 278.
512 2789 562 2855 Ab
585 2792 676 2855 initio
698 2791 900 2856 tractationis
925 2789 964 2854 de
988 2809 1025 2855 re
1049 2791 1208 2855 criminali
1233 2787 1321 2872 (Vol.
1342 2791 1401 2863 ΙΙΙ,
1419 2809 1449 2853 u.
1467 2789 1500 2874 4)

323 2914 531 2994 advertimus,
548 2920 623 2979 ante
646 2915 686 2978 de
710 2916 820 2998 poenis
835 2913 994 2998 agendum
1019 2933 1090 2979 esse
1113 2935 1170 2978 seu
1194 2913 1233 2977 de
1257 2913 1383 2998 poenali
1400 2919 1500 2998 syste-

325 3047 410 3106 mate
433 3040 548 3105 eccles.
566 3059 660 3123 quam
684 3039 724 3104 de
748 3039 938 3104 iudiciorum
963 3038 1268 3121 ordinationeque
1291 3040 1374 3103 haec
1393 3043 1502 3121 utpote

325 3182 502 3246 poenarum
518 3165 698 3248 applicatio,
718 3161 908 3246 respondeat
925 3160 1052 3246 oportet
1067 3182 1242 3247 poenarum
1264 3162 1380 3227 eccles.
1400 3163 1502 3226 inten-

325 3287 414 3351 tioni.
439 3287 600 3361 Quocirca
623 3281 856 3371 sapientissime
882 3288 1056 3352 instructio
1087 3306 1182 3370 quam
1214 3288 1310 3351 modo
1340 3305 1501 3352 commen-

326 3419 443 3494 tamur,·
460 3412 518 3477 sub
533 3415 603 3496 ipso
625 3412 770 3485 exordio,
788 3411 955 3498 praedicat
972 3411 1146 3496 specialem
1168 3411 1306 3476 indolem
1327 3411 1502 3496 magisterii

328 3537 473 3621 poenalis
496 3536 529 3599 in
553 3534 710 3606 Ecclesia,
727 3533 802 3598 dum
820 3539 886 3598 art.
905 3534 927 3597 I
941 3534 1003 3597 ait:
1024 3529 1245 3598 «Ordinatio
1269 3530 1374 3596 iudici
1394 3533 1503 3612 posto·

327 3663 402 3726 rute
424 3680 511 3727 onus
536 3659 700 3726 incumbit
726 3659 944 3740 disciplinam
967 3656 1278 3740 correctionemque
1302 3654 1502 3720 clericorum

329 3807 351 3851 a
370 3805 406 3852 se
429 3785 693 3868 deperidentium
712 3783 860 3849 mirandi
882 3801 988 3865 anper
1010 3782 1209 3848 eorumdem
1230 3780 1505 3844 attenuationem

330 3909 505 3994 cipilando
531 3924 763 3978 anusnusoun
793 3923 927 3970 {manno
959 3923 1134 3970 cauou1c1s
1166 3923 1209 3969 nn
1242 3919 1506 3996 ramsuvaunas

330 4031 426 4115 apud
444 4050 576 4098 ausnsu
597 4050 640 4095 ar
661 4047 892 4096 salamannus
917 4047 1054 4093 onuluts
1079 4045 1379 4092 rannuanarrouas
1395 4046 1425 4088 a.
1449 4025 1507 4089 Ec-

331 4156 431 4220 clesia
448 4157 533 4220 enim
554 4154 709 4220 incumbit
723 4156 757 4218 in
775 4151 1062 4218 sanctificationem
1084 4149 1284 4234 singulorum
1306 4146 1456 4219 fidelium,
1474 4149 1506 4212 in

332 4280 453 4366 primis,
470 4279 689 4353 Clericorum,
703 4279 897 4360 eosdemque
912 4275 1012 4352 semel
1025 4267 1064 4340 ac
1076 4277 1215 4359 percipit
1226 4275 1278 4338 vel
1291 4276 1323 4337 in
1336 4273 1508 4338 discrimen

332 4403 527 4489 pertrahere
542 4422 630 4466 suam
648 4421 773 4466 morum
790 4401 993 4465 sanctitatem
1014 4397 1236 4464 occasionibus
1251 4394 1457 4480 delinquendi
1474 4415 1508 4460 se
