3350 5100
472 343 515 389 nn
539 343 678 392 runicus
708 343 961 392 oarurneumus.
1233 323 1301 391 229

137 463 345 529 Tridentinae
372 464 441 548 (seu
472 485 537 530 non
565 485 620 532 res
647 467 690 532 sit
717 466 757 531 de
784 469 945 532 sentenIIa
972 466 1225 552 declaratam),
1249 468 1297 532 ad

127 589 376 669 praecavendas
397 609 538 657 reorum
560 591 792 666 cavillationes
815 597 847 658 et
869 591 1106 675 conceptionum
1127 590 1298 677 adstupes,

135 711 281 781 titurius
290 717 471 780 muniatur
481 716 622 799 meolati
636 716 801 783 mandato
813 739 846 779 ›.
861 716 949 783 Idem
962 718 1087 782 eruitur
1100 736 1143 783 ex
1154 737 1233 783 sess.
1244 717 1297 796 13,

126 858 196 921 cap.
219 840 308 905 1'De
328 840 404 923 ret.¹
429 841 483 906 ubi
499 841 620 907 Goncil.
639 840 727 907 Trid.
744 840 908 917 decrevit:
930 865 945 902 ε
963 843 1000 906 ln
1017 845 1122 908 causis
1138 843 1297 908 visitatio-

128 965 203 1029 nis...
226 985 286 1030 nec
308 985 374 1030 non
397 965 617 1032 criminalibus
632 966 673 1032 ab
688 969 857 1052 Episcopo
881 987 939 1032 seu
960 967 1052 1034 itlius
1074 968 1112 1033 in
1134 967 1296 1051 spititua-

125 1087 206 1154 Iibus
237 1089 369 1157 Vieario
391 1090 578 1176 penerali...
602 1111 667 1156 non
690 1092 889 1177 appelletur;
907 1111 1011 1176 neque
1029 1091 1217 1175 Episcopus
1240 1111 1297 1156 seu

133 1215 280 1281 Isicasius
302 1216 509 1301 appellationi
532 1217 672 1300 defme
693 1222 891 1285 teneatur».
911 1253 928 1266 -
955 1218 1056 1290 Haec,
1071 1236 1166 1301 quam
1194 1237 1297 1303 expo-

125 1342 248 1414 suimus,
272 1347 323 1406 est
344 1349 435 1408 cert-e
458 1344 566 1428 opinio
590 1343 789 1429 probabilior
811 1351 844 1408 et
868 1345 1085 1418 communem
1109 1350 1143 1408 et
1165 1351 1295 1410 coutra-

123 1465 196 1531 dicit
218 1467 324 1532 Bouix
347 1467 397 1533 De
420 1467 492 1532 iud.
516 1467 532 1532 I
556 1488 585 1552 p.
613 1465 697 1542 429;
722 1471 754 1533 et
776 1467 842 1532 alii.

249 1589 284 1676 3)
309 1589 489 1655 Praeterea
519 1590 640 1656 concil.
666 1590 754 1655 Trid.
778 1609 857 1657 sess.
889 1590 948 1664 24,
973 1609 1048 1674 cap.
1072 1591 1124 1656 20
1154 1592 1204 1657 De
1227 1591 1292 1674 res.
1418 1672 1421 1680 Ι

124 1716 224 1790 iussin
251 1735 269 1780 ε
295 1717 419 1780 Causae
445 1735 556 1782 omnes
583 1716 624 1780 ad
654 1715 761 1781 lorum
791 1717 908 1782 eccles.
932 1716 1169 1800 quomodolibet
1192 1721 1294 1804 pesti-

123 1847 230 1906 nentes
253 1861 290 1906 m
314 1861 424 1907 ratus
448 1859 628 1908 insulsum
650 1863 761 1908 coram
785 1842 972 1910 Ordiuariis
998 1842 1145 1910 Iocorum
1172 1843 1292 1910 dumta-

122 1971 173 2028 xat
194 1971 444 2050 cognoscantur,
468 1971 564 2050 atque
591 1967 724 2033 omnino
751 1966 865 2032 saltem
893 1967 979 2032 intra
1001 1967 1165 2033 biennium
1188 1988 1209 2032 a
1239 1968 1291 2033 die

123 2096 220 2154 rrrome
243 2089 310 2154 litis
332 2092 595 2156 terminentur».
619 2093 662 2157 Et
685 2090 749 2156 hoo
771 2097 924 2158 statutum
941 2099 989 2158 est
1000 2093 1171 2175 privative
1187 2093 1292 2177 quoad

120 2216 199 2298 Ipsos
221 2217 369 2301 Lepatos
391 2205 595 2302 Pontifietos,
619 2218 789 2282 nimicum:
809 2239 828 2278 ε
845 2217 966 2303 Lepali
980 2237 1114 2303 qaoque
1133 2219 1235 2284 etiam
1251 2219 1294 2284 de

121 2340 230 2420 tatere,
260 2340 391 2422 nuntii,
414 2339 662 2425 pubematores
692 2341 905 2407 ecclesiastici
934 2346 996 2406 aat
1024 2343 1101 2413 atii.
1126 2362 1292 2427 quaram-

121 2484 259 2550 oamque
273 2464 478 2547 facultatum
497 2465 615 2551 pipare
637 2485 708 2532 aaa
730 2465 841 2531 solam
857 2465 1042 2548 Episcopos
1056 2467 1092 2531 ia
1104 2467 1295 2550 praedictis

119 2592 226 2655 causis
248 2591 418 2673 impedire
447 2595 507 2655 oat
536 2591 782 2675 aliquomodo
814 2610 934 2658 eoram
960 2592 1295 2661 iurisdictionem'iis

119 2715 316 2797 precipere
331 2723 392 2779 aut
414 2713 556 2781 tardare
578 2734 649 2781 noa
669 2722 906 2806 praesamant,
930 2716 989 2781 sed
1011 2736 1075 2783 nec
1097 2724 1216 2785 contra
1233 2722 1294 2785 ole-

119 2840 202 2904 n'cos
217 2840 377 2923 aliasque
394 2858 563 2922 personas
586 2840 700 2906 eccles.
724 2840 791 2905 atsi
815 2841 983 2924 Episcopo
1007 2841 1107 2925 prius
1129 2844 1292 2929 requisito

118 2980 218 3046 eoque
250 2962 459 3048 septipenta
490 2962 716 3045 procedant»
754 2965 799 3028 ita
834 2963 956 3030 Ooncil.
994 2964 1081 3029 Trid.
1112 2967 1145 3029 in
1178 2966 1291 3031 eadem

119 3104 190 3150 sess.
214 3087 276 3158 24,
300 3104 375 3168 cap.
398 3086 450 3150 20
473 3086 523 3151 De
544 3086 608 3167 ref.
627 3122 642 3133 ·
659 3086 739 3152 Inde
762 3078 945 3152 correctum
970 3087 1030 3153 fuit
1060 3090 1109 3154 ius
1132 3090 1290 3155 Decreta-

119 3211 189 3275 lium
219 3233 281 3278 seu
303 3230 379 3295 cap.
410 3213 427 3275 1
457 3211 508 3278 De
534 3213 593 3295 off.
618 3213 680 3298 lep.
709 3213 742 3276 X
771 3212 809 3297 (Ι.
837 3214 902 3297 30),
931 3213 988 3279 sed
1018 3215 1214 3283 attendenda
1242 3226 1292 3284 est

119 3336 298 3403 declaratio
321 3340 420 3424 creg.
444 3339 530 3403 xm
554 3340 587 3402 in
611 3337 720 3405 const.
745 3314 801 3403 lo
823 3339 1072 3406 domant-10
1095 3344 1161 3408 nt
1189 3345 1291 3411 1574.

121 3462 292 3528 Nemeum
316 3462 351 3527 G.
375 3462 462 3527 Trid.
486 3464 520 3525 in
543 3462 595 3527 eit.
620 3464 681 3529 toc.
707 3464 875 3548 exceperit
898 3484 1011 3529 causas
1035 3502 1050 3513 ·
1075 3486 1173 3551 quae,
1190 3470 1291 3535 iocata

118 3589 298 3654 macanos
319 3588 519 3659 sanctiones.
533 3588 629 3670 apud
653 3588 774 3653 Sedent
797 3588 913 3671 Apost.
937 3596 1016 3655 sant
1040 3594 1240 3659 tractandae
1274 3630 1291 3643 -

118 3712 210 3798 Grcg.
226 3711 324 3784 XIII,
341 3713 375 3775 in
399 3714 452 3776 eit.
470 3711 579 3777 Goust.
596 3711 761 3796 ampliavit
776 3718 809 3777 et
824 3712 1003 3779 declaravit
1026 3713 1191 3781 decretum
1217 3720 1292 3782 Tri-

117 3836 287 3909 tenturum,
313 3836 397 3920 quod
428 3856 500 3901 oum
524 3838 558 3900 iu
582 3838 687 3919 causis
715 3838 858 3921 exceptis
888 3840 1083 3922 potissimum
1112 3842 1215 3906 visum
1250 3844 1292 3909 sit

116 3963 281 4027 continere
305 3980 428 4027 causas
450 3963 659 4047 possessionis
686 3962 922 4048 beneficiosum
953 3970 1207 4032 reservatorum
1228 3988 1289 4035 seu

115 4082 309 4169 aPontifioe
319 4101 564 4158 concessorum,
582 4083 666 4150 idem
679 4085 833 4151 Pontifex
849 4086 1028 4154 declaravit
1044 4087 1084 4151 ab
1102 4088 1291 4157 Ordiuariis

115 4204 339 4272 instituendam
374 4227 445 4272 esse
479 4208 697 4291 cognitionem
733 4207 917 4274 litterarum
951 4204 1211 4295 ApostoIIca'rum
1251 4214 1291 4280 de

116 4331 268 4416 sapienda
290 4333 491 4416 possessione
513 4330 756 4397 beneficiorum.

243 4457 278 4543 4)
302 4455 455 4531 Praelati‚
473 4476 531 4522 seu
546 4456 690 4523 Abbates
704 4457 833 4523 nultius
849 4458 1035 4526 dioeceseos
1051 4462 1085 4525 in
1102 4464 1212 4528 causis
1225 4474 1291 4537 cri-
