3350 5100
327 279 370 342 44
854 299 938 346 rans
962 297 984 345 1.

460 421 492 506 4)
511 424 661 485 Attamen
679 418 891 487 Reiffenstuel
908 421 1070 488 mordicus
1086 423 1251 487 contendit
1265 422 1310 508 (h.
1325 430 1346 488 t.
1362 425 1384 507 5
1402 426 1435 511 9)
1453 425 1503 490 fas

326 564 396 610 esse
412 546 616 618 monasterio,
631 547 722 630 gravi
739 544 900 610 laboranti
917 547 1035 631 iuopia,
1048 547 1167 629 aliquid
1187 550 1334 634 recipere
1345 548 1385 613 ab
1397 551 1504 634 ingre·

325 669 484 736 dientibns
506 672 600 737 titulo
623 672 779 738 honestae
806 673 1057 737 sustentationis.
1091 707 1108 720 -
1139 672 1264 737 Verum
1288 673 1438 757 quidquid
1461 675 1503 738 sit

325 791 365 857 de
381 792 492 858 valore
515 793 686 858 doctrinali
711 794 806 858 huius
829 794 1019 865 sententiae,
1044 792 1150 858 adhuc
1165 793 1295 860 videtur
1311 795 1424 879 vigere
1448 795 1503 858 lex

325 918 489 1003 generalis
511 917 736 1003 prohibitionis
759 917 863 1002 quoad
885 919 987 984 uiros

458 1043 491 1130 5)
516 1044 627 1116 Quoad
641 1043 812 1128 foeminas
835 1064 914 1109 vero
936 1045 1123 1129 iampridem
1146 1044 1279 1108 inolevit
1294 1043 1501 1118 consuetudo,

325 1165 420 1232 hodie
450 1167 610 1252 legitima,
638 1165 678 1230 ab
709 1165 965 1251 ingredientibus
995 1164 1149 1251 exigendi
1180 1166 1287 1230 dotale
1316 1165 1501 1231 subsidium.

326 1290 445 1356 Rened.
469 1291 563 1362 XIV,
589 1290 638 1355 De
660 1309 733 1376 spa.
758 1291 818 1361 XI,
844 1291 868 1354 6
892 1289 949 1376 (l).

414 1417 465 1482 30.
492 1419 530 1482 ln
554 1416 606 1481 lib.
635 1416 673 1488 V,
704 1415 744 1480 ad
776 1415 1025 1500 propulsandam
1056 1417 1210 1482 simoniae
1239 1417 1353 1490 labem,
1385 1418 1446 1481 Tit.
1469 1418 1501 1489 5,

324 1541 455 1606 rubrica
478 1540 640 1606 decernit:
668 1561 684 1602 a
712 1541 760 1606 De
783 1540 961 1624 Magistris
983 1546 1015 1605 et
1036 1560 1079 1606 ae
1101 1541 1234 1624 aliquid
1253 1541 1414 1627 exigatur
1432 1559 1501 1624 pro

323 1669 456 1736 licentia
480 1667 625 1734 docendi
648 1689 678 1741 a,
704 1667 757 1731 ubi
781 1666 1015 1732 condemnatur
1037 1667 1155 1732 abusus
1180 1667 1331 1753 exigendi
1355 1669 1504 1753 ingentes

324 1798 416 1859 taxas
438 1812 458 1855 a
482 1791 644 1876 discipulis
672 1811 731 1875 pro
757 1790 890 1856 licentia
916 1789 1061 1862 docendi,
1083 1789 1167 1854 unde
1194 1809 1214 1851 a
1240 1790 1388 1855 literaria
1409 1791 1501 1856 insti-

321 1918 445 1982 tutione
477 1920 509 1980 et
532 1914 684 2001 gradibus
707 1915 900 1980 academicis
932 1915 1186 2000 prohibebantur
1216 1918 1443 2001 pauperiores;
1469 1921 1503 1981 et

323 2043 502 2109 huiusmodi
519 2041 634 2128 agendi
652 2043 734 2106 ratio
752 2041 915 2126 prohibita
930 2043 991 2106 suit
1007 2049 1168 2125 tamquam
1185 2043 1307 2106 iniecta
1322 2041 1395 2106 labe
1410 2044 1502 2106 simo-

323 2170 397 2232 niae
414 2168 493 2232 iuris
508 2167 729 2232 ecclesiastici.
749 2167 828 2231 Dein
848 2163 1032 2247 Pontifices,
1045 2166 1171 2231 devicto
1187 2166 1298 2246 abusu,
1316 2186 1379 2230 non
1396 2167 1502 2231 minus

322 2291 450 2356 solliciti
475 2290 608 2354 fuerunt
631 2308 690 2374 pro
715 2289 986 2353 Universitatibus
1005 2278 1189 2354 Studiorum
1213 2287 1445 2354 constituendis
1467 2293 1501 2353 et

324 2412 541 2500 provehendis
565 2413 736 2478 nonnullas
759 2412 1018 2477 modicas-taxas
1046 2412 1098 2477 vel
1122 2413 1321 2499 approbare,
1346 2413 1400 2477 vel
1422 2433 1498 2477 con-

323 2541 474 2621 stituere,
499 2537 584 2604 unde
607 2536 792 2603 eorumdem
818 2538 997 2603 studiorum
1020 2537 1197 2605 curabatur
1220 2558 1431 2624 progressus,
1455 2541 1501 2603 ita

321 2670 430 2730 tamen
454 2670 488 2728 ut
504 2662 725 2747 diligentiores
749 2662 891 2733 iuvenes,
909 2664 968 2727 etsi
994 2664 1199 2746 pauperrimi,
1217 2661 1336 2745 absque
1357 2661 1423 2725 ulla
1439 2662 1499 2725 im-

321 2805 422 2872 pensa
444 2783 555 2849 studiis
581 2804 701 2849 vacare
724 2789 855 2868 possent
877 2788 910 2847 et
933 2783 1053 2869 gradus
1076 2784 1229 2866 consequi
1252 2784 1464 2848 academicos.

409 2911 461 2975 31.
480 2910 575 2974 Modo
592 2909 666 2993 quid
683 2909 825 2975 dicamus
841 2910 883 2975 de
898 2911 1010 2995 poenis
1025 2914 1141 2974 contra
1155 2911 1358 2975 simoniacos.
1374 2945 1391 2958 ·
1410 2911 1500 2975 Anti·

322 3034 427 3117 quitus
443 3036 557 3107 contra
580 3032 767 3095 ordinantes
792 3036 824 3095 et
839 3032 1004 3095 ordinatos
1027 3033 1201 3097 simoniace
1217 3032 1302 3096 latae
1319 3037 1413 3096 erant
1429 3033 1498 3117 ipso

321 3159 392 3223 iure
409 3155 624 3221 incurrendae
645 3176 803 3220 censurae
821 3157 876 3221 sed
893 3160 955 3221 iam
973 3157 1145 3230 absoletae‚
1162 3177 1246 3241 quae
1270 3179 1290 3220 a
1306 3158 1413 3223 Consi.
1431 3156 1496 3239 Ap.

320 3281 396 3349 Sed.
422 3302 484 3346 non
510 3287 695 3361 renovatae,
720 3282 902 3346 omnimode
925 3283 1164 3348 obsoleverunt.
1190 3284 1275 3348 Sane
1299 3305 1323 3347 s.
1348 3282 1496 3347 ordinum

320 3406 449 3471 collatio
473 3402 675 3470 inficiebatur
699 3404 771 3469 labe
795 3406 971 3469 simoniaca
993 3406 1122 3489 quando
1147 3410 1177 3470 vi
1202 3408 1302 3491 ipsius
1324 3429 1350 3471 s.
1367 3406 1497 3471 ordina·

409 3670 448 3738 (l)
469 3670 508 3723 Ex
528 3670 640 3723 decreto
659 3668 687 3723 S.
712 3670 738 3723 C.
759 3668 821 3723 lnd.
842 3680 868 3724 et
888 3670 978 3739 Reliq.
1002 3670 1033 3721 12
1052 3670 1115 3723 Iulii
1137 3671 1215 3734 1847,
1233 3673 1352 3726 uetitum
1371 3676 1414 3725 est
1433 3689 1499 3726 ven·

319 3778 392 3845 dere,
407 3794 499 3831 emere
518 3778 633 3839 rosaria,
649 3794 753 3841 cruces,
771 3779 939 3831 numismata
957 3778 1057 3847 quibus
1075 3778 1200 3833 adnexae
1220 3780 1276 3833 sint
1294 3778 1498 3849 Indulgentiae.

320 3881 355 3933 nt
366 3897 401 3936 ex
420 3881 533 3934 decreto
546 3880 631 3933 eiusd.
645 3879 674 3932 G.
689 3880 720 3933 21
740 3880 802 3934 Dec.
820 3881 897 3945 1878,
911 3879 1000 3935 relato
1019 3882 1047 3933 in
1062 3881 1131 3936 coll.
1147 3882 1186 3935 De
1203 3883 1285 3952 Prop.
1299 3883 1360 3937 Fid.
1375 3902 1401 3937 n.
1419 3884 1495 3948 1917,

319 3991 450 4044 illicitum
469 3994 512 4043 est
530 3989 664 4059 reliquias
689 4005 759 4059 quae
777 3989 918 4055 hominm,
937 3990 1026 4043 omnia
1051 3990 1196 4058 religionis
1221 3997 1365 4060 expertes,
1384 3992 1498 4047 venales

318 4099 469 4165 exponunt,
489 4097 578 4155 pretio
597 4095 743 4160 redimere,
756 4094 804 4149 aed
823 4095 977 4149 monendus
996 4100 1040 4149 est
1055 4095 1219 4150 Ordinarius
1232 4102 1263 4151 ut
1279 4098 1344 4167 quid
1357 4098 1497 4167 agendum

318 4203 364 4270 sit,
383 4203 546 4272 praecipiat.
566 4202 617 4258 Sed
637 4208 718 4255 notat
737 4202 855 4255 Genicot
874 4202 906 4271 (1,
924 4220 949 4253 n.
969 4203 1031 4265 288,
1049 4208 1067 4267 ἓ
1086 4203 1123 4271 4),
1142 4203 1326 4275 hanc-tamen
1346 4206 1496 4274 positivam

319 4310 534 4380 prohibitionem
553 4310 663 4364 cessare
675 4311 698 4362 ei
711 4310 867 4379 periculum
887 4310 924 4362 sit
942 4310 971 4361 in
990 4326 1077 4377 mora,
1090 4315 1158 4379 puta
1178 4317 1290 4380 propter
1303 4313 1497 4367 imminentem

319 4418 550 4486 profanationem.
570 4416 638 4469 ltem
659 4416 737 4469 Ball.
759 4415 849 4469 Palm.
870 4416 915 4469 Tr.
930 4416 975 4482 Vl,
995 4434 1020 4469 n.
1040 4417 1102 4470 399.
