3350 5100
308 284 352 348 42
837 300 921 348 raas
945 300 967 346 1.

307 425 467 511 Episcopo
490 423 716 506 conferantur
735 423 877 498 clericis,
895 444 957 488 nec
979 429 1055 488 sunt
1074 421 1271 488 amoribitr'a
1289 420 1337 485 od
1351 424 1484 500 numm,

306 550 487 616 huiusmodi
504 559 598 636 pacta
614 571 678 615 non
695 550 878 630 admittunt,
890 550 947 615 sed
963 548 1174 621 D’Annibale.
1189 549 1210 612 t.
1223 570 1251 614 c.
1268 553 1391 628 censet,
1402 548 1487 612 haec

305 675 412 742 officia
430 695 532 759 posse
559 677 754 759 permutari
781 679 859 760 quia
881 675 994 740 nullibi
1021 676 1085 740 hoc
1111 673 1305 774 prohibetur
1330 691 1486 757 expresse

307 809 339 868 et
361 809 548 888 permutare
572 822 636 866 non
662 809 711 867 est
734 807 863 887 pactum
886 801 1039 868 adiicere.

396 927 521 994 Verum
544 933 612 994 tum
636 927 719 994 haec
748 933 845 1014 pacta
875 929 983 991 omnia
1012 932 1080 992 tum
1102 924 1391 1010 permutationem
1418 923 1487 987 nul-

305 1053 423 1119 limode
445 1055 613 1140 patiuntur
637 1051 804 1134 beneficia,
820 1053 878 1118 sed
900 1053 984 1118 haec
1000 1052 1209 1138 intelligimus
1223 1051 1337 1116 stricte
1351 1053 1485 1133 sumpts,

305 1179 459 1262 quocirca
474 1178 548 1242 heic
563 1198 628 1242 non
644 1177 965 1263 comprehenduntur
980 1180 1162 1263 pensiones.
1179 1175 1390 1260 capellaniae,
1402 1174 1487 1237 vica·

306 1303 375 1366 riae
389 1301 578 1365 amovibiles
594 1307 627 1366 et
641 1302 750 1366 verius
767 1319 828 1365 nec
845 1298 1002 1366 beneficia
1015 1298 1195 1386 repostaria
1206 1298 1331 1383 (Groix,
1350 1296 1410 1361 Tb.
1424 1295 1484 1368 M„

306 1425 368 1498 111,
393 1426 418 1498 Ι,
446 1424 533 1510 103).
559 1461 576 1473 -
604 1427 704 1490 Pacta
735 1445 814 1489 vero
838 1422 919 1490 fiunt
949 1425 1148 1509 potissimum
1177 1421 1281 1488 tribus
1312 1421 1429 1486 modis:
1453 1425 1487 1485 at

189 1531 196 1542 ’
304 1550 475 1632 inprime
500 1555 533 1614 et
556 1550 704 1616 secundo
728 1569 806 1614 casu
829 1551 966 1614 simonia
988 1547 1108 1614 dicitur
1130 1549 1254 1615 latiore
1276 1565 1387 1614 secar.

441 1672 473 1758 l)
496 1673 528 1740 Si
546 1671 736 1739 beneficium
752 1676 966 1739 renunciatur
980 1693 1046 1738 non
1069 1675 1103 1736 in
1118 1692 1216 1738 manu
1231 1671 1413 1756 Superioris
1429 1688 1487 1734 seu

306 1799 397 1864 Rom.
416 1800 509 1863 Pont.
526 1805 582 1864 aut
604 1797 770 1864 Ordinarii
794 1798 961 1880 dioecesis,
978 1797 1034 1864 sed
1056 1798 1091 1862 in
1114 1816 1212 1862 manu
1235 1795 1400 1860 inferioris
1423 1793 1487 1858 col·

304 1925 435 2000 latoris;
459 1925 511 1990 vel
535 1926 562 1989 si
585 1921 776 1989 beneficium
798 1924 969 1989 confertur
988 1943 1072 1987 novo
1091 1921 1199 1987 addito
1222 1939 1340 1996 onere;
1366 1919 1486 1986 Glossa

303 2049 338 2112 in
354 2048 453 2114 (ilem.
466 2045 493 2120 1,
503 2047 554 2114 De
567 2068 709 2114 renunc.
727 2053 761 2114 et
776 2068 846 2133 arg.
861 2067 887 2112 c.
902 2068 929 2113 c.
944 2048 977 2128 8,
986 2047 1047 2121 20,
1059 2047 1119 2128 26,
1129 2045 1178 2112 36
1189 2046 1240 2112 De
1251 2043 1371 2128 praeta.
1384 2044 1417 2108 X
1427 2042 1485 2129 (1).

437 2173 473 2260 2)
497 2172 531 2239 Si
555 2172 616 2238 duo
639 2174 898 2258 permutaverint
921 2173 1008 2238 inter
1030 2193 1066 2237 se
1088 2169 1246 2237 beneficia
1267 2169 1389 2255 absque
1412 2189 1486 2235 con·

305 2317 402 2362 sensu
425 2298 586 2382 Episcopi,
610 2317 681 2382 arg.
705 2317 776 2381 cap.
802 2297 834 2370 5,
859 2295 912 2362 De
933 2316 1054 2378 reram
1072 2301 1222 2379 permut.

347 2401 350 2408 Δ
438 2421 472 2510 3)
495 2422 529 2490 Si
552 2425 623 2507 quis
650 2422 745 2488 alteri
773 2420 965 2488 beneficium
992 2423 1219 2508 procuraverit
1246 2441 1306 2505 per
1327 2419 1484 2488 maana·

302 2550 439 2630 itenere,
462 2554 519 2614 aut
542 2569 602 2635 per
625 2550 830 2629 electionem,
855 2554 911 2614 aut
933 2568 993 2635 per
1016 2546 1407 2628 rememorationem,
1430 2552 1487 2612 aut

391 2724 430 2795 (Ι)
452 2726 567 2781 Domum
587 2726 614 2779 in
634 2726 750 2780 adnams
769 2726 994 2789 concomitante,
1007 2724 1162 2794 principale
1176 2724 1260 2793 plane
1272 2729 1316 2779 est
1327 2722 1486 2792 spirituale,

302 2848 389 2905 quare
402 2833 467 2897 emi,
481 2833 563 2887 vendi
583 2849 638 2887 non
657 2838 789 2902 possunt3
807 2836 902 2887 nmen
921 2832 988 2903 qnia
1001 2835 1151 2902 operarius
1162 2830 1264 2900 dignus
1283 2836 1326 2885 est
1344 2848 1395 2884 sua
1413 2845 1485 2883 men·

302 2938 377 3005 cede,
398 2938 524 2992 Ecclesia
549 2938 658 2992 ratione
682 2938 875 3006 eleemosynae
894 2938 940 2993 vel
958 2939 1106 3002 mercedis,
1126 2938 1266 3003 permittit
1283 2936 1349 3007 qnid
1368 2935 1483 3005 rependi

302 3060 353 3114 pro
370 3044 612 3099 administratione
631 3045 703 3099 sacri
723 3044 874 3099 ministerii
893 3050 942 3099 aut
955 3044 1054 3100 eccles.
1068 3044 1277 3109 iurisdictionis,
1289 3044 1343 3099 nisi
1356 3060 1488 3114 expressa

302 3149 421 3203 ratitum
440 3149 484 3201 sit.
505 3148 627 3201 intentio
645 3164 714 3201 velo
734 3148 877 3203 Ecclesiae
890 3154 919 3205 at
933 3150 1030 3204 modus
1042 3150 1071 3203 in
1084 3150 1273 3220 permittendo
1284 3147 1487 3219 stipendiorum

303 3273 354 3308 usu
373 3270 423 3324 pro
441 3271 520 3309 sacro
539 3255 703 3321 ministerio,
723 3255 844 3311 dilucide
862 3257 1017 3311 desumitur
1035 3274 1070 3311 ex
1088 3274 1148 3327 cap.
1165 3257 1201 3311 42
1217 3260 1244 3312 la
1259 3267 1277 3311 t.
1296 3257 1395 3327 inquo
1413 3272 1489 3310 com·

302 3362 424 3432 pascitur
442 3362 546 3415 abusus
566 3362 692 3430 pluribus
711 3363 739 3415 in
760 3364 924 3432 regionibus
950 3364 1066 3418 inolitus
1090 3364 1219 3435 exigendi
1246 3364 1435 3419 emolumenta
1456 3364 1487 3418 in

300 3466 542 3522 administratione
564 3469 748 3537 baptismatis,
773 3470 801 3523 in
821 3470 1074 3536 benedictionibus,
1092 3472 1121 3525 in
1143 3472 1269 3542 exequiis
1290 3470 1484 3525 defunctorum

301 3574 478 3645 peragendis,
495 3576 536 3628 ita
556 3580 586 3629 ut
604 3577 765 3631 eorumdem
784 3577 972 3647 denegaretur
991 3578 1206 3644 administratio,
1216 3578 1269 3632 nisi
1287 3578 1385 3633 fideles
1397 3576 1488 3632 solve-

300 3686 364 3736 rent
382 3688 488 3735 certam
508 3682 671 3737 mercedem.
691 3686 730 3736 nt
748 3698 783 3737 ex
802 3685 861 3738 alia
880 3690 960 3754 parte
977 3685 1049 3739 idem
1063 3690 1147 3755 caput
1160 3685 1284 3739 inculcat
1297 3686 1441 3756 Episcopis
1452 3689 1487 3739 ut

300 3786 397 3841 fideles
416 3792 549 3855 urgerent
561 3787 595 3840 ad
609 3787 716 3858 aliquid
736 3791 933 3858 praestandum
952 3791 1072 3856 clericis,
1085 3792 1233 3846 occasione
1251 3793 1322 3845 sacri
1335 3792 1484 3846 ministerii

300 3893 392 3962 prouti
412 3908 447 3946 ex
465 3893 552 3946 sacris
565 3894 720 3947 canonibus
738 3900 787 3949 aut
807 3896 996 3950 laudabilibus
1013 3897 1262 3951 consuetudinibus
1276 3897 1486 3967 praescribitur.

300 4000 436 4061 Quocirca
454 4002 532 4055 naias
551 4004 594 4054 est
612 4000 716 4054 clerico
734 4000 876 4072 denegare
899 4018 1010 4056 sacrum
1033 4004 1220 4058 ministerium
1248 4004 1300 4058 nisi
1326 4008 1488 4073 praestetur

300 4103 477 4174 stipendium
496 4109 527 4159 at
544 4104 630 4159 etiam
650 4105 730 4159 laicis
748 4122 819 4159 onus
837 4106 912 4161 inest
931 4108 1091 4174 praestandi
1110 4109 1278 4178 temporalia
1296 4109 1408 4163 clericis
1425 4110 1485 4178 spi·

301 4211 415 4265 ritualia
433 4212 666 4265 ministrantibus.
682 4240 693 4253 ·
706 4212 734 4264 lu
750 4210 802 4265 hoc
814 4213 987 4282 propositum
1000 4230 1139 4284 quaenam
1151 4217 1190 4268 sit
1203 4232 1283 4269 mens
1298 4216 1441 4271 Ecclesiae
1454 4220 1485 4270 et

298 4318 428 4387 legitima
447 4318 541 4386 praxis
559 4322 638 4387 patet
650 4335 685 4372 ex
698 4319 967 4388 praescriptionibus
983 4318 1067 4374 editis
1079 4322 1109 4375 in
1122 4322 1256 4377 America
1268 4322 1343 4392 Sept.
1358 4323 1387 4376 in
1401 4322 1484 4378 Cone.

301 4425 380 4481 Plan.
393 4425 467 4479 Balt.
481 4424 504 4478 ΙΙ
523 4442 547 4479 a.
565 4425 631 4478 1866
650 4432 680 4480 et
693 4424 770 4480 Plan.
785 4426 858 4480 Balt.
871 4426 906 4480 ΙΙΙ
920 4444 945 4480 a.
963 4428 1031 4481 1884
1043 4429 1077 4481 ad
1092 4428 1231 4485 tollendos
1251 4431 1359 4487 similes
1372 4433 1484 4486 abusae.
