3350 5100
433 342 477 388 Du
502 341 641 389 tumens
664 343 907 391 caiuiusmssus
930 345 966 390 IN
991 345 1107 390 sraela
1295 325 1362 392 505

187 465 381 530 concinnata
402 471 436 531 et
458 471 659 538 reserentur,
677 466 788 530 eodem
806 466 965 545 adstante,
982 469 1014 531 in
1031 473 1105 531 actu
1122 469 1288 532 examinis.
1307 468 1364 532 Te·

168 628 171 634 ,
187 587 287 652 stibus
302 593 408 652 autem
424 588 590 670 septimae
605 607 739 670 monus,
757 609 815 654 sen
830 595 952 673 septem
969 608 1014 654 esu
1027 595 1174 674 auoque
1189 591 1294 655 tatere
1309 609 1366 654 seu

187 715 218 776 et
231 711 300 775 uisi
315 718 348 775 et
361 712 484 777 umora
499 713 539 795 (si
555 712 669 778 haberi
690 715 814 798 possint
838 719 971 797 septem,
988 731 1081 778 secus
1100 720 1133 778 et
1148 732 1284 778 numero
1300 715 1366 798 plu·

187 856 242 900 res
257 855 360 919 aeque
375 836 579 922 recipiuntur
594 843 627 902 et
641 840 757 902 minori
778 858 917 925 numero
942 858 1006 902 non
1023 837 1239 923 repelluntur)
1255 840 1367 904 eadem

187 962 440 1046 interrogatoria
462 969 702 1045 proponuntur;
719 962 872 1028 videlicet
896 968 1018 1047 septem
1041 969 1141 1031 testes
1159 983 1179 1027 a
1198 965 1269 1028 viro
1293 985 1367 1049 pro·

188 1084 283 1155 ducti,
299 1087 417 1170 quippe
431 1105 544 1152 omues
566 1093 642 1152 sunt
655 1093 755 1152 testes
769 1087 810 1152 de
826 1088 1034 1160 credulitate,
1053 1089 1085 1151 in
1106 1089 1217 1172 primis
1233 1089 1368 1154 audiunt

189 1213 415 1294 responsiones
437 1211 580 1278 redditas
595 1233 614 1277 a
630 1214 768 1298 coniuge
791 1212 991 1298 producente
1011 1219 1044 1278 et
1060 1213 1176 1277 deinde
1199 1221 1297 1279 erunt
1319 1216 1366 1280 in·

188 1333 378 1418 terrogaudi
394 1340 501 1398 utrum
526 1341 728 1420 perspectam
746 1335 889 1400 habeant
912 1336 997 1400 illius
1018 1336 1207 1421 religionem
1225 1341 1257 1400 et
1272 1337 1370 1400 hone-

188 1463 303 1523 statem
319 1463 354 1524 et
368 1477 410 1522 an
435 1457 572 1524 credant
594 1469 650 1525 aut
672 1459 731 1525 sibi
752 1436 965 1525 verosimilia
986 1461 1161 1526 videantur
1177 1481 1259 1544 quae
1274 1461 1314 1526 ab
1331 1481 1369 1524 eo

189 1586 293 1650 relata
314 1592 398 1650 sunt.
423 1582 602 1656 Praeterea
621 1592 856 1670 percontantur
871 1591 906 1651 ut
920 1591 1058 1650 narrent
1074 1606 1156 1669 quae
1174 1587 1233 1672 ipsi
1251 1605 1369 1672 cogno-

188 1719 284 1778 scunt
295 1711 334 1776 de
346 1711 433 1775 iacto
445 1717 671 1779 controverso,
685 1717 718 1776 et
728 1712 987 1777 solentomnibus
999 1713 1133 1796 proponi
1147 1711 1259 1776 eadem
1272 1714 1370 1777 inter·

190 1838 371 1922 rogatoria;
387 1837 444 1902 sed
467 1837 548 1901 nibil
566 1837 716 1922 probibet
731 1840 901 1920 quominus
921 1838 1064 1922 singulis,
1083 1843 1138 1901 aut
1154 1839 1208 1901 uni
1225 1843 1258 1902 et
1273 1838 1368 1902 alteri

189 1963 342 2046 specialia
364 1959 445 2028 fiant
466 1962 728 2047 interrogatoria.
756 1962 878 2027 Deinde
900 1961 1072 2027 devenitur
1095 1962 1208 2028 eadem
1233 1963 1368 2034 ratione,

190 2085 231 2150 ad
254 2084 502 2169 interrogandos
525 2091 625 2150 testes
648 2087 812 2168 septimae
833 2105 961 2151 annuus
983 2087 1117 2150 alterius
1149 2087 1312 2169 coniugis;
1336 2092 1369 2151 et

189 2211 274 2275 lecto
286 2211 381 2274 buius
393 2179 553 2279 examine,
567 2216 678 2295 postea
692 2208 773 2276 fiunt
785 2213 930 2296 apposita
945 2212 1207 2305 interrogatoria.
1221 2209 1371 2276 Vidimus

189 2341 289 2401 testes
311 2338 475 2418 septimae
497 2356 622 2403 manus
645 2356 717 2402 esse
740 2339 873 2422 proprie
896 2337 939 2402 de
962 2313 1161 2402 credulitate
1177 2342 1210 2402 et
1225 2321 1378 2401 adhiberi

190 2459 224 2522 in
250 2461 356 2524 causis
387 2459 426 2523 de
450 2461 639 2544 impotentia
666 2459 803 2523 coeundi
827 2465 860 2523 et
887 2464 1058 2544 praeterea
1090 2477 1162 2523 cum
1194 2460 1302 2543 egitur
1333 2457 1373 2523 de

190 2588 394 2651 matrimonio
418 2592 490 2651 rato
514 2592 546 2650 et
569 2606 633 2650 non
664 2590 896 2651 consummato.
932 2586 1011 2649 Nam
1039 2586 1071 2648 in
1100 2586 1172 2649 aliis
1198 2586 1312 2653 causis,
1338 2590 1374 2649 ut

190 2712 373 2795 plurimum,
398 2716 497 2775 testes
520 2718 594 2777 sunt
617 2710 657 2774 de
680 2711 822 2777 seientia
845 2711 896 2774 vel
921 2710 960 2775 de
984 2709 1105 2775 auditu
1130 2716 1162 2774 et
1185 2710 1219 2774 hi
1244 2729 1374 2794 respon·

191 2833 270 2899 dere
301 2833 419 2898 debent
441 2834 482 2900 de
505 2833 601 2899 rebus
631 2832 691 2897 sibi
716 2835 864 2918 cognitis,
888 2834 990 2897 veluti
1020 2833 1060 2899 de
1083 2834 1189 2899 causis
1212 2838 1245 2898 et
1270 2834 1372 2899 modis

192 2964 295 3021 metus
318 2958 438 3021 incussi
462 2957 501 3022 ad
529 2956 786 3041 extorquendum
815 2976 1018 3022 consensum.
1044 2957 1153 3031 Quare
1180 2958 1270 3023 hisce
1294 2956 1375 3022 flunt

191 3084 445 3168 interrogatoria
476 3082 620 3146 exhibita
649 3102 670 3145 a
700 3082 763 3147 def.
792 3089 887 3146 matr.
921 3090 952 3146 et
984 3084 1047 3147 alia
1078 3090 1303 3167 proponuntur
1330 3102 1375 3148 eoa

191 3205 304 3291 officio
327 3226 347 3270 a
370 3206 476 3271 iudice
492 3208 543 3270 vel
567 3227 587 3269 a
611 3206 673 3271 dei.
691 3214 785 3271 matr.
810 3208 843 3271 in
864 3208 932 3291 ipso
948 3213 1023 3271 actu
1039 3208 1208 3281 examinis,
1226 3206 1280 3272 sed
1298 3208 1375 3291 ipsis

192 3352 256 3399 non
279 3334 409 3418 legitur,
426 3352 470 3397 ex
492 3333 694 3417 praescripto
714 3334 805 3404 iuris,
829 3334 992 3397 attestatio
1009 3334 1166 3417 coniugis,
1182 3352 1202 3397 a
1218 3352 1280 3415 quo
1303 3352 1375 3417 pro-

192 3454 641 3524 dueuntur.utiobse1·vatur
664 3475 737 3520 cum
761 3455 895 3520 testibus
914 3456 1077 3537 septimae
1100 3474 1225 3521 manas
1244 3456 1375 3540 proprie

194 3581 296 3646 dictis.
321 3583 474 3647 Attamen
506 3582 586 3645 nihil
617 3580 769 3666 prohibet
799 3582 969 3665 quominus
1000 3582 1090 3667 bisce
1114 3582 1210 3644 etiam
1241 3578 1376 3645 testibus

194 3708 321 3792 legatur
352 3710 497 3793 integra.
522 3708 574 3772 vel
600 3727 642 3771 ex
672 3714 782 3790 parte,
807 3709 969 3773 attestatio
993 3707 1140 3790 coniugis
1162 3706 1215 3769 vel
1240 3706 1376 3769 alicuius

192 3831 285 3895 testis
314 3829 447 3896 atinde
478 3831 668 3915 exploretur
691 3831 822 3894 veritas.
849 3830 989 3895 Praeter
1019 3835 1120 3893 testes
1146 3848 1166 3891 a
1189 3826 1377 3912 coniugibus

194 3951 356 4025 deductos,
389 3959 533 4037 praestat
562 3956 644 4018 alios
672 3954 784 4019 audire
815 3974 861 4020 ee
892 3952 1005 4038 officie
1037 3958 1233 4017 convocatos
1264 3957 1376 4015 utres

194 4076 337 4141 intimius
360 4078 568 4160 perquiratur
591 4079 677 4139 omni
702 4097 745 4140 ex
769 4082 871 4161 parte.

283 4197 357 4261 478.
385 4198 479 4263 Aliae
493 4197 718 4282 probationum
734 4200 870 4282 species,
892 4200 990 4265 veluti
1015 4200 1231 4264 instrumenta
1246 4198 1285 4261 de
1303 4202 1378 4261 actu

194 4324 338 4407 nuptiali,
355 4324 494 4397 litterae,
512 4324 653 4407 scriptae
675 4326 898 4389 attestationes
918 4325 1126 4409 excipiuntur
1141 4342 1206 4387 non
1223 4343 1317 4388 secus
1339 4341 1379 4387 ao

195 4448 228 4511 in
243 4448 315 4511 aliis
330 4446 545 4532 processibus,
562 4448 669 4533 prouti
686 4448 750 4511 iam
767 4467 866 4533 supra
886 4449 1059 4533 tetigimus.
1080 4482 1098 4498 ·
1116 4438 1278 4519 Probatio,
1297 4466 1379 4531 quae
