3350 5100
747 208 954 257 ALLEGATUM
977 210 1023 256 VI.

419 474 580 526 nortuum
602 476 816 525 seriumne
843 477 1069 527 uurrmulm
1097 478 1228 527 coum
1254 478 1352 527 BBUH

764 602 1007 651 OONTUNAOBM.

383 757 481 827 Igitur,
500 758 604 829 elapsis
626 760 717 813 tribus
741 760 856 818 diebus.
875 776 926 829 pro
951 762 1140 831 peremptorio
1164 760 1286 815 termino
1305 760 1335 813 iu
1353 758 1487 829 praem

292 865 428 921 citatione
441 866 601 935 assignetis,
620 866 788 922 reverendus
800 866 833 920 N.
848 866 980 921 Vicerius
991 866 1147 937 Generalis,
1161 883 1212 937 pro
1224 866 1359 921 tribunali
1372 864 1483 931 sedens,

292 970 352 1026 elte
370 986 439 1027 voce
456 972 530 1042 legit
547 971 718 1028 senteutiam
735 972 919 1035 definitivum,
937 990 1009 1044 queo
1027 978 1072 1029 est
1089 972 1256 1029 huiusmodi.

383 1079 459 1133 Visis
478 1084 507 1135 et
525 1080 709 1136 consideratis
726 1079 880 1151 diligenter
896 1080 1028 1134 omnibus
1045 1084 1076 1135 et
1093 1079 1213 1150 singulis
1231 1079 1343 1133 iudiciis
1362 1084 1392 1134 et
1412 1093 1482 1147 pro-

292 1188 454 1241 bationibus
478 1203 572 1242 curem
598 1188 686 1242 Nobis
708 1188 808 1254 fectis,
832 1188 863 1241 iu
887 1203 1017 1257 processu
1042 1188 1182 1242 fabricato
1204 1192 1305 1243 contre
1330 1186 1481 1241 Dominum

293 1293 434 1349 Andreem
453 1294 486 1348 N.
507 1296 701 1367 presbyterum
721 1295 896 1349 diffamatum
915 1294 976 1366 (seu
995 1294 1211 1359 denunciatum,
1230 1312 1280 1350 seu
1305 1290 1481 1361 accusatum)

294 1404 329 1459 de
347 1404 466 1459 crimine
485 1402 545 1474 (eeu
566 1403 599 1458 de
626 1403 801 1469 criminibus)
819 1403 854 1457 de
879 1420 935 1475 quo
952 1404 1015 1470 (seu
1032 1402 1067 1458 de
1085 1404 1199 1475 quibus)
1217 1405 1247 1458 in
1264 1405 1351 1458 setis:
1368 1405 1482 1457 attento

293 1510 407 1579 insuper
425 1508 498 1581 quod
517 1508 607 1563 dictus
626 1510 752 1563 Andreas
765 1509 798 1563 N.
811 1526 829 1563 e
842 1509 930 1564 Nobis
948 1509 1044 1565 debite
1062 1511 1153 1563 forme
1169 1509 1357 1579 peremptorie
1375 1508 1481 1562 citetue

293 1632 349 1669 nou
367 1614 566 1685 comparuerit,
579 1619 607 1669 et
620 1616 660 1669 sic
674 1616 703 1670 in
716 1617 922 1671 contumaciam
940 1616 1081 1683 inciderit,
1100 1615 1189 1671 Deum
1206 1616 1298 1670 solum
1310 1631 1378 1685 pree
1388 1612 1481 1669 oculis

294 1719 439 1785 hebentes,
458 1718 599 1789 perhanc
618 1723 743 1773 nostram
761 1719 937 1775 definitivam
955 1720 1133 1788 senteutiam,
1153 1736 1238 1792 quem
1256 1720 1286 1773 in
1304 1718 1349 1773 his
1367 1717 1482 1787 scriptis

293 1826 417 1892 ferimus,
436 1823 611 1880 declaremus
630 1829 659 1879 et
677 1826 880 1880 senteutiemue
900 1825 1047 1882 Dominum
1068 1826 1208 1881 Andreem
1227 1825 1261 1879 N.
1283 1825 1480 1897 presbyterum

294 1950 354 1989 esee
373 1950 452 1989 reum
471 1932 538 1987 talis
557 1937 607 1987 eut
626 1932 725 1986 talium
747 1922 917 1987 delictorum
939 1933 980 2002 (et
1002 1934 1041 1988 ibi
1067 1934 1138 1989 hece
1160 1933 1265 1988 delicte
1291 1932 1482 2001 exponentur)

293 2040 447 2111 dequibus
465 2038 576 2095 delictis
594 2040 647 2093 fuit
665 2039 836 2095 sufficienter
855 2039 1006 2094 iudicietus
1025 2041 1054 2093 in
1074 2040 1155 2107 sctis,
1173 2044 1203 2095 et
1220 2056 1302 2112 queo,
1320 2040 1357 2093 ob
1378 2042 1485 2093 contu·

293 2148 422 2214 menium,
434 2145 573 2201 censenda
590 2150 657 2200 suut
675 2148 710 2200 eb
730 2146 790 2217 ipso
809 2147 945 2202 confesse.
964 2146 1141 2217 Quapropter
1157 2146 1269 2201 delictis
1287 2162 1391 2216 poenes
1403 2162 1484 2200 oom-

293 2252 496 2314 mensureutes,
509 2253 608 2303 contre
627 2250 784 2319 praefatum
796 2249 939 2305 Andreem
952 2249 987 2304 N.
1001 2251 1216 2319 pronuntiemus
1227 2266 1346 2319 poenum
1365 2265 1485 2320 suspeu-

293 2356 380 2411 sionis
398 2372 416 2409 o
433 2354 543 2419 divinis,
564 2372 616 2410 nec
634 2372 691 2411 nou
709 2356 892 2426 depositionis
910 2358 946 2411 eb
965 2357 1066 2411 officiis
1080 2362 1112 2412 et
1129 2358 1275 2413 beneficiis
1297 2356 1484 2428 quibuslibet,

294 2472 324 2517 et
345 2462 457 2517 tendem
479 2462 594 2516 meioris
620 2463 927 2518 excommunicationis.
952 2463 995 2519 lte
1021 2463 1074 2518 boc
1098 2468 1129 2520 et
1153 2464 1229 2519 omui
1253 2464 1365 2519 meliori
1388 2463 1481 2517 modo.

295 2571 375 2636 Late,
396 2569 471 2625 lecte
495 2575 525 2625 et
550 2569 696 2640 publicato
716 2571 771 2626 iuit
792 2570 879 2628 die...
901 2572 1041 2628 mensis...
1060 2571 1422 2627 enno....1)enuntievimus
1447 2576 1483 2625 ut

295 2687 389 2742 eupre.

1120 2779 1158 2836 N.
1177 2779 1307 2834 Viceriue
1325 2778 1482 2836 Generalis.

1123 2884 1157 2939 N.
1176 2886 1319 2941 Notarius.

664 3120 780 3168 uoltus
802 3121 1021 3170 EXAMINANDI
1044 3123 1112 3169 REI.

385 3313 560 3370 Constitutus
582 3313 768 3384 personaliter
786 3314 930 3383 praefatus
948 3313 1082 3367 Dominus
1106 3313 1233 3369 Andreas
1252 3314 1285 3367 N.
1306 3315 1482 3385 praesbyter,

297 3436 390 3477 eorem
409 3421 562 3477 reverendo
580 3420 615 3475 N.
636 3419 748 3474 vicario
767 3419 909 3485 Generali,
921 3421 951 3475 iu
963 3420 1037 3474 strio
1055 3420 1189 3491 episcopii
1208 3419 1387 3492 expediendis
1404 3419 1479 3474 iudi·

296 3527 348 3583 ciie
365 3527 516 3595 destinato,
534 3529 725 3598 interrogetus
744 3527 798 3582 fuit
816 3531 847 3582 et
865 3527 1016 3597 respondit

439 3635 481 3688 Ad
501 3634 658 3706 generalia:

389 3742 410 3796 l.
429 3741 637 3812 interrogatus:
656 3757 692 3794 en
716 3741 776 3810 ipse
799 3741 838 3794 eit
856 3741 983 3796 Andreee
1001 3741 1037 3794 N.
1063 3742 1219 3812 presbyter,
1239 3740 1268 3793 in
1291 3737 1426 3810 parochie
1444 3736 1481 3792 N.

296 3849 394 3904 vicarii
413 3865 514 3902 munus
531 3846 666 3919 explens?
685 3846 854 3916 Respondit:
874 3848 898 3900 is
915 3847 976 3916 ipse
995 3864 1064 3902 sum.

386 3953 412 4007 2.
432 3953 641 4021 lntsnogatus:
660 3969 678 4006 e
696 3955 803 4024 quento
823 3954 948 4020 temporo
966 3950 1054 4004 secris
1065 3950 1210 4005 ordinibus
1227 3949 1357 4005 initiatus
1373 3945 1480 4003 fuerit?

298 4058 488 4129 Respondit...

384 4164 411 4220 3.
429 4166 636 4236 Interrogatus:
655 4165 685 4220 iu
703 4180 759 4236 quo
778 4163 931 4219 seminario
949 4163 1098 4229 studuerit,
1117 4181 1153 4218 en
1171 4179 1188 4217 e
1206 4163 1327 4217 dioecesi
1345 4161 1482 4217 oriundus

295 4269 342 4340 sit,
361 4287 398 4324 en
416 4275 445 4325 et
463 4269 601 4342 quomodo
620 4270 697 4325 clero
715 4270 875 4325 dioeceseos
894 4267 1050 4339 adscriptus
1069 4266 1175 4323 fueriti
1194 4267 1389 4340 Respondit...
