3350 5100
406 280 449 326 DE
472 279 611 327 IUDICllS
635 278 878 327 calumniantis
904 278 939 325 ΙΝ
962 279 1080 327 sescla
1265 260 1332 328 543

152 406 185 471 S.
211 410 243 469 et
268 406 305 473 U.
332 405 369 470 R.
396 404 631 488 inquisitionis:
648 408 682 469 at
697 422 740 469 ex
757 402 850 469 dictis
866 409 899 471 et
914 424 957 469 ex
973 406 1140 491 principiis
1155 406 1220 471 late
1236 423 1333 490 expo·

151 531 222 595 sitis
244 532 278 594 in
303 530 378 595 Vol.
396 528 438 602 11,
462 527 538 603 282,
556 547 623 612 seq.
647 527 753 593 facilis
776 534 827 593 est
849 531 1027 615 responsio.
1042 530 1123 595 Nam
1139 531 1166 595 si
1183 527 1332 595 rescribit

151 675 216 739 qua
239 660 288 721 est
311 654 487 740 Collegium
511 653 670 725 iudiciale.
694 658 773 719 tunc
799 652 919 719 decisio
941 654 1041 719 habet
1064 656 1128 720 vim
1151 657 1332 722 sententiae

70 802 75 815 ¹
151 778 310 845 iudicialis
333 800 391 845 seu
417 780 504 845 inter
530 783 647 863 partes.
678 814 696 829 ·
722 778 755 845 Si
781 778 1048 872 autemexpedit
1075 780 1204 865 negotia
1234 779 1331 845 iuris·

149 904 301 970 dictionis
330 902 545 970 voluntarias
575 908 631 968 aut
657 904 823 989 potestatis
853 902 1158 987 administratione,
1189 908 1225 969 ut
1254 924 1332 970 ecce

149 1030 340 1115 impertiens
356 1027 480 1093 indulta
495 1026 750 1111 dispensationis,
766 1031 846 1109 tunc
860 1029 942 1093 istae
957 1030 1183 1095 concessiones
1197 1034 1331 1095 eatenus

148 1150 262 1217 valent
284 1154 441 1234 quatenus
464 1130 593 1216 easdem
604 1150 857 1236 comprehendit
879 1156 1019 1234 potestas
1041 1152 1072 1216 ei
1095 1150 1330 1217 demandatio

148 1272 321 1339 Pontifice.

240 1398 433 1473 Quaerere
456 1397 604 1465 decernit
627 1397 725 1463 edens
748 1418 896 1465 normam
919 1400 1036 1487 agendi
1058 1402 1128 1466 sive
1147 1401 1328 1468 iudicialem

146 1526 218 1589 sive
241 1524 528 1599 extraiudioiulem
553 1524 700 1593 obtinent
722 1526 786 1590 vim
810 1525 892 1611 legis
914 1525 955 1591 ob
977 1531 1168 1612 potestatem
1191 1530 1252 1615 ipsi
1271 1529 1329 1617 de·

145 1648 331 1714 mandatam
347 1668 367 1745 a
386 1650 533 1715 Romano
557 1646 725 1716 Pontiflce.
743 1648 789 1715 De
812 1646 1008 1723 difficultate,
1026 1670 1121 1734 quam
1137 1658 1268 1718 movent
1283 1674 1327 1719 ex

145 1772 277 1839 defectu
299 1773 575 1860 promulgationis,
599 1774 662 1837 iam
690 1771 900 1839 disseruimus
922 1773 999 1839 Vol.
1025 1775 1066 1847 ΙΙ,
1091 1794 1123 1839 n.
1147 1774 1215 1841 294
1237 1782 1271 1841 et
1292 1779 1326 1843 in

146 1896 222 1961 Vol.
248 1898 309 1973 ΙΙΙ,
334 1917 365 1962 n.
393 1896 512 1963 126111
536 1900 627 1963 nola.

237 2020 422 2086 Docisiones
436 2038 517 2085 vero
529 2020 735 2091 doctrinales,
748 2038 808 2105 per
820 2039 865 2101 se,
878 2038 942 2086 non
956 2026 1031 2085 sunt
1045 2021 1190 2088 absolute
1201 2023 1326 2089 erroris

143 2152 309 2233 expertes,
327 2148 402 2230 quia
421 2147 625 2233 privilegium
648 2145 884 2212 infallibilitatis
907 2165 928 2211 a
950 2146 982 2213 S.
1007 2146 1165 2214 Pontidce
1187 2168 1254 2214 non
1276 2153 1326 2213 est

142 2270 342 2358 delegabile;
367 2272 452 2337 unde
475 2270 657 2364 infallibilia
683 2276 758 2339 suut
780 2289 820 2336 ee
841 2276 967 2337 tantum
991 2272 1134 2355 decreta,
1158 2293 1240 2357 quae
1263 2276 1322 2339 etsi

141 2416 188 2462 ex
212 2397 358 2463 consulto
382 2396 413 2462 S.
438 2399 471 2461 et
494 2397 530 2463 U.
561 2396 631 2480 lnq.
657 2394 844 2480 procedant,
869 2401 981 2460 tamen
1013 2395 1126 2461 eadem
1157 2396 1236 2463 facit
1265 2416 1324 2463 sua

143 2498 310 2588 Romanus
339 2520 492 2588 Pontifex
519 2540 622 2608 eaque
650 2522 839 2608 promulgat
864 2542 923 2587 suu
957 2524 1152 2592 auctoritate
1186 2544 1246 2590 seu
1279 2544 1323 2590 ex

140 2650 317 2718 cathedra.
416 2683 420 2689 ·

232 2775 308 2842 534.
333 2776 476 2858 Denique
499 2773 603 2858 quoad
627 2772 753 2838 modum
777 2773 973 2860 procedendi
997 2776 1031 2840 in
1054 2777 1159 2840 causis
1184 2775 1320 2841 iudicia·

138 2899 225 2965 libus
248 2899 311 2965 hoc
334 2897 474 2964 tribunal
498 2896 629 2963 adhibet
651 2903 792 2984 systema
812 2917 897 2982 pure
919 2898 1165 2983 inquisitionem,
1190 2904 1223 2964 et
1244 2898 1323 2966 hinc

138 3025 284 3090 maxime
306 3027 488 3096 secretum,
512 3026 654 3087 alumen
677 3023 726 3086 rei
753 3021 933 3087 defensioni
956 3021 1195 3088 accommodam
1217 3025 1323 3108 aperit
1425 3019 1429 3027 '

139 3147 237 3210 viam.
262 3145 429 3229 Inquisitio
452 3143 610 3210 iudicialis
631 3143 832 3208 instauratur
855 3142 1026 3227 aliquando
1050 3143 1106 3209 sed
1131 3164 1208 3209 raro
1224 3145 1326 3215 etiam.

138 3292 187 3340 aaa
205 3271 324 3356 officio,
342 3273 458 3356 quippe
474 3270 546 3335 iere
565 3287 693 3356 semper
715 3269 891 3352 inquiritur
908 3270 1044 3354 praevia
1060 3269 1321 3337 denunciatione

138 3395 194 3461 vel
219 3394 385 3461 Ordiuarii
407 3394 471 3458 loci
494 3391 540 3480 (1)
565 3394 619 3457 vel
651 3393 878 3478 inquisitorum
909 3393 1044 3460 alterius
1071 3393 1239 3463 Praesulis
1265 3394 1320 3458 vel

132 3520 267 3603 pacali
281 3517 396 3584 fidelis.
415 3553 433 3568 ·
450 3519 489 3583 ln
506 3516 705 3602 excipiendis
721 3516 1021 3583 denunciationibus
1036 3523 1130 3584 caute
1149 3517 1319 3584 admodum

137 3644 294 3732 procedit,
310 3643 390 3710 adeo
413 3649 449 3710 ut
468 3643 606 3726 primae
628 3647 661 3707 et
682 3641 853 3710 secundae
868 3641 1109 3740 denunciatioui
1124 3638 1208 3707 solet
1222 3640 1320 3708 Ordi-

137 3771 240 3836 nariis
264 3771 406 3835 accusati
430 3766 650 3834 rescribere<
669 3766 900 3834 Oasnnvnrua
917 3787 935 3831 a
954 3765 1000 3852 (2)
1023 3766 1180 3850 siquidem
1196 3765 1236 3831 ad
1253 3771 1319 3832 ter·

137 3892 222 3959 tiam
234 3860 359 3957 tantum
371 3890 651 3956 denunciationem
666 3887 818 3972 inquirit,
832 3892 865 3953 et
876 3887 1003 3970 quando
1016 3888 1160 3952 criminis
1170 3884 1317 3973 probatio

226 4087 268 4156 (Ι)
287 4085 434 4155 Proprium
453 4089 496 4138 eet
514 4083 581 4155 styli
601 4082 628 4136 S.
648 4081 735 4136 Officii
756 4086 788 4135 ut
806 4081 918 4137 nomine
937 4081 1076 4135 Ordinsrii
1096 4098 1151 4136 non
1163 4082 1259 4136 veniat
1271 4081 1319 4134 Vi·

134 4195 230 4251 carius
248 4192 398 4263 generalis,
416 4191 464 4262 qui
483 4189 591 4259 indiget
610 4189 729 4260 speciali
746 4187 932 4259 delegatione.

226 4299 266 4372 (2)
286 4299 324 4353 De
344 4299 371 4352 vi
389 4297 472 4352 liuius
491 4295 633 4352 clausulae
653 4296 754 4350 iterum
775 4295 944 4350 disseremus
970 4300 1087 4366 ugentes
1112 4295 1185 4348 infra
1201 4293 1236 4348 de
1255 4309 1319 4364 pro-

133 4425 216 4464 cessu
235 4405 373 4460 servando
391 4404 420 4458 in
440 4403 542 4458 iudicio
560 4403 593 4458 de
611 4403 727 4457 crimine
746 4401 962 4457 sollicitationis.
975 4401 1046 4456 Nam
1062 4401 1145 4456 bodie
1157 4400 1318 4455 sollicitatio
