3350 5100
1429 11 1629 122 pr

323 283 388 348 150
836 301 920 348 rens
945 300 982 347 11.

307 426 355 489 -in
385 424 507 489 celebri
537 426 744 491 accusatione
774 401 930 489 adversus
963 423 1120 495 Verrem,
1146 425 1252 508 prouti
1284 423 1352 509 ipse
1387 427 1503 488 narrat

322 550 435 632 (Verr.
460 551 507 632 11,
532 549 591 630 26,
616 549 680 632 64;
704 551 723 614 1
731 550 767 624 V,
790 549 859 634 66),
884 549 1033 614 referens
1062 569 1098 613 se
1126 549 1267 614 Siciliam
1292 567 1502 634 peragrasse,

322 673 528 757 probationes
551 673 590 738 de
613 673 876 740 concussionibus
896 693 915 736 a
936 673 1043 737 Verre
1059 673 1194 758 patratis
1211 674 1445 756 exquisientem
1470 675 1504 738 ei

322 799 432 864 sedulo
456 799 673 884 colligentem.

411 927 527 990 Partes
544 925 667 1004 iudicis,
686 928 718 988 in
741 945 896 1009 processu
921 944 1001 1009 pure
1017 924 1237 1018 00000010νί0
1263 942 1328 987 000
1345 943 1446 1017 Ι00000
1462 941 1503 986 00

320 1051 354 1114 10
376 1049 494 1114 iudicio
518 1049 607 1114 civili
629 1050 809 1113 consistunt
827 1049 974 1130 0001100,
992 1049 1024 1112 10
1048 1047 1249 1132 excipiendis
1274 1052 1306 1111 01
1329 1045 1503 1132 pensandis

321 1174 561 1260 probationibus
577 1173 616 1238 ab
630 1177 822 1239 0000001010
836 1173 953 1237 allatis.
971 1209 985 1220 -
1002 1175 1182 1239 Accusatus
1197 1177 1307 1238 autem
1324 1170 1500 1238 ordinario.

321 1298 480 1382 pendente
503 1298 718 1363 accusationis
740 1297 866 1369 iudicio,
884 1295 1054 1361 fruebatur
1077 1295 1184 1362 libera
1207 1295 1361 1362 createdia
1377 1293 1424 1376 (ll
1444 1313 1502 1360 seu

320 1423 405 1489 liber
427 1425 558 1490 omnino
583 1422 845 1507 relinquebatur;
869 1421 1021 1487 sederat
1051 1423 1083 1485 in
1113 1421 1268 1486 facultate
1295 1422 1503 1505 magistratus

321 1573 392 1618 eum
417 1570 540 1634 ponere
562 1549 625 1615 sub
651 1549 815 1621 custodia,
844 1567 959 1632 nempe
983 1549 1118 1612 militum
1143 1545 1175 1630 (l.
1206 1547 1232 1626 1,
1255 1549 1292 1630 ff.
1317 1548 1362 1610 tit.
1387 1544 1422 1616 3,
1446 1543 1501 1610 De

321 1674 475 1742 custodia
490 1681 520 1740 et
536 1673 742 1740 cohibitione
756 1693 907 1746 reorum,
924 1672 980 1739 lib.
997 1673 1057 1738 XL
1068 1673 1176 1758 Vlllp.
1202 1674 1254 1738 Ex
1278 1671 1391 1758 quibus
1412 1677 1503 1756 patet

321 1810 464 1888 systema
479 1800 731 1867 coemeterium
748 1819 847 1884 penes
864 1800 1025 1864 Romanos
1040 1801 1205 1884 sapienter
1221 1799 1383 1864 evolutum
1399 1798 1501 1864 fuisse

321 1927 361 1992 ad
384 1946 531 1990 normam
556 1926 636 1988 iuris
660 1925 826 1990 naturalis.

411 2050 484 2115 107.
510 2050 565 2113 lus
580 2048 835 2112 ecclesiasticum
852 2049 915 2112 iam
931 2067 951 2112 a
966 2049 1032 2114 suis
1046 2048 1230 2131 primordiis
1247 2052 1390 2134 systema
1405 2067 1503 2112 accae·

319 2174 488 2242 raterium
511 2175 640 2258 excepit
662 2174 769 2256 prouti
794 2177 956 2240 testantur
979 2173 1087 2240 Consi.
1110 2175 1221 2259 Apost.
1239 2173 1294 2239 lib.
1312 2173 1360 2242 11,
1376 2171 1501 2244 ‹lc-55,

321 2304 354 2366 et
383 2299 602 2363 Tertullianus
626 2296 668 2385 (†
689 2295 768 2381 215)
795 2297 971 2382 10010001.
1003 2318 1030 2363 0.
1055 2296 1105 2364 39
1112 2318 1125 2380 ;
1153 2297 1309 2380 siquidem
1338 2297 1378 2362 ab
1410 2295 1502 2361 hisee

320 2423 518 2489 documentis
534 2423 758 2507 comperimus.
772 2423 965 2508 Episcopum
978 2442 1034 2488 suo
1047 2422 1280 2488 circumdatum
1296 2421 1502 2507 presbyterio

319 2550 433 2615 audire
456 2550 583 2614 solitum
614 2547 714 2613 fuisse
743 2554 969 2614 accusatorem
993 2555 1025 2614 et
1047 2554 1245 2621 accusatum,
1269 2554 1368 2614 testes
1398 2550 1500 2612 inter·

320 2694 453 2761 rogasse
476 2680 509 2739 et
532 2672 606 2738 inde
630 2675 807 2737 sententias
829 2674 1038 2739 absolutionis
1054 2680 1110 2739 aut
1124 2674 1401 2739 condemnationis
1424 2692 1502 2756 pro-

321 2802 501 2864 nunciasse.
529 2832 546 2846 ·
573 2801 616 2863 At
638 2798 716 2863 illud
736 2798 863 2880 primo,
889 2798 1053 2883 singulare
1076 2803 1125 2862 esi
1148 2800 1181 2861 in
1206 2798 1295 2863 bisce
1315 2797 1442 2887 iudiciis
1466 2802 1503 2861 01

321 2944 374 2987 100
397 2922 591 3006 procederet
612 2922 733 3006 absque
756 2923 883 2987 formae
906 2924 1107 2989 solemnitate
1128 2930 1160 2989 et
1175 2924 1284 2989 iudicii
1307 2924 1501 2989 accusatorii

320 3050 510 3110 servaretur
533 3045 720 3110 substantia.
743 3047 856 3111 Devoti
874 3048 955 3112 1001.
977 3045 1057 3113 Can.
1076 3047 1137 3117 IV,
1161 3048 1233 3129 §5-
1250 3084 1268 3093 -
1286 3046 1504 3113 Nihilominus

321 3188 384 3253 quo
400 3172 502 3255 nragis
517 3171 667 3235 Ecclesia
684 3172 861 3255 explicavit
884 3174 916 3236 in
933 3174 1088 3237 exteriori
1113 3172 1194 3245 1010,
1212 3192 1388 3259 progressu
1411 3177 1501 3239 aeta·

320 3299 398 3368 tum,
415 3314 505 3358 suam
522 3264 660 3358 formam
677 3303 836 3363 externae
852 3297 1024 3376 societatis
1041 3298 1156 3361 maiori
1171 3297 1338 3382 diligentia
1353 3300 1501 3363 servavit

321 3418 417 3481 etiam
433 3418 655 3482 solemnitates
671 3438 842 3502 processus
857 3422 1047 3485 accusatorii
1066 3423 1201 3495 romani,
1220 3424 1326 3506 pronti
1342 3424 1432 3486 testis
1448 3428 1500 3487 est

321 3542 357 3605 1).
368 3542 557 3625 Gregorius.
567 3540 666 3626 (605)
674 3543 711 3606 10
725 3562 801 3608 000.
813 3543 836 3607 7
845 3564 935 3610 caus.
949 3544 984 3615 2,
998 3564 1030 3629 q.
1045 3546 1143 3612 1010.
1157 3544 1324 3617 eatenus.
1337 3548 1383 3619 11,
1400 3548 1469 3631 q.1.
1481 3582 1500 3597 -

321 3665 442 3731 Deinde
455 3668 615 3741 seeundo,
640 3668 726 3733 alind
750 3670 917 3753 singulare
933 3670 1003 3749 1011,
1021 3672 1082 3734 iam
1106 3670 1146 3735 ab
1170 3672 1296 3755 origine
1321 3669 1501 3753 Ecclesiae,

320 3794 353 3855 in
376 3793 445 3855 eius
468 3810 640 3874 processu,
668 3799 703 3856 ut
730 3791 826 3876 (quod
853 3794 1037 3877 expostulet
1067 3796 1150 3859 ratio
1174 3814 1349 3880 poenarum
1382 3796 1500 3863 eccles.

330 3916 481 3986 1101111,
506 3914 613 3995 013)
637 3918 788 4000 propriae
810 3920 1008 3983 accusationi
1033 3919 1246 4003 praecederet
1269 3920 1402 3986 monitio
1424 3920 1501 3999 fra·

408 4107 447 4177 (l)
466 4108 539 4162 Sane
558 4124 607 4177 010
626 4108 746 4178 publicis
764 4110 875 4164 delictis
888 4119 1020 4166 consueta
1033 4128 1122 4180 poena
1135 4118 1196 4167 erat
1210 4112 1324 4167 exilium
1344 4130 1392 4167 sen
1412 4130 1502 4183 00000

321 4225 347 4269 et
365 4216 438 4284 10010
457 4216 621 4282 interdictio,
636 4234 707 4285 qnae
723 4232 812 4285 poena
831 4234 920 4287 aeque
932 4218 1053 4271 obtineri
1068 4218 1143 4273 valet
1156 4220 1242 4273 etiam
1257 4220 1284 4272 in
1300 4198 1459 4289 traosfogas
1473 4226 1504 4274 01

318 4322 551 4377 incontumaces.
572 4322 624 4376 Sed
644 4340 703 4376 mos
726 4324 832 4378 liberae
852 4325 994 4378 custodiae
1013 4342 1064 4378 nec
1084 4331 1215 4380 constans
1235 4328 1289 4380 suit
1311 4344 1363 4381 nee
1381 4328 1428 4380 diu
1447 4329 1503 4382 110-

318 4430 538 4500 00001010001.
559 4431 709 4498 Padeletti,
730 4432 823 4487 Storiu
842 4432 890 4487 del
909 4434 1004 4486 diritto
1023 4450 1103 4499 rom„
1123 4450 1185 4503 pag.
1206 4432 1267 4487 304.
