3350 5100
427 354 471 400 ne
495 353 633 401 mmcns
657 353 899 401 cnrumsmsos
924 353 958 399 nv
983 353 1100 400 senam
1290 333 1355 398 499

176 483 305 543 cessent
326 497 348 541 a
371 479 534 562 proposito
556 478 700 544 ineundi
723 479 929 553 matrimonii,
946 478 998 543 vel
1019 477 1079 543 sibi
1103 479 1274 544 consulant
1297 498 1356 563 per

177 603 363 691 lepittmam
394 604 690 686 dimeruatiouem.
723 605 756 670 Si
786 605 871 670 malo
903 603 983 686 fato,
1008 604 1070 670 hoc
1098 604 1354 688 experimentum

177 727 305 791 irritam
321 724 425 795 cadat,
442 724 494 789 vel
517 727 592 808 quia
614 726 770 811 coniuges
785 725 985 792 contendunt
1007 726 1266 810 impedimentum
1291 745 1354 790 non

177 849 316 931 obstare,
333 848 385 913 vel
402 851 477 933 quia
492 850 596 914 amice
618 849 737 914 cedere
759 850 876 916 nolunt
895 852 1066 916 instantiae
1091 849 1256 916 Ordinarii
1274 869 1358 914 asse·

56 1013 60 1022 ·
179 979 288 1040 rentes
303 993 339 1039 se
353 974 590 1059 dispensatione
613 994 679 1039 non
694 974 851 1060 indigere,
870 975 1024 1041 devenire
1040 979 1167 1059 oportet
1182 974 1222 1039 ad
1238 981 1356 1040 tracta·
1391 1045 1394 1050 ,

176 1099 296 1162 donem
321 1097 512 1163 iudicialem.
537 1097 580 1162 Et
601 1101 680 1162 tuno
702 1103 758 1164 aut
780 1096 885 1164 fidelis
907 1096 1157 1164 accusationem
1176 1095 1357 1162 iudicialem

179 1224 246 1308 ipse
262 1224 404 1303 assumit,
418 1223 472 1288 vel
488 1223 575 1289 hanc
591 1225 761 1289 instituere
784 1225 922 1308 respuit;
939 1225 1093 1306 quocirca
1116 1224 1209 1288 curia
1230 1223 1357 1288 denua·

179 1348 317 1415 ciatioru'
333 1349 445 1412 innixa
460 1355 494 1413 et
504 1349 574 1412 aliis
587 1351 786 1435 argumentis
799 1367 843 1414 ex
855 1350 1060 1431 inquisitione
1073 1347 1218 1414 collectis
1229 1347 1357 1432 impedi·

180 1475 322 1534 mentum
335 1475 541 1539 contestatur
556 1471 816 1555 nupturientibus
832 1477 866 1536 et
876 1471 1048 1536 devenitur
1064 1489 1164 1553 usque
1176 1469 1217 1534 ad
1233 1475 1358 1534 senten·

178 1591 255 1654 tiam
271 1590 491 1676 definitivam,
509 1611 591 1675 quae
606 1612 650 1656 ex
665 1593 749 1658 actis
765 1597 799 1658 et
810 1592 967 1675 probatu
983 1589 1080 1658 edicit
1096 1589 1356 1675 impedimentum

179 1712 345 1779 dirimens
368 1714 420 1778 vel
444 1714 574 1780 obstare
597 1714 650 1778 vel
673 1717 804 1781 minime
826 1715 957 1781 obstare
981 1714 1184 1778 matrimonio
1208 1711 1358 1776 ineundo.

314 1836 348 1921 2)
372 1837 464 1902 Inter
487 1838 715 1924 impedimenta
736 1839 975 1922 impedientia,
1000 1838 1162 1924 negotium
1188 1834 1359 1920 aliquando

181 1965 278 2028 etiam
299 1964 459 2030 iudiciale
483 1963 616 2031 facessit
641 1965 902 2050 impedimentum
928 1985 971 2029 ex
993 1961 1218 2047 sponsalibus,
1243 1961 1360 2046 quippe

180 2087 342 2152 servanda
364 2091 413 2153 est
435 2085 515 2152 fides
537 2089 747 2171 sponsalitia.
769 2091 813 2153 At
835 2108 899 2154 non
925 2095 975 2156 est
998 2085 1192 2153 instituenda
1216 2084 1360 2168 quaestio

180 2212 351 2278 iudicialis
366 2214 427 2277 nisi
442 2231 587 2297 sponsus,
605 2215 658 2296 qui
679 2219 817 2280 armarat
841 2213 1112 2299 impedimentum,
1129 2210 1213 2275 idem
1230 2207 1360 2274 iudicia·

180 2336 257 2403 liter
270 2340 424 2403 evincere
439 2338 593 2405 intendat,
611 2338 694 2412 Quia
709 2342 736 2405 si
752 2358 909 2405 accusare
925 2339 1014 2412 nolit,
1032 2338 1226 2423 intelligitur
1241 2355 1361 2400 renun-

181 2466 270 2530 ciare
282 2466 344 2529 iuri
357 2485 425 2536 suo,
438 2466 491 2530 vel
503 2466 617 2530 saltem
630 2464 890 2551 impedimentum
903 2465 1036 2552 probari
1053 2483 1118 2529 non
1131 2481 1241 2548 posse;
1257 2480 1362 2546 neque

179 2608 227 2655 aa
241 2589 353 2675 officio
377 2590 525 2655 iudicium
550 2592 760 2665 instauratur,
777 2594 856 2675 quia
878 2592 987 2677 agitur
1006 2591 1109 2675 magis
1132 2588 1172 2652 de
1192 2588 1268 2652 iure
1287 2588 1362 2670 pri-

180 2720 268 2781 vau.
296 2716 341 2778 At
363 2715 463 2779 semel
487 2717 666 2781 instaurata
689 2718 904 2789 accusatione,
929 2713 1203 2799 supersedendum
1221 2716 1270 2777 est
1293 2732 1361 2776 ma-

181 2839 323 2902 trimonii
354 2837 578 2909 celebrationi,
607 2859 690 2923 quae
721 2859 785 2905 non
807 2846 858 2905 est
880 2837 1107 2925 permittenda,
1132 2840 1193 2903 nisi
1217 2836 1363 2903 absoluta

181 2963 369 3045 quaestione
391 2962 444 3025 vel
468 2982 527 3046 per
549 2963 765 3030 amicabilem
788 2962 1062 3048 compositionem,
1087 2966 1144 3028 aut
1167 2960 1364 3027 transactio·

182 3102 272 3157 nem
288 3084 342 3149 vel
359 3104 418 3169 per
433 3085 547 3150 iudicis
561 3087 744 3153 decretum.
763 3122 781 3135 ·
798 3090 859 3152 Ast
879 3088 1021 3173 permitti
1038 3086 1172 3152 deberet
1187 3086 1233 3151 uti
1249 3084 1364 3149 miuus

182 3208 315 3273 maium
345 3210 529 3293 nuptiarum
565 3211 759 3284 celebratio,
792 3215 818 3278 si
849 3232 904 3277 res
935 3213 1030 3277 nimis
1061 3214 1093 3275 in
1126 3211 1259 3296 longum
1288 3228 1364 3293 pro-

182 3335 381 3403 traheretur.
407 3335 456 3401 cf.
481 3338 579 3401 lustr.
603 3337 697 3402 Aust.
724 3339 746 3420 ἓ
768 3338 841 3404 112.

316 3460 354 3541 3)
384 3461 476 3527 Inita
502 3463 565 3526 iam
589 3464 838 3530 conversatione
862 3462 1041 3547 coniugali,
1065 3461 1117 3546 agi
1146 3458 1295 3525 usuvenit
1325 3456 1364 3521 de

183 3586 386 3668 separatione
409 3587 513 3670 quoad
536 3592 650 3654 torum
666 3593 699 3654 et
713 3608 879 3663 mensam,
901 3588 1001 3653 veluti
1025 3584 1065 3650 ob
1089 3582 1307 3657 adulterium,
1324 3580 1363 3645 ob
1463 3668 1464 3673 ἵ

184 3709 362 3792 periculum
390 3711 527 3777 animae
550 3712 602 3778 vel
626 3713 791 3797 eorporis.
823 3713 1037 3789 Quaestiones
1067 3728 1200 3775 movere
1224 3707 1263 3771 ad
1287 3706 1365 3771 obti-

185 3830 323 3895 nendam
346 3835 581 3917 separationem
605 3837 653 3901 illi
669 3856 712 3902 ex
731 3836 922 3922 coniugibus
946 3836 1089 3920 pertinet
1111 3834 1203 3897 cuius
1218 3832 1364 3901 interest,

185 3972 242 4017 seu
255 3956 384 4041 coniugi
399 3956 497 4023 laeso.
512 3958 621 4033 Quare
636 3980 701 4026 non
717 3961 942 4026 instaurantur
958 3978 1003 4026 cot
1014 3957 1126 4043 officio
1141 3958 1220 4021 istae
1237 3971 1365 4029 causae,

184 4073 241 4139 sed
264 4080 389 4143 tantum
411 4077 453 4143 ad
474 4080 674 4147 instantiam
698 4083 812 4164 partis
834 4084 948 4148 laesae
954 4102 968 4164 ;
988 4082 1076 4145 facta
1099 4098 1178 4143 vero
1201 4077 1363 4148 instantia,

184 4202 351 4285 proprium
375 4207 425 4267 est
446 4203 560 4270 iudicis
579 4207 695 4273 eccles.
720 4209 887 4290 inquirere
910 4226 952 4271 an
976 4204 1129 4271 instantia
1152 4200 1366 4290 separationis

184 4326 226 4391 sit
240 4327 354 4391 innixa
368 4326 518 4413 legitimis
533 4334 743 4416 argumentis.
761 4332 804 4399 Ut
817 4336 895 4417 puta
910 4332 1071 4417 allegatur
1086 4329 1292 4405 adulterium,
1309 4344 1366 4391 seu

185 4470 261 4536 pars
284 4454 440 4519 innocens
462 4455 599 4521 alteram
622 4456 766 4525 traducit
788 4460 820 4523 in
845 4457 1024 4523 adulteram
1052 4460 1084 4521 et
1107 4456 1187 4541 petit
1210 4450 1365 4535 disrumpi
