3350 5100
483 371 526 416 nn
552 369 689 416 inmens
713 368 955 416 cmmmnmnos
979 367 1014 413 m
1038 367 1155 414 sraela
1342 347 1408 414 523

231 495 271 560 cl.
297 495 480 580 Nervegna
504 487 555 559 De
577 493 653 559 iure
672 493 825 576 practico
850 489 969 576 Repul.
984 509 1067 575 pap.
1085 489 1170 556 199:
1189 508 1206 552 s
1223 489 1408 572 Perpensis

230 620 282 695 iis,
299 618 446 704 quaeda
460 619 619 705 retipioso
633 617 677 683 N.
694 619 889 684 solemniter
898 615 1057 698 professo
1078 615 1116 679 in
1131 613 1252 681 ordine
1269 613 1307 677 B.
1320 633 1406 680 asse·

229 749 371 826 runtur;
389 742 642 828 difficultatibus
663 743 766 808 etiam
790 749 991 826 temporum,
1008 739 1131 824 quibus
1149 738 1266 805 omnia
1288 743 1319 803 et
1340 741 1407 804 sin·

229 870 321 954 puta,
349 888 439 954 quae
460 889 485 934 a
509 869 620 935 Const.
644 865 846 951 Apostolicis
869 865 1080 950 eapulsionis
1107 881 1406 930 insonamrmnma

151 982 155 990 ’
230 1012 510 1066 pessumarum,
535 993 747 1059 adamussim
767 997 941 1077 nequeunt
966 989 1156 1070 obseruari,
1181 988 1323 1073 benipne
1352 987 1407 1052 tri·

231 1117 302 1184 buit
314 1117 494 1200 facultates
515 1117 727 1184 necessarias
750 1124 780 1183 et
802 1120 1017 1199 opportunas
1030 1115 1072 1180 P.
1092 1113 1253 1180 Oenerali
1269 1113 1407 1196 eiusque

230 1242 420 1327 definitmo
441 1247 490 1325 ut,
506 1243 640 1329 capnita
660 1262 726 1325 per
743 1243 884 1310 idoneos
908 1247 1003 1307 testes
1026 1261 1068 1305 ac
1090 1239 1157 1324 fide
1178 1237 1301 1323 dipnos
1319 1256 1406 1321 pra-

228 1365 330 1431 vitate
359 1370 392 1431 et
415 1365 641 1452 incorripibili
665 1365 863 1448 peruicacia
888 1364 1060 1447 praedicti
1090 1361 1274 1448 aeliensi,-
1304 1367 1406 1445 atque

229 1490 349 1556 audita
360 1509 427 1573 per
438 1490 648 1577 Relipiasum
663 1491 787 1570 airum
799 1491 902 1556 etiarn
913 1507 959 1556 ea
970 1488 1078 1573 officio
1092 1487 1337 1570 deputandum,
1355 1486 1406 1552 rei

229 1611 442 1695 defossione,
467 1633 546 1680 eum
575 1615 622 1682 ad
650 1614 804 1697 formam
828 1614 889 1679 SS.
920 1613 1116 1684 Cananum,
1140 1609 1407 1679 solemnitatibus

229 1723 372 1820 omissis,
395 1718 624 1806 sanctionibus
646 1745 759 1804 autem
791 1738 1012 1804 Deaetomim
1034 1757 1062 1802 s.
1086 1757 1131 1802 m.
1162 1735 1290 1802 Urbani
1324 1734 1410 1799 tht

228 1861 266 1927 in
280 1881 341 1929 suo
364 1863 486 1930 robore
508 1863 724 1930 manentibus
739 1860 893 1948 (cacepta
910 1857 1061 1947 carcere)
1076 1859 1120 1926 ab
1138 1859 1265 1926 Ordine
1286 1860 1406 1926 eiicere
1513 1907 1520 1918 .

222 1986 382 2068 caleant3
406 1989 508 2053 talem
531 1989 653 2053 deinde
676 1987 889 2070 enpulsianis
911 1985 1113 2052 sententiam
1132 1983 1316 2051 Ordinario
1333 2003 1404 2049 onr-

108 2094 111 2102 ’
229 2127 319 2174 einis
349 2111 457 2194 ipsius
479 2117 511 2176 et
540 2111 649 2177 eidem
680 2111 904 2177 condemnato
933 2110 1023 2176 illico
1055 2107 1272 2194 notificent».
1303 2107 1407 2172 Hodie

227 2235 493 2320 incorrigibilitate
523 2236 680 2321 probatur
711 2256 771 2321 per
802 2236 930 2301 trinam
957 2233 1177 2302 monitionem
1204 2232 1406 2300 canonicam

228 2364 260 2424 et
283 2379 342 2444 per
364 2359 429 2424 alia
452 2360 595 2425 remedia
618 2363 682 2427 huc
706 2361 861 2425 facientia
884 2359 1047 2443 applicata
1070 2357 1110 2422 ad
1135 2375 1280 2422 normam
1295 2357 1406 2422 *Instr

227 2484 258 2551 S.
277 2485 395 2571 Oongr.
413 2487 480 2551 ΕΕ.
498 2492 531 2552 et
547 2487 617 2553 RR.
635 2486 698 2552 diei
712 2486 750 2551 11
769 2485 845 2552 lun.
864 2483 954 2550 1880
978 2485 1023 2548 uti
1047 2481 1135 2547 iubet
1157 2483 1211 2547 cit.
1232 2482 1405 2546 Decretum

227 2613 355 2679 Auctis.

317 2737 349 2801 Si
372 2736 605 2801 absolutionem
627 2743 661 2801 et
683 2735 979 2800 rehabilitationem
1002 2738 1134 2817 expetat
1162 2733 1297 2807 eiectum
1328 2738 1406 2799 iuno

231 2858 262 2943 1)
286 2860 339 2941 vel
362 2860 479 2924 iterum
502 2852 656 2943 efflagitat
671 2857 827 2924 Ordinem
844 2856 969 2941 ingredi
993 2862 1026 2921 ei
1047 2862 1126 2920 tunc
1141 2855 1172 2921 S.
1191 2856 1407 2940 congregatio

228 2978 287 3066 (uti
310 2982 415 3047 refert
429 2982 469 3046 cl.
489 2984 669 3067 Nervegna‚
686 2982 747 3046 loc.
764 2983 828 3055 cit,
846 3002 875 3065 p.
894 2980 972 3063 201)
995 2981 1023 3045 si
1042 2999 1115 3065 spes
1131 2976 1285 3063 effulgeat
1300 2998 1406 3043 emen·

228 3106 377 3188 dationis,
405 3128 448 3172 ex
478 3108 595 3174 litteris
626 3107 793 3173 Ordinarii
815 3112 848 3171 et
872 3126 914 3171 ex
937 3106 1009 3170 aliis
1039 3106 1248 3183 documentis,
1272 3106 1406 3171 attentis

222 3230 519 3313 informationem
540 3237 616 3299 voto
637 3234 672 3296 P.
690 3230 919 3296 Procuratoris
944 3230 1114 3297 Generalis
1131 3230 1272 3303 Ordinis,
1299 3230 1404 3313 Supe-

219 3356 315 3423 riori
338 3358 486 3422 instituti
513 3356 673 3422 tribuitur
701 3354 851 3438 facultas
880 3375 958 3421 eum
988 3354 1176 3438 recipiendi
1199 3355 1247 3420 ad
1274 3359 1406 3436 tempus

228 3500 351 3547 rmnno
368 3482 713 3565 axanalmnnr1,qnin
726 3481 927 3547 restituatur
943 3480 980 3544 in
995 3498 1110 3545 vocem
1122 3479 1270 3545 activam
1285 3484 1316 3544 et
1328 3497 1404 3560 pas·

227 3606 355 3687 siaam;
374 3612 405 3671 et
424 3607 521 3671 satoa
540 3606 784 3689 praecedentia
807 3624 937 3685 eorum,
957 3604 1017 3688 qui
1038 3604 1076 3669 in
1098 3601 1224 3669 Ordine
1248 3602 1412 3699 continue

221 3736 499 3811 perseverarunt,
520 3728 738 3812 disciplinam
760 3729 957 3814 reputarem
979 3745 1115 3809 semper
1141 3726 1402 3793 observantes».

228 3852 262 3937 2)
285 3855 349 3920 Vel
372 3854 495 3922 eiectus
524 3855 688 3921 desiderat
717 3873 849 3920 manere
873 3856 905 3916 in
929 3853 1058 3917 saeculo
1083 3858 1115 3917 el
1143 3858 1222 3917 lune
1254 3858 1405 3917 recurrat

227 3976 267 4041 ad
291 3977 322 4043 S.
340 3978 648 4064 Congregationem:
673 3978 841 4043 «invento
859 3976 1026 4059 episcopo
1050 3974 1405 4057 benevoloreceptore

228 4100 271 4167 ab
294 4121 333 4166 eo
356 4103 651 4167 commendatus»
679 4107 711 4166 et
739 4108 817 4166 tunc
844 4100 874 4165 S.
900 4098 1019 4185 Congr.
1051 4101 1109 4185 (iia
1134 4102 1317 4183 Nervegna‚
1341 4100 1402 4166 loc.

228 4225 292 4305 cit,
313 4244 349 4307 p.
365 4224 468 4309 200):
488 4245 505 4287 ‹
526 4225 668 4311 benipne
685 4224 802 4291 tribuit
814 4222 994 4306 facultates
1009 4224 1220 4290 necessarias
1235 4230 1266 4289 et
1282 4243 1405 4307 oppor-

223 4352 328 4413 tunas
346 4346 509 4430 praefato
542 4345 736 4427 Ordinatio,
760 4352 797 4411 ut
820 4366 987 4413 normano
1012 4347 1155 4413 Omrnn
1177 4365 1291 4415 venen
1314 4366 1404 4414 ansr-

227 4491 426 4538 msannrmn
456 4492 556 4539 siens
588 4490 736 4537 annnam
765 4507 784 4521 -
811 4472 1015 4554 praemissis
1044 4472 1216 4539 eaercitiis
1245 4472 1403 4556 spiritua·
