3350 5100
646 328 852 376 nnnnenrun
876 328 927 374 111.
1309 312 1373 377 587

195 450 304 505 >scribet
322 451 543 520 responsionesa
561 450 653 505 ludica
665 450 817 504 dictandas.
837 449 866 502 Si
885 450 958 520 quod
971 450 1227 519 interrogatorium,
1247 457 1279 506 ut
1295 468 1376 521 supe-

201 557 258 609 rius
276 556 410 609 monitum
430 560 481 621 est,
500 555 618 609 addatur
637 572 671 609 ex
690 556 781 609 officio
801 574 818 608 a
830 556 924 609 ludice
937 554 981 617 vel
1000 572 1018 608 a
1029 554 1180 610 Defensore
1192 555 1374 624 Matrimonii,

199 662 389 717 cancellarius
408 663 592 731 interrumpet
610 636 734 716 ordinem
756 663 971 731 progressivum,
990 667 1019 717 et
1037 662 1182 716 adnotabit
1200 665 1375 733 interrogata

199 782 236 821 ex
254 765 358 837 officio,-
377 770 406 820 et
429 765 534 835 scripta
558 766 779 834 interrogatione
804 769 834 819 et
857 766 1053 835 responsione,
1070 772 1226 821 reassumet
1250 766 1374 822 ordinem

200 873 404 941 progressivum
423 873 675 940 interrogationum
695 871 884 929 exhibitarum
903 890 921 926 a
939 874 1084 928 defensore
1103 874 1287 929 Matrimonii,

242 1044 244 1047 Ι
271 976 299 1031 Si
318 994 434 1032 examen
454 994 509 1031 una
527 978 650 1031 sessione
669 976 776 1031 absolvi
796 994 850 1032 non
877 979 996 1047 poterit,
1015 979 1098 1033 ludex
1122 978 1192 1033 iliud
1217 980 1375 1048 suspendet,

198 1102 231 1139 ac
249 1086 401 1141 destinabit
421 1087 507 1141 etiam
530 1086 604 1140 diam
629 1092 657 1140 et
683 1086 780 1139 boram
806 1102 855 1155 pro
880 1087 1101 1155 reassumptione
1125 1091 1155 1141 et
1179 1086 1375 1156 prosecutione

198 1192 295 1246 iisdem
315 1192 396 1246 modo
413 1209 446 1247 aa
466 1195 554 1247 forma
572 1192 709 1257 facienda,
730 1197 863 1262 utsupra
884 1194 988 1246 dictum
1014 1198 1064 1247 est.
1084 1193 1222 1247 Absolute
1246 1193 1375 1247 examine

197 1300 388 1355 Cancellerius
406 1300 483 1370 leget
509 1301 601 1366 clara,
621 1306 650 1355 et
675 1300 851 1369 intelligibili
874 1316 943 1356 voce
968 1300 1163 1371 responsiones
1180 1301 1281 1363 datas,
1300 1301 1376 1353 tacta

197 1410 357 1463 examinato
375 1407 511 1463 facultate
530 1407 664 1473 variandi,
684 1419 714 1461 et
732 1408 890 1462 declarandi
909 1407 989 1465 datas
1016 1408 1222 1477 responsiones,
1242 1410 1325 1476 prout
1348 1406 1375 1460 ei

197 1516 319 1573 libuerit.
334 1516 455 1571 Tandem
475 1514 556 1570 iudex
569 1515 677 1571 delerat
696 1516 884 1569 iuramentum
897 1515 988 1569 eidem
1001 1516 1123 1583 coniugi,
1135 1529 1165 1567 se
1178 1530 1245 1570 vera
1262 1514 1374 1579 dixisse,

146 1650 152 1662 ·
197 1630 281 1696 atque
300 1639 442 1694 nunquam
461 1628 526 1677 ante
545 1621 764 1691 publicationem
785 1637 929 1690 processus
947 1638 978 1677 ss
996 1622 1192 1690 evulgaturum
1211 1622 1270 1676 sive
1287 1622 1372 1675 inter·

199 1733 357 1801 rogationes
376 1730 540 1799 propositas,
559 1729 618 1783 sive
632 1728 833 1803 ¹responsiones
851 1728 938 1781 datas.
959 1728 1062 1805 Deinde
1083 1729 1144 1797 ipse
1161 1730 1327 1793 subscribet,
1345 1736 1375 1783 et

197 1839 221 1891 si
238 1838 324 1891 frierit
343 1837 493 1893 illiteratus
512 1854 561 1905 per
580 1837 691 1905 signum
711 1836 845 1903 Cru†cis;
857 1835 921 1889 dein
934 1835 1018 1889 ludex
1032 1840 1062 1889 et
1074 1834 1207 1890 Defensor
1219 1833 1373 1889 validitatis

199 1944 367 1997 matrimonii
385 1948 506 2013 apponet
524 1960 602 1996 suem
623 1943 864 2011 subscriptionem,
884 1947 914 1996 et
926 1940 1119 1997 Cancellerius
1130 1942 1164 1995 de
1176 1945 1242 1994 actu
1255 1942 1373 2009 rogabit.

269 2050 377 2105 Poterit
395 2068 459 2119 pars
478 2052 600 2105 'examini
620 2050 746 2105 subiecta
765 2050 809 2105 vel
829 2049 907 2103 illico
926 2053 988 2118 post
1000 2066 1118 2103 examen
1131 2048 1176 2102 vel
1196 2048 1281 2102 etiam
1296 2048 1374 2101 dein·

197 2162 429 2227 cepseantequam
449 2157 608 2225 publicetur
634 2173 787 2226 processus,
805 2157 828 2210 si
854 2156 933 2222 velit,
950 2156 1086 2209 articulos
1111 2170 1273 2224 proponere,
1291 2172 1375 2223 snper

197 2264 296 2335 quibus
316 2266 410 2330 etiem,
429 2266 516 2319 citato
535 2264 686 2319 Defensore
700 2265 885 2328 Matrimonii,
900 2265 954 2319 erit
966 2264 1166 2318 examinandus
1177 2262 1251 2317 alter
1262 2264 1374 2328 coniux,

197 2373 226 2423 et
253 2372 391 2438 quatenus
414 2371 500 2423 etiarn
527 2371 561 2423 ab
586 2369 638 2422 hoc
664 2369 776 2423 articuli
807 2375 1008 2437 proponentur,
1033 2368 1088 2421 orit
1115 2368 1218 2421 iterum
1245 2367 1373 2421 citandus

196 2474 305 2531 coniux,
325 2474 372 2544 qui
392 2474 496 2542 primus
513 2475 606 2528 fuerat
625 2474 825 2543 interrogatus,
839 2481 871 2527 et
882 2472 1012 2526 adstante
1027 2472 1177 2527 Defensore
1190 2472 1372 2539 Matrimonii,

196 2597 279 2650 super
298 2581 425 2635 articulis
443 2582 478 2634 ab
497 2582 588 2637 altero
608 2582 757 2650 propositis
776 2581 913 2634 audiatur.

269 2687 342 2742 Haec
362 2702 459 2740 norma
477 2704 550 2758 quae
569 2689 634 2741 data
646 2689 700 2740 init
720 2703 768 2756 pro
787 2687 920 2740 instantis
938 2687 1066 2740 examine
1084 2687 1220 2740 servande
1232 2688 1298 2752 erit,
1309 2703 1375 2740 con·

196 2813 267 2864 grua
286 2796 416 2863 congruis
435 2796 590 2860 referendo,
608 2796 636 2848 in
656 2795 755 2864 quovis
774 2793 832 2847 alio
851 2794 987 2848 examine.

268 2899 386 2968 Expleto
400 2901 528 2956 examine
547 2900 624 2954 illius
643 2901 770 2970 coniugis
789 2900 836 2971 qui
857 2907 935 2954 actor
953 2899 1007 2953 fuit
1025 2899 1054 2952 iu
1077 2900 1264 2968 promovenda
1289 2899 1373 2954 nulli-

197 3004 264 3057 tstis
282 3004 407 3074 querela,
424 3005 551 3074 sequitur
569 3021 685 3060 examen
705 3005 823 3060 alterius
842 3004 977 3073 coniugis,
997 3003 1069 3074 quod
1091 3004 1148 3058 erit
1169 3005 1371 3058 conficiendum

195 3110 292 3165 iisdem
312 3127 424 3180 prorsus
440 3111 572 3166 methodo
590 3127 622 3165 ee
641 3112 712 3181 lege,
726 3131 798 3184 quae
818 3113 1007 3182 praescriptae
1025 3114 1140 3168 luerunt
1157 3113 1185 3165 in
1205 3113 1373 3181 praeceden-

196 3217 269 3272 tibus
289 3217 480 3288 paragraphis,
500 3235 532 3272 ac
551 3219 602 3272 sub
621 3218 719 3274 iisdem
734 3220 959 3287 interrogatoriis
974 3219 1064 3274 actori
1079 3219 1235 3288 propositis,
1251 3219 1295 3273 vel
1308 3219 1372 3272 eliis

195 3324 305 3390 additis,
324 3326 367 3381 vel
388 3325 468 3380 novis
492 3325 627 3382 conlectis
652 3331 735 3394 prout
755 3327 888 3381 Defensor
914 3326 1086 3380 Matrimonii
1107 3327 1136 3380 in
1161 3325 1278 3380 Domino
1304 3343 1370 3382 cen-

195 3432 291 3487 suerit.

266 3539 369 3593 Deinde
389 3539 591 3608 procedendum
610 3540 663 3593 erit
682 3539 717 3591 ad
737 3555 854 3597 examen
867 3541 1001 3610 septimos
1020 3555 1130 3602 maur,
1144 3538 1197 3592 boc
1209 3543 1253 3592 est
1264 3542 1370 3606 septem

197 3645 411 3716 propinquorum
431 3661 464 3699 en
485 3651 602 3716 utroque
623 3644 712 3700 latere
734 3646 768 3699 ad
793 3647 910 3699 formam
925 3645 1005 3700 Text.
1024 3646 1065 3714 (s'n
1086 3645 1151 3715 Cap.
1171 3645 1296 3699 Litterae
1322 3645 1371 3698 Ve-

193 3761 282 3807 strae:
300 3753 337 3807 de
354 3755 423 3823 frig.
444 3763 471 3808 et
496 3753 616 3824 males.).
639 3753 678 3807 Ut
700 3753 728 3806 id
746 3753 859 3807 facilius
878 3753 979 3823 exequi
1004 3752 1089 3807 ludex
1114 3751 1218 3816 valeat,
1238 3752 1370 3806 Defensor

194 3855 367 3913 Matrimonii
388 3859 488 3912 citabit
505 3864 613 3928 partem
633 3859 776 3924 actricem,
795 3864 827 3912 ut
845 3859 950 3913 indicet
968 3863 1076 3928 septem
1094 3858 1147 3912 sibi
1166 3858 1312 3925 sanguiue,
1325 3858 1378 3912 rel·

194 3962 330 4018 affinitate
348 3965 520 4029 coniunctos,
539 3966 564 4018 si
583 3966 644 4020 fleri
658 3967 754 4034 possit,
764 3966 806 4018 sin
826 3966 917 4019 minus
929 3970 1037 4034 septem
1049 3964 1156 4018 ricinos
1168 3966 1258 4020 bonae
1270 3965 1368 4020 famae.

193 4067 314 4138 Singuli,
333 4071 428 4124 audite
447 4072 523 4139 prius
543 4071 651 4126 lectura
670 4073 815 4139 examinis,
828 4090 877 4127 seu
897 4073 1079 4126 confessionis
1091 4073 1219 4142 coniugis
1232 4089 1280 4127 eos
1292 4073 1369 4127 indu·

193 4175 292 4242 centis,
310 4181 392 4230 erunt
410 4177 609 4247 interrogandi,
622 4181 716 4232 utrum
730 4183 903 4248 perspectam
916 4177 1041 4233 habeant
1060 4179 1225 4248 religionem
1238 4185 1268 4234 et
1285 4179 1370 4234 lione·

192 4287 295 4337 statem
314 4281 391 4336 illius
409 4283 544 4352 coniugis,
564 4287 595 4337 ut
614 4289 760 4353 propterea
779 4285 832 4339 eibi
851 4285 1011 4340 verosimile
1036 4287 1089 4349 sit,
1113 4303 1145 4339 ac
1168 4287 1284 4340 credent
1305 4304 1369 4343 eum

184 4405 259 4466 'vera
277 4389 387 4444 dixisse.
407 4387 543 4444 Similiter
560 4379 684 4446 instante
709 4390 858 4447 Defensore
876 4393 1051 4447 Matrimonii
1071 4393 1199 4448 citandus
1223 4395 1278 4448 erit
1295 4395 1370 4449 alter
