3350 5100
336 293 400 359 124
861 311 945 358 enas
969 312 990 357 1.
1073 299 1074 302 ’

333 434 412 498 dant
434 453 576 520 operam,
600 435 654 499 vel
677 435 723 500 eis
746 454 781 498 se
803 433 995 512 immiscent,
1017 434 1188 519 ingerunt:
1213 451 1292 518 ergo
1319 434 1515 519 Superiores

334 560 429 623 etiam
452 559 553 624 lucris
577 578 641 623 non
664 559 830 630 restitutis,
848 559 967 622 ceteris
986 557 1127 642 paribus,
1143 556 1266 622 absolvi
1289 562 1432 643 possunt,
1450 577 1514 623 nec

333 702 425 749 mora
447 683 700 768 delinquentium
724 685 772 749 eis
793 688 900 748 nocet.
925 683 1097 748 Restitutio
1120 689 1227 750 autem
1243 685 1396 750 toccum
1415 682 1515 748 Ordi-

332 810 453 883 aarita
466 828 525 874 seu
537 829 656 876 cotum
673 809 816 875 Vicarits
827 809 865 874 in
875 808 1112 892 spiritualibus
1120 808 1347 896 pectoralibus,
1357 815 1420 875 aut
1431 805 1512 894 Offi-

334 933 484 1008 cialibus,
499 935 552 1000 oet
567 933 771 1017 Apostollcie
792 933 943 1014 Vicattis,
956 952 1017 998 eeu
1027 953 1107 1016 pro-
1117 931 1259 1000 noane
1273 939 1322 999 cst
1335 933 1511 1016 facienda,

333 1059 387 1143 qui
410 1041 560 1123 restituta
582 1060 615 1122 in
639 1059 707 1143 pies
729 1077 843 1123 musas
867 1056 943 1142 (non
966 1063 1073 1122 tamen
1090 1058 1306 1142 Religionum,
1324 1058 1514 1143 congrega-

331 1186 464 1258 tionum,
478 1185 672 1250 Societatum
685 1202 820 1267 quarum
837 1181 990 1247 individui
1007 1181 1213 1265 deliquerint)
1229 1182 1359 1266 erogari
1376 1201 1511 1248 necesse

332 1308 454 1376 habent
469 1329 499 1375 a.

422 1434 475 1500 89.
500 1432 584 1507 Quia
605 1432 788 1497 reservatio
811 1432 844 1496 in
868 1431 1014 1495 censuris
1038 1431 1058 1495 l.
1083 1450 1108 1495 e.
1133 1436 1283 1498 naturam
1306 1429 1412 1496 induit
1434 1449 1511 1514 poe·

332 1577 405 1640 nae,
421 1557 628 1623 adtuendam
652 1556 747 1623 huius
766 1554 944 1620 efficaciam
961 1557 995 1620 iu
1011 1555 1118 1620 Gonst.
1135 1555 1253 1638 Apost.
1268 1551 1366 1620 Sedis
1382 1571 1511 1618 excom·

331 1684 507 1749 manicatio
530 1683 662 1748 decreta
691 1681 752 1746 fuit
774 1682 807 1744 in
829 1679 1001 1745 absolvere
1029 1683 1284 1764 praesumentes,
1310 1679 1380 1744 sine
1402 1678 1513 1744 debita

331 1809 530 1874 facultates
555 1808 703 1874 censuris
723 1825 773 1888 sp.
797 1805 888 1872 mod.
914 1806 1022 1889 Papae
1044 1805 1236 1879 reservetis;
1260 1823 1302 1868 en
1325 1802 1512 1869 decretum:

331 1932 515 1999 absolvere
545 1940 660 1998 auum
685 1935 945 2013 praesumentes
967 1930 1041 1995 uae
1063 1927 1174 1995 debito
1202 1928 1383 2011 facultate,
1409 1927 1514 1994 ctiam

332 2054 451 2138 quouis
469 2059 668 2137 praetentu,
693 2051 1054 2138 excommunicationis
1075 2051 1210 2118 vincalo
1235 2050 1392 2118 ansque
1416 2050 1520 2117 Pom·

331 2179 412 2265 ttfici
426 2184 618 2245 nesciuntne
641 2178 822 2244 innodatos
836 2196 873 2243 se
887 2177 1006 2252 sciam,
1023 2177 1209 2244 dummodo
1231 2195 1303 2243 aaa
1326 2182 1454 2263 apatur
1469 2177 1513 2242 dc

330 2302 451 2368 mortis
464 2302 620 2382 articulo,
636 2301 673 2365 tn
688 2319 756 2386 quo
773 2305 887 2364 tamen
909 2299 1013 2384 firma
1026 2299 1078 2374 eit,
1095 2298 1211 2383 quoad
1225 2297 1407 2380 absolutos,
1425 2298 1510 2366 obli-

330 2426 422 2512 patio
437 2425 552 2491 standi
570 2424 744 2490 mandatis
760 2423 939 2497 Ecclesiae,
955 2423 986 2488 st
1001 2422 1237 2488 convaluerint
1253 2442 1283 2486 a.
1307 2422 1391 2498 Quid
1415 2425 1511 2508 signi-

330 2547 406 2614 ficet
419 2555 511 2615 stare
525 2548 700 2615 mandatis
713 2548 892 2619 Ecclesiae,
910 2546 1141 2632 explicavimus
1156 2537 1232 2610 Vol.
1249 2543 1310 2620 Ill,
1325 2567 1357 2612 n.
1373 2545 1438 2613 126
1453 2543 1511 2634 (l).

420 2723 459 2794 (l)
478 2723 509 2778 ln
528 2724 699 2792 propositum
724 2724 828 2777 referre
853 2725 978 2791 praestat
1002 2737 1121 2793 sequens
1144 2722 1312 2789 rescriptum
1337 2720 1364 2773 S.
1384 2720 1435 2774 Off.
1454 2721 1513 2775 clici

329 2829 366 2882 19
384 2830 515 2884 Deccmb.
529 2828 607 2882 1900
620 2830 662 2882 ite
673 2832 854 2898 conceptum:
868 2844 884 2881 ι
898 2826 928 2880 ln
941 2828 1051 2881 casibus
1061 2827 1270 2896 urgentioribus
1283 2828 1405 2895 (Decret.
1420 2826 1447 2881 S.
1458 2826 1509 2880 Off.

328 2937 371 2988 20
389 2936 452 2989 lau.
471 2936 561 2999 1386,
580 2937 614 2988 cf.
636 2933 697 2990 Vol.
717 2934 764 3006 lll)
782 2935 842 2988 deri
856 2938 950 3004 potest
967 2932 1107 2987 absolutio
1126 2950 1143 2987 a
1161 2934 1313 2988 reservatis
1330 2932 1357 2987 S.
1371 2933 1442 3002 Sedi,
1457 2936 1508 2988 sub

329 3057 419 3111 poena
431 3046 526 3095 umen
539 3040 748 3108 reincidentiae,
760 3042 813 3095 nisi
826 3040 971 3096 absolutus
989 3040 1061 3095 infra
1074 3055 1198 3095 mensem
1210 3040 1245 3094 ad
1260 3039 1286 3093 S.
1300 3039 1399 3097 Sedem
1413 3056 1510 3095 recur-

330 3156 383 3215 rat,
402 3151 462 3205 eius
479 3150 612 3203 mandate
629 3154 816 3219 suscepturus.
836 3180 852 3190 -
873 3148 929 3205 Ubi
948 3153 1042 3203 temen
1068 3148 1196 3219 Episcopi
1215 3147 1382 3203 facultatem
1404 3146 1511 3203 habent

329 3255 488 3325 delegatam
506 3253 668 3310 absolvendi
687 3272 705 3309 a
723 3254 874 3324 praedictis
892 3254 1049 3319 reservatis,
1062 3253 1155 3325 qualis
1167 3253 1241 3308 solet
1253 3253 1321 3323 ipsis
1333 3252 1448 3307 concedi
1462 3269 1512 3323 per

329 3360 536 3432 quinquennale
553 3361 652 3415 folium
672 3360 699 3415 S.
714 3361 814 3431 (longe.
833 3361 868 3416 de
887 3361 968 3430 Prop.
989 3360 1056 3415 Fide
1067 3360 1109 3431 (E.
1127 3360 1174 3432 X.)
1193 3361 1245 3414 sub
1263 3376 1290 3415 n.
1306 3359 1347 3427 10,
1363 3359 1510 3414 dubitatur

328 3469 362 3524 ds
375 3468 541 3523 necessitate
554 3484 682 3523 recursus
694 3468 849 3523 immediati
862 3468 896 3522 ad
910 3467 935 3521 S.
950 3466 1056 3523 Sedem.
1069 3496 1083 3509 ·
1094 3467 1244 3529 Quaeritur
1256 3468 1355 3537 igitur:
1367 3468 1387 3520 l.
1406 3468 1507 3523 Utrum

328 3574 446 3647 sufficiat
463 3576 493 3628 in
511 3591 578 3629 casu
595 3576 788 3632 absolutionis.
799 3585 832 3629 ut
850 3590 939 3645 supra
957 3590 1113 3639 concessae,
1126 3590 1262 3629 recursus
1279 3576 1318 3627 att
1336 3573 1509 3644 Episcopum

328 3684 464 3753 facultate
481 3684 646 3737 absoluendi
664 3686 843 3750 instructum
861 3685 890 3736 et
908 3685 1047 3753 quatenus
1070 3680 1249 3735 affirmative:
1270 3678 1299 3733 ll.
1325 3682 1424 3735 Utrum
1447 3685 1510 3753 suf·

327 3790 404 3857 ficiat
422 3791 505 3844 utam
528 3792 558 3841 tn
582 3804 650 3841 casu
674 3791 773 3843 eodem
795 3803 931 3841 recursus
949 3788 987 3841 ad
1008 3785 1147 3841 Vicurt'um
1170 3785 1340 3841 Generalcm
1367 3785 1510 3855 Episcopi,

327 3908 470 3969 tamquam
487 3900 526 3952 ad
541 3898 724 3953 Ordines-ium
741 3898 911 3966 facultatum
923 3895 1125 3966 episcopalium
1142 3894 1307 3949 absoluendi
1318 3894 1354 3947 de
1366 3894 1430 3947 iure
1442 3910 1509 3964 par·

326 4005 453 4075 tictpem3
470 4002 514 4056 Ill.
539 4004 638 4058 utnon
655 4004 813 4072 peucrattm
831 4002 956 4073 sufficiat
974 4016 1108 4055 recursus
1120 4000 1157 4053 ad
1169 4000 1319 4069 quenlibet
1330 4002 1507 4054 sacerdotem

326 4110 509 4165 habitualt‘ter
526 4111 742 4178 subdeleyatum
759 4110 794 4162 ab
814 4108 968 4162 Minas-to
987 4108 1025 4161 ad
1042 4106 1242 4161 &solvendum
1254 4106 1289 4160 al
1299 4106 1344 4161 aa
1352 4107 1507 4177 papalibus

326 4220 488 4282 reservatis,
505 4235 524 4270 a
541 4219 640 4287 quidus
659 4219 807 4287 poenitens
831 4218 924 4286 fuerit
948 4213 1174 4280 accidentaliter,
1191 4224 1223 4267 ut
1241 4230 1330 4285 supra
1351 4218 1381 4268 ci
1401 4216 1509 4271 decretl

328 4324 355 4378 S.
379 4324 473 4395 Officii
484 4324 566 4378 1886
583 4294 738 4389 aduolutus,
751 4327 780 4378 et
792 4324 959 4393 rescriptum
978 4323 1040 4377 fuit
1060 4324 1105 4377 Ad
1119 4321 1136 4375 1
1147 4332 1173 4377 et
1185 4321 1221 4375 ΙΙ
1229 4322 1421 4395 Affirmatice,
1432 4326 1508 4395 fincta

329 4434 414 4487 uerbo
433 4449 498 4486 cum
517 4429 618 4498 sema
636 4431 669 4484 ad
689 4431 726 4483 lll
744 4430 883 4501 Nepative
896 4446 922 4487 u.
955 4504 962 4513 Ι
