3350 5100
373 288 439 355 354
884 306 967 352 snus
992 306 1042 352 111.

374 433 427 498 cil.
457 432 550 497 Tm'd.
576 430 737 498 Sess.13,
762 451 837 513 cap.
863 430 889 511 1,
916 432 963 497 De
985 431 1050 513 ref.
1075 430 1199 495 directa
1218 429 1395 514 Episcopis.
1422 426 1542 501 «Quos

374 554 547 641 (subditos)
574 563 682 623 tamen
712 557 739 621 si
771 555 846 639 quid
876 575 936 640 per
965 556 1139 620 humanam
1171 553 1382 639 fragilitatem
1412 569 1542 635 ροοοιιιι).

362 681 557 764 contigerit.
580 680 636 743 illa
653 679 798 764 Apostoli
822 688 871 744 est
894 679 934 745 ab
958 684 1005 743 eis
1028 678 1189 745 servanda
1211 677 1397 761 praeceptio
1421 682 1455 739 ut
1478 674 1543 737 illos

372 812 521 889 arguant.
538 803 720 884 obsecrent,
737 807 916 888 increpent,
934 806 966 869 in
984 806 1069 868 omni
1085 802 1227 869 bonitate
1243 811 1275 866 et
1292 801 1454 887 patientia.
1471 818 1543 863 cuin

373 946 475 1011 saepe
493 929 575 1011 plus
597 947 681 1014 erpa
703 929 926 1015 corrupendos
948 936 1028 1015 apat
1053 912 1282 993 benevolentia
1307 944 1414 1009 quam
1436 929 1544 988 auste-

372 1053 467 1125 ritas,
480 1053 562 1135 plus
585 1053 776 1121 embortatio
799 1072 905 1137 quam
929 1052 1155 1132 comminatio,
1168 1053 1249 1134 plus
1271 1050 1421 1116 ebaritas
1444 1067 1543 1132 quam

369 1182 519 1258 potestas
536 1200 565 1240 ιι,
584 1180 626 1243 At
641 1198 683 1241 ex
702 1177 796 1242 modo
811 1198 874 1261 quo
890 1176 930 1241 ab
947 1178 1105 1263 Episcopo
1121 1172 1156 1241 fit
1173 1177 1314 1247 monitio,
1330 1175 1413 1241 haec
1436 1173 1543 1239 distin·

313 1389 317 1395 .
372 1303 482 1385 guitur
504 1303 537 1367 in
561 1301 640 1367 duas
662 1304 797 1387 species,
810 1300 870 1384 (uti
893 1303 938 1366 ait
961 1309 1022 1366 art.
1043 1300 1112 1384 Vi).
1139 1300 1321 1365 referentes
1340 1304 1545 1383 praeceptum

372 1428 607 1513 evangelicum,
625 1429 776 1492 nimirum
795 1427 911 1510 ptimo
934 1428 1118 1492 monitionis
1141 1425 1247 1490 factae
1263 1426 1397 1489 remotis
1415 1420 1547 1488 testibus

373 1558 406 1615 et
427 1552 575 1619 secundo
599 1553 782 1617 monitionis
805 1551 1019 1617 denunciatae
1042 1550 1193 1615 adhibitis
1216 1548 1360 1617 testibus.

460 1677 697 1743 ammonitio
727 1676 894 1743 canonica
925 1682 974 1740 est
999 1682 1150 1757 paterna
1180 1681 1212 1739 et
1241 1680 1388 1745 semela,
1421 1676 1546 1758 quando

373 1802 561 1888 Episcopus,
578 1838 596 1849 -
612 1808 726 1869 monet
741 1802 891 1887 aliquem
915 1806 951 1865 ut
962 1800 1089 1882 'fumat
1109 1835 1126 1848 -
1143 1806 1257 1866 monet
1278 1806 1316 1864 ut
1338 1798 1545 1876 abstineut...,

373 1926 434 1990 tati
455 1925 574 2007 modo,
598 1926 691 1991 intra
714 1931 844 1991 certum
868 1934 1001 2006 tempus
1026 1958 1042 1971 ·
1069 1943 1206 2007 eumque
1235 1923 1387 1988 sollicitat
1409 1930 1445 1987 ut
1468 1923 1547 1987 bene

371 2057 456 2135 agat,
469 2049 580 2115 habita
596 2051 722 2116 ratione
736 2070 813 2116 suae
829 2052 1055 2124 conscientiae,
1069 2033 1154 2114 suae
1163 2050 1260 2133 ipsius
1276 2050 1433 2119 utilitatis,
1447 2048 1547 2114 bonae

372 2173 626 2245 existimationis,
644 2191 725 2256 quae
739 2174 819 2237 alias
834 2174 1026 2257 gravissime
1042 2171 1285 2257 periclitantur;
1306 2170 1461 2235 videlicet
1475 2171 1547 2254 Epi-

373 2316 489 2382 scopus
505 2298 653 2378 sollicite,
669 2316 733 2380 qua
751 2302 873 2382 pastor,
890 2316 953 2379 qua
969 2304 1061 2381 pater
1076 2296 1251 2380 alloquitur
1266 2294 1367 2360 fllium
1384 2292 1546 2361 confidens

372 2442 431 2488 sua
453 2425 574 2488 monita
596 2442 660 2486 non
685 2442 819 2488 cessura
837 2423 941 2493 irrita,
966 2442 1030 2485 non
1054 2440 1096 2486 ex
1119 2422 1236 2486 timore
1258 2441 1393 2507 poenae.
1419 2440 1485 2485 non
1508 2440 1546 2485 ex

373 2547 468 2612 minis
490 2546 547 2612 sed
563 2567 606 2612 ex
621 2546 706 2611 bona
724 2548 773 2612 sui
796 2546 913 2612 subditi
938 2547 1112 2612 voluntate.
1131 2546 1222 2622 Quod
1239 2548 1265 2613 si
1281 2546 1462 2632 Episcopus
1485 2567 1545 2610 non

372 2678 546 2757 potestant
561 2691 625 2736 non
641 2672 711 2737 vult
726 2675 819 2737 istum
843 2671 883 2738 ad
907 2693 941 2737 se
963 2691 1083 2736 vocare
1100 2678 1132 2738 et
1154 2691 1190 2736 os
1213 2672 1253 2737 ad
1276 2692 1313 2736 os
1335 2672 1434 2755 loqui,
1456 2679 1545 2736 cavet

372 2795 425 2860 cit.
449 2801 514 2861 art.
540 2795 593 2869 VI,
618 2796 825 2860 monitionem
853 2793 924 2860 fleri
947 2816 1006 2880 per
1029 2795 1206 2880 epistolam
1232 2802 1288 2861 ant
1308 2814 1377 2878 per
1399 2796 1545 2879 indespo-

371 2917 472 2983 sitam
492 2936 688 3000 personam.
707 2953 725 2966 -
743 2919 781 2982 ln
796 2917 1037 2984 monitionibus
1059 2917 1292 2982 denunciandis
1314 2938 1376 3002 per
1398 2919 1546 3003 epistolas

372 3048 523 3107 servetur
545 3048 606 3107 art.
624 3044 706 3108 XIV
733 3045 808 3108 inst.
833 3050 977 3110 statuens
996 3043 1054 3110 has
1075 3044 1340 3110 transmittendas
1359 3065 1432 3112 esse
1451 3081 1468 3093 -
1487 3064 1546 3128 ope

372 3165 676 3231 commendationis
698 3166 793 3248 apud
813 3164 1069 3232 tabellariorum
1090 3165 1237 3250 officium
1260 3167 1329 3232 illis
1346 3166 1385 3231 iu
1407 3168 1489 3233 locis
1512 3168 1544 3230 iu

373 3291 494 3376 quidm
518 3292 580 3357 boc
601 3291 745 3357 incaluit
767 3297 930 3376 systema,
955 3291 1169 3374 capescenda
1192 3291 1294 3376 fidem
1321 3291 1544 3360 cohibitionis.

372 3415 574 3496 receptionis
596 3419 657 3480 aut
677 3414 862 3497 repudii».
888 3415 1046 3480 Nimirum
1073 3416 1275 3483 monitiones
1305 3436 1367 3481 non
1392 3437 1486 3483 secus
1509 3437 1544 3482 ac

372 3539 546 3607 citationes
576 3537 723 3622 expediri
745 3538 856 3604 valent
887 3559 947 3624 per
977 3539 1122 3624 publicos
1152 3513 1336 3608 litterarum
1363 3541 1544 3607 diribitores

372 3662 543 3728 dummodo
574 3663 637 3728 hae
665 3663 810 3728 cautelae
842 3664 1056 3730 adhibeantur
1079 3665 1194 3749 quibus
1224 3672 1315 3731 certa
1346 3664 1425 3731 fides
1448 3665 1482 3733 fit
1505 3667 1544 3734 de

372 3789 560 3873 receptione
574 3794 629 3854 aut
645 3788 685 3853 de
701 3787 834 3874 repudio
855 3790 1037 3856 litterarum
1059 3811 1101 3856 ex
1126 3797 1219 3875 parta
1239 3793 1323 3856 illius
1343 3795 1395 3858 cui
1418 3793 1543 3860 litterae

372 3909 466 3976 datae
487 3917 572 3976 sunt.

462 4033 587 4099 Verum
610 4035 685 4117 quia
709 4035 740 4099 in
765 4035 992 4100 monitionibus
1015 4035 1182 4102 admodum
1206 4042 1361 4122 operatur
1384 4041 1457 4104 viva
1479 4059 1540 4102 ron

373 4176 455 4241 quae
470 4157 607 4223 vividior
619 4160 772 4245 pertingit
786 4179 888 4243 usque
902 4159 944 4225 ad
960 4161 1066 4227 cordis
1082 4161 1248 4243 medullas,
1262 4165 1364 4248 magis
1380 4165 1500 4229 instans
1511 4170 1539 4227 ct

369 4284 507 4348 sollicita
522 4285 554 4351 in
570 4283 759 4350 refellendis
782 4286 1045 4351 excusationibus
1067 4285 1182 4372 quibus
1204 4287 1387 4354 admonitus
1410 4297 1540 4355 conatur

371 4429 461 4474 suam
485 4409 611 4495 culpam
637 4417 820 4509 protegere,
839 4413 1015 4497 Episcopus
1030 4435 1090 4498 per
1106 4413 1340 4497 interpositam
1360 4435 1537 4499 personam
