3350 5100
417 326 422 335 ‘
445 320 487 367 DE
512 320 651 367 tumens
675 316 917 367 cnlmlnnuleus
942 318 977 365 ln
1002 316 1119 405 sal-:clla
1308 300 1374 365 475

195 443 296 507 verit:
317 443 344 505 si
366 442 431 505 alia
453 448 526 508 acta
549 443 757 527 suggesserit,
775 442 858 506 haec
881 438 1082 508 conficienda
1104 443 1234 507 omnino
1258 450 1372 517 erunt;

194 567 220 630 si
244 547 372 632 eriam
396 566 554 632 confectis
576 566 829 652 deprehenderit
852 566 934 632 alias
958 565 1071 631 adesse
1104 586 1259 652 personas
1282 568 1373 631 testi·

195 692 301 755 monio
324 690 460 757 ferendo
483 690 614 757 idoneas
630 697 663 755 et
681 699 889 777 opportunas.
913 689 1055 757 nondum
1079 692 1288 771 examinatas,
1312 691 1373 756 has

196 817 336 879 examini
359 814 573 881 subiicienda's
597 823 802 902 proponet».

284 939 359 1005 443.
386 940 491 1005 Porro
514 940 554 1005 ad
578 940 645 1023 def.
666 943 810 1027 pertinet
831 939 973 1007 officium
996 941 1111 1025 fiscale
1126 960 1183 1005 seu
1200 942 1273 1004 iura
1288 941 1372 1005 tueri

196 1064 389 1129 matrimonii
418 1067 631 1139 sacramenti}
655 1072 689 1129 et
717 1065 836 1129 Bened.
860 1066 954 1137 XIV,
988 1063 1095 1131 Consi.
1121 1066 1185 1137 cit,
1209 1067 1229 1145 ξ
1253 1064 1285 1135 6,
1309 1064 1371 1128 ait:

199 1188 282 1253 «Ad
305 1186 447 1255 officium
478 1195 585 1254 autem
616 1190 797 1255 defensoris
819 1195 913 1255 matr.
983 1188 1141 1275 spectabit
1163 1188 1195 1251 in
1221 1188 1372 1253 iudicium

196 1315 311 1379 venire
341 1314 604 1398 quotiescumque
638 1318 813 1401 contigerit
848 1315 1100 1401 matrimoniales
1131 1332 1245 1379 causas
1276 1330 1373 1397 super

197 1436 360 1504 validitate
374 1439 427 1504 vel
443 1440 589 1505 nullitate
613 1458 723 1506 coram
747 1441 890 1525 legitimo
913 1439 1018 1506 iudice
1041 1440 1212 1525 disceptari
1237 1454 1372 1521 eumque

195 1570 348 1647 oportere
362 1564 396 1627 iu
412 1563 554 1647 quolibet
568 1571 642 1629 actu
659 1564 799 1630 iudiciali
820 1567 925 1636 citari,
941 1539 1055 1629 adesse
1071 1565 1212 1629 examini
1233 1564 1372 1642 testium,

196 1703 276 1750 voce
292 1696 325 1750 et
336 1688 465 1771 scriptis
481 1689 675 1753 matrimonii
691 1687 888 1753 validitatem
904 1690 1034 1754 tueri...
1052 1710 1083 1752 a.
1103 1688 1200 1751 lustr.
1217 1686 1270 1751 cit.
1288 1685 1320 1751 S.
1337 1685 1371 1749 Ο.

197 1808 331 1875 Concilii
358 1830 387 1875 a.
417 1810 502 1877 1840
532 1813 698 1898 explicans
730 1814 792 1878 boc
824 1833 939 1878 munus
970 1815 1095 1885 statuit,
1120 1811 1374 1897 interrogatoria

196 1936 264 1999 sive
287 1935 477 2021 coniugibus
509 1938 578 2000 sive
610 1936 744 2002 testibus
767 1937 986 2022 proponenda.
1012 1935 1237 2003 concinnanda
1260 1954 1374 1999 essee

196 2058 259 2124 def.
288 2070 382 2125 matr.
411 2079 513 2144 eaque
543 2061 711 2147 obsignata
735 2062 892 2127 tradenda
920 2082 990 2128 osse
1018 2062 1215 2128 cancellario
1246 2059 1293 2144 (l)
1319 2064 1374 2124 aut

197 2180 306 2254 iudici,
338 2202 393 2247 seu
420 2161 618 2248 moderatori
647 2190 812 2265 actorum,
845 2186 898 2268 qui
930 2184 1092 2250 reserabit
1121 2183 1374 2267 interrogatoria

197 2309 380 2393 postulante
390 2307 564 2374 defensore
579 2316 673 2375 matr.
686 2328 784 2393 quum
796 2310 1005 2395 proponenda
1016 2315 1101 2375 sunt.
1115 2309 1178 2375 Sed
1196 2310 1263 2392 ipse
1275 2306 1374 2371 iudex

196 2453 242 2498 erc
263 2434 370 2518 officio
387 2452 448 2499 nec
472 2451 535 2499 non
560 2434 710 2500 defensor
734 2440 828 2499 matr.
850 2435 915 2499 alia
937 2434 1058 2499 addere
1079 2440 1211 2519 possunt
1234 2432 1373 2497 interro-

197 2560 331 2644 galonis.

285 2683 361 2746 444.
394 2683 540 2768 Speciale
569 2702 651 2747 onus
680 2682 845 2748 defensori
876 2689 970 2747 matr.
1003 2681 1166 2754 incumbit,
1195 2701 1238 2746 ex
1265 2681 1374 2746 Const.

199 2805 262 2871 Dei
276 2805 502 2887 miseratione,
520 2808 541 2888 5
557 2806 602 2889 8,·
626 2807 749 2872 scilicet
772 2809 801 2870 ei
824 2807 978 2891 competit
1001 2805 1247 2891 appellationem
1272 2805 1374 2869 inter·

198 2949 318 3013 ponere
334 2932 457 3014 quoties
473 2933 506 2994 in
521 2932 641 3014 prima
664 2933 817 2995 instantia
840 2931 1012 2996 iudicatum
1036 2917 1136 2995 luerit
1151 2949 1211 3014 pro
1227 2927 1374 2994 nullitate

198 3056 408 3130 matrimonii;
433 3056 513 3119 etsi
537 3057 717 3120 sententiae
739 3061 814 3120 sunt
836 3051 1009 3126 difformes,
1034 3056 1110 3138 quia
1131 3056 1164 3117 in
1184 3053 1302 3136 prima
1327 3052 1375 3115 in·

197 3181 314 3244 stantia
343 3179 678 3264 probabilitatem
709 3181 819 3245 ultera
848 3199 908 3264 pro
940 3179 1087 3246 nullitate
1115 3178 1201 3243 edita
1227 3183 1278 3243 est
1300 3196 1373 3242 sen·

196 3307 305 3386 tentia,
326 3306 478 3371 defensor
501 3311 659 3390 provocat
672 3305 713 3370 ad
738 3287 1090 3386 tertiam'instantiam,
1114 3307 1189 3390 quia
1210 3323 1374 3388 nunquam

198 3433 262 3514 pati
289 3430 394 3511 debet,
423 3430 599 3494 sententias
629 3449 727 3515 super
749 3429 897 3495 nullitate
920 3432 1029 3495 sortiri
1053 3431 1287 3500 executionem,
1313 3430 1373 3494 nisi

197 3553 286 3618 cuce
308 3553 421 3618 saltem
444 3554 625 3617 sententiae
648 3554 742 3618 istam
764 3559 949 3619 asserentes
965 3553 1069 3618 editae
1092 3555 1165 3617 sint.
1184 3551 1280 3648 Addit
1296 3571 1374 3616 vero

199 3676 304 3741 (locst.
332 3679 405 3756 cit,
433 3677 454 3759 ἐ
476 3678 531 3741 11:
557 3699 575 3738 ‹
600 3677 692 3752 Quod
718 3679 789 3742 sia
814 3676 965 3742 secunda
993 3679 1153 3742 sententia
1180 3695 1278 3760 super
1302 3677 1374 3740 nul·

199 3799 287 3863 litate
318 3803 370 3866 vel
399 3801 505 3865 altera
534 3821 610 3885 pars
641 3802 872 3886 appellaverit,
904 3802 956 3866 vel
987 3801 1167 3867 huiusmodi
1199 3805 1239 3866 sit
1267 3807 1302 3866 ut
1324 3803 1372 3874 ei,

286 4009 325 4080 (l)
345 4010 494 4066 Instructio
507 4013 555 4070 cit.
568 4014 655 4078 iubet,
669 4015 743 4067 tradi
755 4014 976 4084 interropatoria
989 4014 1087 4068 clausa
1107 4024 1133 4068 et
1152 4015 1295 4083 obsipnata
1308 4031 1374 4068 ean·

197 4117 316 4170 cellario
334 4134 385 4171 seu
402 4122 522 4186 notarim
540 4135 593 4188 ego
611 4135 678 4174 vero
696 4119 787 4172 addidi
805 4128 853 4172 aut
872 4120 968 4183 iudici,
981 4119 1057 4189 quia,
1071 4136 1119 4188 per
1138 4136 1176 4184 se,
1190 4118 1375 4174 cancellarius

198 4224 227 4276 iu
245 4224 316 4276 actis
334 4222 415 4276 tidem
434 4222 527 4277 facere
545 4222 628 4278 debet
646 4223 716 4278 baec
728 4225 948 4292 interropatoric
961 4223 1047 4280 titisse
1060 4227 1157 4279 clausa
1176 4228 1205 4278 et
1218 4226 1375 4294 obstpnata3

197 4328 244 4382 sed
262 4328 295 4384 de
314 4328 367 4382 boc
379 4328 510 4382 attestari
522 4327 607 4393 valet,
620 4329 671 4383 etsi
685 4329 903 4398 interrogatoria
918 4329 1062 4385 tradantur
1075 4329 1169 4396 indici,
1183 4347 1267 4401 quum
1282 4329 1375 4383 videat

198 4433 383 4490 cancellarios
401 4437 619 4506 tntmepctoric
639 4437 781 4506 obsipaatc
799 4411 934 4492 reserari.
1025 4425 1028 4436 '
