3350 5100
429 356 474 403 on
497 356 636 405 runicus
660 358 903 407 cnrumsumos
926 359 962 405 ru
985 358 1103 405 sescus
1288 339 1353 405 433

176 480 392 547 demnataria
415 485 471 543 aut
500 479 718 548 absolutoria.
738 517 755 529 ·
782 482 846 546 Hic
869 501 1038 567 processus
1061 485 1111 547 est
1126 500 1219 565 pure
1240 481 1351 565 inqui·

175 605 293 671 sitieris
316 604 463 689 idemque
485 605 666 687 iudicialis,
690 608 836 690 quamvis
858 606 1161 672 entraordinariis
1168 626 1182 687 ;
1205 604 1353 671 adhiberi

177 730 261 793 enim
285 748 350 793 non
373 728 469 795 debet
492 730 552 793 nisi
576 729 608 794 id
631 732 813 814 expostulet
836 732 920 795 satin
943 730 1018 795 boni
1042 729 1170 815 publici.

145 872 150 883 ·
266 854 341 919 376.
367 854 492 939 Quippe
515 854 817 921 entraordinarius
840 856 895 921 hic
918 876 1088 941 processus
1111 857 1182 920 iure
1200 856 1351 921 Decreta·

176 980 253 1043 lium
277 979 467 1044 observatus
482 980 591 1044 Initio
608 982 713 1046 causis
736 968 957 1047 criminalibus
972 981 1129 1047 adversus
1146 981 1351 1047 haereticam

176 1106 380 1187 pravitatem,
404 1105 469 1169 late
492 1110 660 1191 sumptam.
679 1106 726 1171 (li.
745 1128 773 1171 c.
790 1127 818 1171 c.
839 1107 878 1170 17
895 1113 928 1172 et
941 1107 994 1181 20,
1012 1107 1062 1173 De
1078 1107 1213 1181 haeret,
1230 1106 1267 1171 in
1283 1106 1315 1171 6.
1335 1141 1352 1155 -

178 1227 441 1312 Quandoquidem
457 1231 595 1295 culmina
609 1232 772 1317 graviora,
788 1231 888 1296 veluti
904 1237 1032 1317 spretus
1047 1232 1099 1295 vel
1115 1230 1233 1297 abusus
1248 1249 1354 1295 sacra-

177 1362 359 1420 mentorum
375 1330 441 1420 nec
455 1374 521 1420 non
536 1360 740 1441 contemptus
753 1358 844 1441 quasi
859 1356 1092 1423 schismaticus
1107 1358 1272 1441 potestatis
1289 1358 1352 1422 lio·

177 1482 264 1545 mani
283 1477 448 1563 Pontificis
462 1501 522 1567 per
538 1483 758 1567 interpositam
771 1482 1018 1568 appellationem
1033 1481 1074 1547 ad
1090 1482 1232 1575 futurum
1249 1483 1354 1547 conci·

177 1606 266 1677 lium,
283 1604 430 1688 equidem
453 1608 652 1671 severiorem
675 1610 709 1671 et
730 1608 945 1690 secretiorem
968 1608 1143 1692 exquirunt
1158 1606 1353 1672 iudicialem

176 1728 499 1794 animadversIonem.
533 1728 581 1796 ci.
615 1728 802 1816 Pignatelli.
837 1731 1106 1819 Consultationes
1139 1730 1352 1803 novissimae,
1382 1760 1385 1769 ·

182 1850 327 1925 Oonmtt.
355 1853 432 1919 126.
457 1853 519 1919 Sed
544 1856 594 1919 isti
627 1874 720 1920 casus
743 1855 1007 1923 demonstrative
1034 1855 1237 1921 determinati
1261 1861 1352 1931 sunt;

178 1978 331 2062 graviora
346 1997 425 2042 vero
448 1981 586 2045 crimina
601 1980 797 2045 clericorum
812 2000 895 2065 quae
913 1980 1017 2052 hodie,
1035 1982 1201 2047 bominum
1223 1978 1352 2055 iniuria,

179 2105 339 2188 compesci
361 2124 425 2170 non
449 2106 581 2171 valeant
603 2108 664 2172 nisi
680 2126 740 2192 per
755 2127 941 2192 processum
965 2114 1091 2175 secreto
1107 2107 1352 2193 inquisitioum‚

178 2249 268 2301 sane,
293 2250 353 2314 pro
377 2231 425 2295 rei
452 2233 622 2317 gravitate,
647 2231 864 2317 comparanda
890 2236 966 2298 sunt
992 2232 1180 2299 haereticae
1202 2230 1354 2323 pravitati

179 2357 310 2439 eiusque
332 2357 437 2422 labem
464 2358 496 2421 in
529 2358 678 2443 populum
701 2359 823 2440 fovent,
848 2357 1045 2443 proindeque
1069 2357 1180 2423 eadem
1197 2363 1355 2423 entraor-

178 2480 315 2547 dinario
338 2480 481 2547 remedio
504 2483 718 2566 inquisitionis
742 2502 948 2568 compescere
972 2486 1107 2568 oportet.

180 2653 186 2670 .
267 2607 342 2672 377.
360 2608 510 2672 Iamvero
533 2610 566 2672 in
583 2628 658 2690 cap.
673 2609 731 2682 20,
749 2608 798 2674 De
814 2609 950 2680 haeret,
966 2609 1004 2673 in
1019 2608 1051 2679 6,
1070 2607 1255 2672 BoniiacIus
1271 2607 1354 2674 VIII

178 2729 222 2793 ita
245 2728 439 2795 determinat
461 2730 591 2815 regulas
615 2729 876 2798 fundamentales
895 2730 990 2794 buius
1013 2748 1198 2814 processus:
1226 2728 1353 2794 ‹Gon-

178 2850 329 2917 cedimus
358 2853 451 2936 quod
473 2853 510 2917 in
539 2852 768 2936 inquisitionis
791 2852 981 2918 haereticae
1007 2851 1191 2936 prauitatis
1219 2850 1353 2936 nepotio

174 2975 318 3057 procedi
338 2978 447 3059 possit
473 2995 693 3043 srurnrcrrnn
715 2996 758 3042 nr
782 2996 826 3043 nn
851 2995 960 3042 rosan
983 2996 1026 3042 nr
1049 2993 1178 3049 insons
1205 2993 1353 3042 novoca-

178 3117 296 3165 rosou
320 3120 363 3167 nr
387 3121 590 3168 lonscronnu
614 3120 778 3168 srnnrrrn
802 3121 845 3168 nr
869 3120 995 3168 means
1013 3122 1043 3166 r.
1069 3101 1248 3165 Praeterea
1271 3099 1356 3164 iube·

177 3225 233 3286 tur
256 3223 385 3307 equod
410 3224 441 3289 si
471 3223 726 3295 accusatoribus
754 3225 807 3289 oei
837 3222 973 3290 testibus
1002 3223 1040 3288 in
1070 3241 1176 3290 causa
1206 3222 1354 3288 haeresis

178 3345 476 3414 intervenientibus
497 3367 557 3414 seu
580 3347 825 3432 deponentibus
847 3345 1002 3432 (propter
1023 3347 1212 3431 potentiam
1239 3364 1353 3429 perso·

178 3489 306 3536 narum
329 3478 450 3539 contra
473 3491 560 3557 quas
581 3470 783 3560 inquiritur)
805 3471 936 3538 videant
966 3473 1143 3557 Episcopus
1167 3477 1222 3537 aut
1245 3470 1354 3555 Inqui-

178 3597 304 3667 sitores
320 3615 422 3680 grave
445 3597 623 3682 periculum
646 3598 824 3670 imminere,
841 3597 868 3661 si
888 3596 1054 3682 contingat
1072 3594 1144 3661 fieri
1167 3594 1352 3681 publicatio-

178 3740 252 3786 nem
277 3723 441 3786 nominum
457 3722 642 3787 eorumdem
666 3722 827 3806 ipsorum:
844 3722 975 3786 nomina
990 3741 1055 3786 non
1079 3721 1205 3806 publice
1224 3739 1263 3784 ea
1278 3725 1354 3785 sunt

88 3861 96 3872 ·
178 3844 376 3910 ostendenda
405 3865 516 3910 coram
547 3846 737 3912 dioecesano
769 3847 928 3930 Episcopo
958 3846 1021 3927 vel,
1046 3865 1084 3910 eo
1112 3843 1254 3925 absente,
1286 3845 1354 3909 elus

178 3971 322 4052 vicario,
343 3974 404 4035 etc.
421 3992 450 4036 r.
478 3971 616 4056 Pirhing
639 3975 871 4037 commentatus
891 3970 954 4035 hoc
978 3976 1083 4056 caput,
1101 3971 1146 4036 tit.
1164 3971 1214 4036 De
1230 3971 1356 4036 haeret.

176 4075 207 4176 §¹
224 4092 296 4170 VII,
321 4093 423 4169 docet,
448 4115 632 4181 processum
648 4094 720 4161 fieri
737 4116 830 4181 posse
846 4069 965 4181 absque
980 4095 1080 4162 libelli
1097 4093 1257 4160 oblatione
1273 4095 1351 4160 scri·

176 4219 239 4302 ptis
256 4220 382 4284 exarati
395 4223 428 4284 et
439 4218 558 4303 absque
574 4219 639 4285 litis
654 4221 904 4294 contestatione;
923 4238 940 4282 ‹
953 4223 1151 4285 nontamen
1163 4224 1209 4284 est
1225 4218 1355 4286 ommit-

178 4343 280 4409 tenda
303 4342 429 4425 citatio·
450 4349 481 4410 et
493 4344 720 4446 probationes
742 4365 785 4410 ac
807 4343 1020 4427 defensiones
1041 4347 1254 4412 necessariae
1276 4349 1356 4412 sunt

177 4466 410 4534 admittendae
425 4473 466 4550 et,
482 4469 669 4534 universim
685 4469 863 4554 loquendo,
880 4469 988 4535 omitti
1006 4475 1152 4552 possunt
1165 4487 1253 4554 quae
1275 4474 1355 4534 sunt

252 4591 313 4643 Suc.
332 4590 411 4662 Lepa
430 4589 490 4643 Lib.
510 4589 542 4656 II,
562 4590 617 4645 voI.
639 4589 685 4645 IV.
1250 4593 1284 4645 28
