3350 5100
344 287 409 353 470
855 306 939 355 rans
962 306 1013 354 111.

341 428 472 496 satione
486 448 509 495 o
520 430 740 498 nmlrimenio
756 437 833 497 roto
846 436 878 497 ct
889 450 959 498 aon
970 436 1205 498 consummato
1221 431 1258 495 in
1270 447 1352 495 casu
1364 450 1394 492 a.
1410 426 1518 501 Quare

344 555 510 638 responsio
521 556 590 620 sive
602 554 811 639 affirmativa
823 557 892 621 sive
904 554 1064 643 nepatioe
1075 558 1126 619 est
1137 552 1325 621 considtiua
1335 550 1376 618 ad
1388 552 1517 635 disper·

342 676 508 744 salionem
523 676 606 761 quod
621 678 747 751 attinet,
760 694 855 763 quam
872 676 1054 744 concedere
1069 676 1211 762 pertinet
1230 679 1352 763 lantum
1369 673 1410 739 ad
1428 672 1519 738 Rem.

346 798 543 874 Pontificem,
559 806 609 866 est
625 820 703 867 vero
720 801 820 868 veluti
844 801 1018 888 definitiva
1034 801 1233 867 inmeritum
1256 800 1462 884 quaestionis,
1478 816 1520 863 an

343 931 468 991 constet
491 924 531 991 de
554 945 618 990 non
642 932 754 994 secuta
776 928 1062 993 consummatione.

433 1050 508 1116 434.
533 1050 660 1116 Iudices
682 1052 847 1136 propriam
870 1051 1041 1118 desumunt
1064 1051 1311 1136 competentiam
1331 1048 1521 1115 absolutam

343 1196 386 1241 ex
410 1176 535 1243 obiecto
557 1181 591 1241 et
612 1177 728 1262 produ
758 1148 987 1251 hierarchicos
1012 1175 1068 1241 sed
1100 1174 1243 1241 eamdem
1275 1188 1434 1240 exercere
1459 1190 1521 1236 non

344 1302 454 1367 valent
476 1302 537 1366 nisi
560 1300 593 1366 in
616 1320 691 1366 suos
712 1300 864 1367 srrtditos
886 1307 920 1366 et
941 1300 1083 1367 subditos
1106 1301 1285 1366 sortiuntur
1305 1297 1440 1365 ratione
1456 1302 1523 1362 ter·
1625 1367 1630 1379 ,

343 1424 456 1493 ritorii
479 1423 567 1510 (ἵοί.
593 1428 617 1497 i,
650 1446 681 1490 n.
706 1425 797 1511 334).
823 1460 841 1475 -
868 1424 947 1491 Inde
978 1398 1194 1511 competentia
1226 1422 1445 1490 territoriatis
1475 1426 1524 1486 eet

342 1549 487 1616 relatiua
502 1555 536 1615 et
550 1549 720 1616 mutabilis
743 1548 1001 1634 quandoquidem
1025 1550 1096 1633 quis
1111 1549 1208 1614 alium
1225 1548 1360 1613 sortitur
1383 1545 1522 1611 iudicem

344 1673 509 1757 proprium
533 1690 568 1737 se
590 1672 796 1739 transferens
818 1692 879 1758 pro
895 1672 995 1738 lubitu
1012 1692 1069 1739 suo
1094 1674 1125 1737 in
1150 1673 1245 1737 aliam
1270 1672 1443 1736 dioecesim
1468 1676 1523 1735 aut

344 1797 542 1883 provinciam
567 1795 608 1861 ibi
634 1800 665 1861 in
686 1804 893 1881 perpetuum
916 1797 968 1863 vel
992 1796 1033 1862 ad
1056 1796 1204 1863 notabile
1227 1802 1363 1879 tempus
1386 1814 1523 1861 commo·

345 1929 485 1987 raturus.
500 1956 518 1969 -
532 1921 604 1987 Hoc
616 1924 759 2007 pertinet
773 1921 814 1987 ad
830 1942 925 1987 omne
941 1939 1113 1989 causarum
1129 1940 1247 2008 genus:
1264 1920 1432 1987 videamus
1448 1921 1522 2004 quid

345 2046 418 2109 heic
440 2044 607 2130 singulare
631 2047 682 2110 sit.

435 2168 509 2235 435.
545 2170 618 2253 lpsa
652 2169 767 2254 regula
800 2168 1053 2235 fundamentalis
1088 2170 1119 2233 in
1151 2168 1374 2253 competentia
1406 2168 1523 2242 terril,

345 2312 459 2381 nempe
482 2301 578 2362 actor
599 2294 754 2379 sequitur
775 2294 894 2379 forum
916 2296 968 2363 rei
990 2293 1109 2380 aliquid
1141 2294 1239 2360 habet
1268 2295 1425 2381 speciale,
1452 2296 1524 2380 quia

261 2505 264 2513 ⁴
343 2438 437 2486 umor
465 2418 619 2504 sequitur
640 2418 852 2485 domicilium
875 2420 1001 2485 mariti.
1027 2419 1111 2485 Sane
1134 2437 1220 2483 uxor
1242 2418 1438 2486 domicilium
1462 2420 1523 2483 viri

344 2543 457 2610 lovere
472 2543 583 2619 debet;
608 2542 683 2610 inde
697 2544 724 2610 si
740 2563 826 2610 uxor
850 2543 1055 2630 derelinquat
1070 2546 1133 2609 viri
1150 2534 1344 2611 domicilium
1361 2544 1524 2611 eamdem·

345 2687 407 2752 que
429 2669 480 2733 vir
507 2672 640 2768 revocet
670 2687 730 2753 per
760 2668 911 2734 iudicium
935 2669 1158 2736 restitutionis
1187 2669 1225 2734 in
1254 2669 1438 2756 inlapsum,
1462 2670 1524 2734 hoc
1617 2659 1621 2670 '

344 2794 503 2858 instaurat
525 2793 576 2857 vir
599 2791 683 2878 apud
706 2792 844 2859 iudicem
868 2794 921 2860 sui
944 2793 1119 2868 domicilii,
1144 2796 1221 2878 quin
1244 2793 1390 2862 attendat
1417 2794 1522 2860 locum
1647 2799 1648 2833 ³

292 2943 295 2948 ·
347 2916 398 2982 ubi
423 2917 616 2982 domicilium
640 2915 839 2982 contrahere
871 2916 1046 2984 intenderit
1068 2937 1162 2983 uxor.
1188 2919 1240 2984 Ex
1263 2917 1402 2984 adverso
1425 2919 1450 2983 si
1474 2919 1525 2982 vir
1646 2959 1647 2962 =

346 3061 406 3128 per
428 3041 634 3107 disertionem
666 3043 856 3107 malitiosam
888 3061 1024 3109 uxorem
1058 3040 1277 3127 derelinquat,
1308 3047 1342 3108 et
1371 3043 1456 3108 haec
1485 3042 1524 3107 ab

347 3167 523 3233 Ordinatio
546 3172 678 3252 expetat
701 3165 943 3233 consuetudinis
965 3167 1145 3254 coniugalis
1167 3169 1412 3239 restitutionem.
1434 3168 1524 3234 adire

343 3295 452 3373 potest
473 3288 611 3355 iudicem
627 3289 689 3354 loci
706 3288 760 3354 ubi
779 3289 850 3374 ipsa
864 3287 1058 3355 domicilium
1081 3287 1222 3355 habebat
1243 3288 1326 3376 apud
1349 3291 1523 3356 maritum.

348 3413 482 3494 inquam
504 3417 622 3495 potest,
642 3413 718 3494 quia
741 3412 767 3476 si
792 3412 989 3476 renuncians
1013 3413 1075 3477 iuri
1099 3431 1167 3485 suo,
1184 3411 1278 3477 adeat
1302 3410 1438 3478 iudicem
1463 3413 1525 3478 loci

347 3535 401 3601 ubi
416 3542 489 3621 post
503 3536 722 3603 disertionem
738 3535 905 3604 constituit
919 3535 1131 3604 domicilium
1142 3539 1290 3609 maritus,
1304 3543 1414 3602 secuta
1427 3557 1524 3621 regu·

347 3661 410 3725 lam
434 3678 658 3734 communem,
685 3693 702 3710 ·
728 3666 825 3728 octor
840 3661 994 3745 sequitur
1015 3660 1131 3744 forum
1155 3661 1207 3727 rei
1230 3695 1248 3710 ·
1274 3661 1334 3727 iste
1357 3661 1455 3728 iudex
1477 3667 1525 3726 est

347 3789 531 3869 competens
554 3784 595 3849 ad
617 3781 791 3850 finiendam
814 3785 920 3861 litem3
945 3790 978 3850 et
995 3785 1072 3851 iure
1092 3787 1347 3869 praeventionis
1363 3787 1431 3872 ipse
1454 3804 1524 3852 cau·

346 3928 413 3974 sam
438 3913 662 3993 praeoccupat,
689 3927 768 3992 prae
791 3908 865 3982 alio,
881 3907 996 3983 iudice,
1020 3909 1083 3974 alio
1110 3910 1213 3992 titulo,
1242 3915 1453 3997 competente.

437 4033 531 4098 Ratio
555 4033 755 4130 exceptionis
771 4035 803 4098 in
821 4033 967 4118 regulam
991 4069 1008 4085 -
1026 4040 1122 4101 octor
1136 4035 1290 4120 sequitur
1303 4034 1421 4117 forum
1436 4033 1488 4100 rei
1505 4066 1521 4080 ·
1643 4085 1644 4109 p

348 4161 396 4221 eet
418 4157 493 4238 quia
516 4157 612 4221 uxori
629 4160 662 4219 et
676 4158 793 4220 marito
806 4175 905 4221 unum
924 4155 1070 4240 idemque
1087 4161 1136 4222 est
1151 4157 1346 4224 domicilium
1362 4173 1523 4241 quousque

348 4299 412 4344 non
436 4281 646 4366 superveniat
667 4282 830 4365 separatio
855 4280 1006 4366 lepitima
1020 4299 1041 4346 a
1056 4285 1128 4346 toro
1143 4286 1177 4347 et
1192 4301 1317 4358 mense3
1338 4281 1424 4347 iacta
1440 4280 1522 4346 enim

348 4406 562 4489 separatione,
576 4407 663 4470 inter
674 4406 828 4490 coniuges
843 4405 1023 4472 restituitur
1035 4405 1084 4472 ius
1096 4425 1265 4472 commune
1277 4406 1316 4471 de
1327 4405 1405 4489 foro
1422 4401 1523 4472 domi·
