3350 5100
338 274 405 340 202
563 339 566 346 ,
855 297 937 342 rens
966 298 1001 342 11.

337 416 420 500 quod
451 415 533 480 lineo
562 418 726 500 inquisitio
759 425 963 502 potestesse
996 424 1053 483 sut
1078 419 1259 500 iudicialis,
1284 426 1340 484 aut
1364 426 1518 502 paterna

338 562 395 607 seu
407 541 620 614 charitative,
634 562 750 627 nempe
761 543 892 608 directa
903 543 944 608 ed
957 543 1163 609 obtinendam
1176 544 1391 628 delinquentis
1407 564 1517 610 emen·

338 670 510 744 dationem
534 675 567 736 et
589 669 672 735 haee
687 688 766 733 sene
788 672 935 753 apprime
959 672 1121 755 competit,
1138 676 1252 754 suapte
1277 676 1403 742 notura,
1421 670 1519 736 iudici

338 794 512 858 ordinario.
530 792 579 859 cf.
597 793 776 878 Pellegrini
799 795 911 860 Pron.
928 795 1098 862 seminat.
1117 795 1201 862 Seet.
1220 795 1240 860 Ι
1241 847 1248 866 ,
1261 815 1296 860 n.
1314 795 1356 861 18
1377 814 1446 879 seq.
1465 796 1520 878 qui

338 937 372 988 n,
388 917 431 979 19
445 915 555 981 docet:
576 938 594 979 s
612 917 708 988 onon
724 936 803 983 cnm
813 919 923 1000 possit
938 916 1070 1002 (fiscalis
1086 923 1203 1003 prom.)
1218 918 1334 1000 faeere
1348 918 1520 1002 quidquid

317 1043 447 1121 ‚potest
474 1038 582 1104 indes
611 1040 648 1102 in
675 1038 909 1123 inquisitione,
930 1045 1118 1121 propterea
1146 1045 1255 1124 potest
1279 1043 1395 1122 petere
1426 1038 1521 1122 qnod

339 1161 440 1227 detur
455 1163 621 1228 terminus
636 1163 916 1246 adprobandum
931 1164 1124 1229 delictum...
1136 1169 1248 1246 potest
1258 1169 1376 1246 petere
1392 1181 1519 1235 errem,

341 1307 531 1354 senensem
549 1310 578 1353 ›.
598 1290 755 1354 Nimirum
773 1295 848 1354 aeta
862 1309 945 1373 quae
960 1291 1183 1356 secumlerunt
1205 1291 1399 1355 exercitium
1421 1289 1520 1354 iuris-

340 1414 498 1494 dictionis,
515 1419 572 1482 sut
593 1415 742 1480 mineum
764 1415 960 1497 imperinm,
983 1435 1046 1480 non
1071 1418 1140 1501 ipse
1162 1421 1329 1500 promotor
1351 1417 1442 1500 ponit
1464 1413 1521 1480 sed

341 1540 421 1625 petit
442 1537 515 1604 fleri
537 1560 558 1604 e
580 1539 695 1605 iudice.
723 1539 832 1614 Quare
856 1558 1001 1624 eaquae
1028 1542 1192 1625 pertinent
1215 1539 1254 1606 ad
1280 1541 1521 1624 inquisitionem

341 1663 394 1726 vel
417 1663 528 1745 explet
550 1681 610 1748 per
632 1684 678 1735 se,
706 1683 766 1746 pro
789 1683 848 1728 sua
871 1669 1040 1748 potestate,
1069 1664 1121 1727 vel
1154 1667 1253 1728 instat
1275 1661 1346 1728 fleri
1370 1684 1391 1728 a
1414 1661 1522 1728 indies

343 1807 382 1851 ea
404 1806 519 1872 nempe
542 1805 626 1869 quae
648 1807 709 1871 per
730 1807 766 1851 se
789 1807 854 1851 non
878 1788 966 1852 velet
988 1793 1167 1872 praestare.

433 1907 687 1991 Speciotissime
717 1911 890 1994 inquisitio
918 1929 1101 1978 moremus
1125 1915 1256 1996 proprie
1280 1918 1313 1977 et
1335 1911 1426 1994 quasi
1448 1909 1521 1992 pri·

342 2037 452 2102 vatim
468 2033 513 2118 (1)
530 2036 717 2101 exercenda
739 2041 789 2100 est
811 2056 831 2101 a
850 2043 1058 2118 promotore,
1077 2037 1146 2103 soil.
1164 2036 1291 2121 quando
1314 2038 1377 2102 ism
1399 2038 1522 2102 instau-

342 2165 414 2224 rata
429 2154 479 2224 est'
493 2158 670 2224 criminalis
684 2160 847 2239 instantia,
864 2161 909 2225 ita
928 2166 1037 2224 tamen
1061 2165 1096 2226 ut
1119 2161 1313 2246 promotoris
1335 2161 1376 2224 sit
1398 2161 1523 2222 instare

343 2283 446 2367 quoad
462 2283 570 2348 omnia
592 2288 667 2348 aeta
689 2284 723 2347 in
745 2284 930 2366 inquisitum
954 2283 1125 2373 explenda,
1142 2286 1290 2368 quamvis
1306 2305 1348 2350 ex
1363 2285 1415 2348 his
1439 2303 1522 2348 non·

344 2409 443 2480 nulla,
459 2409 559 2474 veluti
575 2427 699 2493 poenae
714 2410 879 2482 coercitio,
897 2430 918 2474 a
933 2416 1119 2495 promotore
1134 2413 1204 2496 ipso
1221 2409 1292 2475 fieri
1309 2411 1522 2495 nonpossint.

412 2532 511 2627 ⁴142.
537 2533 618 2599 Inde
643 2538 732 2617 patet
754 2535 888 2600 maximi
916 2535 1070 2621 ponderis
1097 2557 1168 2602 esse
1191 2533 1330 2602 officium
1354 2556 1374 2600 s
1396 2556 1523 2623 promo-

342 2667 415 2727 tore
431 2658 623 2741 obeundum,
637 2659 719 2742 quod
736 2660 839 2725 maius
855 2658 1225 2761 detrimentum'inierre
1241 2662 1329 2727 valet
1343 2662 1377 2725 in
1392 2663 1525 2746 negotia

343 2785 509 2871 poenalia,
541 2784 602 2848 nisi
634 2784 875 2869 religiosissime
907 2784 1087 2868 expleatur.
1115 2785 1329 2869 Van-Espen.
1360 2784 1420 2851 lns
1445 2788 1523 2851 ecel.

344 2909 384 2974 P.
409 2909 476 2979 ΙΙΙ.
502 2908 548 2973 nt.
572 2908 606 2989 6,
629 2928 664 2973 n.
687 2908 741 2988 10,
765 2908 870 2973 refert
892 2928 936 2973 ex
960 2909 1104 2973 Concilio
1129 2910 1333 2973 Noviomensi
1356 2908 1523 2973 celebrato

344 3052 374 3096 a.
400 3032 486 3097 1344
509 3051 529 3095 a
553 3033 676 3096 Ioanne
700 3032 877 3097 Rhomensi
901 3032 1156 3117 Archiepiseopo
1180 3032 1331 3116 querelas
1353 3050 1437 3115 quse
1460 3032 1522 3096 iam

346 3154 559 3222 movebantur
570 3157 603 3219 in
616 3157 794 3222 nnmerum
811 3157 1115 3223 ecelesiasticorum
1125 3162 1342 3241 promotores
1359 3175 1402 3222 ae
1421 3155 1523 3221 etiam

344 3285 596 3362 procuratores,
609 3280 656 3344 ed
674 3297 831 3345 encessm
854 3280 994 3346 citantes
1010 3300 1130 3345 eornm
1146 3280 1298 3345 homines
1320 3279 1472 3345 modicos
1494 3284 1524 3345 et

347 3402 540 3486 Bnrpenses
554 3401 654 3465 sarie
665 3405 698 3466 et
712 3401 849 3466 diversa
872 3402 1018 3468 semina
1037 3408 1068 3467 et
1082 3420 1240 3469 eneessns
1256 3402 1425 3469 solonem
1439 3401 1525 3487 fietis

346 3524 533 3610 eequisitos
548 3524 675 3590 eisdem
689 3525 909 3608 imponentes.
920 3561 938 3574 -
952 3525 1002 3591 Ad
1016 3524 1130 3591 faciles
1145 3524 1263 3593 abusus
1275 3525 1525 3613 compescendos

347 3653 443 3737 plurs
464 3652 649 3735 excogitata
671 3659 747 3717 sunt
769 3650 892 3728 media3
916 3654 948 3717 in
972 3654 1085 3737 primis
1104 3657 1140 3718 ut
1161 3656 1363 3738 promotores
1385 3650 1526 3717 adstrin-

436 3882 476 3953 (Ι)
496 3882 610 3953 lnqusm
633 3910 646 3921 -
668 3882 749 3951 quasi
770 3882 911 3950 privative
932 3910 946 3922 ·
968 3880 1034 3951 quie
1058 3884 1200 3949 promotor
1224 3879 1343 3944 fiscalis,
1369 3881 1527 3933 instaurato

348 3989 434 4044 semel
453 3988 568 4053 iudicis,
588 3993 681 4057 partes
699 3988 761 4056 egit
778 3988 883 4042 sotoris
901 4004 949 4042 seu
970 3990 1150 4043 accusatoris.
1171 3992 1200 4043 et
1219 3989 1302 4043 iudex
1328 3987 1411 4041 huius
1433 3992 1527 4056 parles

292 4082 299 4099 ’
348 4097 402 4151 sibi
420 4095 562 4150 vindicare
580 4110 636 4149 uon
655 4094 747 4159 debet,
764 4111 797 4148 ne
818 4094 929 4162 penitus
947 4097 1125 4148 subvertatur
1141 4094 1209 4149 ordo
1228 4094 1398 4149 iudiciarios,
1419 4093 1528 4147 Nihilo-

349 4202 441 4256 minus
459 4203 488 4255 in
498 4202 597 4271 'ipsum
615 4203 749 4256 interesse
769 4201 841 4269 lepis
859 4212 885 4255 et
903 4203 1026 4255 institiae
1042 4201 1124 4255 iudex
1143 4201 1293 4270 invigilare
1311 4202 1395 4256 debet
1413 4218 1526 4271 operam

350 4310 517 4379 promotoris
535 4326 652 4380 eamque
670 4310 817 4375 moderari,
837 4326 872 4364 ne
890 4325 907 4363 e
927 4312 1002 4363 rento
1021 4309 1135 4363 tremite
1152 4308 1273 4373 aberret,
1286 4307 1418 4378 illiusque
1437 4307 1528 4377 negli-

351 4416 474 4485 gentiam
492 4414 631 4483 supplere.
