3350 5100
807 663 989 729 l'lTULUS
1018 664 1077 729 Vl.

536 883 581 928 1>ss
603 880 802 928 sturmus
825 878 873 926 ΒΧ
897 878 1092 925 ΙΝῈΟΒΜΔΤΔ
1115 878 1346 926 ΟΟΝὸΟΙΒΝΤΙΔ.

353 1091 571 1149 sunnin.
582 1122 617 1132 —
629 1091 691 1146 333.
711 1090 875 1146 Remedium
895 1090 1027 1144 inducere
1045 1092 1193 1160 oportebat
1205 1109 1240 1146 ex
1253 1108 1309 1163 quo
1323 1092 1442 1146 crimina
1459 1107 1532 1145 com·

442 1206 622 1270 pescorentur
633 1204 744 1253 attenta
756 1215 848 1253 rerum
862 1198 991 1261 veritate,
1005 1199 1133 1268 quamvis
1151 1199 1206 1251 ista
1221 1198 1332 1267 probari
1349 1215 1404 1253 non
1421 1203 1531 1268 possent

441 1304 671 1358 iudicialiter·
688 1302 750 1357 334.
769 1302 837 1357 lude
854 1308 897 1356 est
918 1302 1068 1357 remedium
1087 1303 1359 1367 extrem-dmm,
1378 1302 1532 1356 extroiudi-

442 1412 523 1465 cr'uls.
540 1439 578 1451 -
595 1410 657 1463 335.
676 1410 822 1464 inductum
841 1413 884 1462 est
906 1425 955 1477 per
973 1410 1165 1463 extensionem
1184 1410 1213 1463 in
1232 1408 1349 1463 clericos
1370 1410 1533 1463 saeculares

441 1516 606 1587 disciplinae
624 1521 693 1570 tunc
710 1515 833 1584 rigentis
857 1520 968 1568 tantum
987 1516 1015 1567 in
1034 1514 1152 1569 clericos
1171 1516 1329 1585 reputarer.
1349 1543 1383 1556 -
1402 1514 1464 1569 386.
1484 1514 1532 1567 Est

440 1622 552 1695 quidam
570 1639 714 1692 regressus
732 1620 953 1691 indisciplinam
972 1622 1170 1692 antiquiorem.
1181 1650 1219 1663 -
1230 1621 1292 1675 387.
1311 1621 1453 1676 Haeretici
1472 1620 1532 1673 lau-

439 1730 564 1785 aeniatae
587 1730 641 1783 bar
657 1729 693 1783 de
711 1729 915 1795 redamatus
940 1729 1095 1782 sententies
1119 1728 1306 1797 protulerunt
1324 1756 1360 1770 -
1379 1726 1444 1781 388.
1461 1726 1534 1780 Scri·

442 1842 537 1907 ptores
554 1834 688 1890 catholici
703 1834 888 1889 diversimode
906 1834 1086 1905 interpretati
1104 1840 1170 1888 aunt
1189 1840 1298 1891 textum
1311 1834 1394 1888 huius
1407 1834 1486 1903 legis
1499 1861 1531 1873 -
1649 1862 1650 1889 i

442 1942 503 1995 389.
515 1942 625 1996 Decreti
637 1941 718 1994 citati
731 1939 891 2009 explicatur
900 1950 1045 1995 contextus
1057 1941 1086 1993 in
1098 1958 1179 1995 wnsu
1193 1940 1320 1995 litteruli.
1330 1969 1365 1982 -
1374 1938 1437 1995 390.
1448 1939 1532 1995 Adhi-

443 2049 535 2105 benda
551 2053 595 2103 eat
613 2049 712 2102 stricta
731 2048 986 2117 interpretatio·
997 2046 1059 2101 391.
1072 2048 1215 2109 Quomodo
1233 2048 1382 2103 inoleverit
1400 2047 1532 2103 bodierna

443 2158 633 2213 denominatio
650 2161 805 2212 amentiae
822 2174 860 2211 es
878 2160 1031 2227 infumata
1056 2159 1231 2211 ormcicatio.
1249 2186 1287 2199 -
1304 2156 1366 2210 392
1386 2156 1535 2211 Nihilomi-

443 2282 496 2318 nus
513 2263 727 2333 expostulentur
746 2264 928 2334 probationes
946 2264 1072 2320 efficaces
1090 2265 1119 2317 iu
1138 2267 1202 2334 soro
1214 2274 1345 2343 pemmo.

441 2462 519 2527 383.
543 2463 685 2526 intentio
706 2461 815 2545 legum
837 2462 915 2527 iure
937 2461 1158 2550 demetalium
1182 2460 1339 2526 editarum
1363 2462 1447 2526 haec
1463 2460 1531 2540 tuit,
1565 2432 1569 2437 Ι

352 2590 549 2674 potissimum
573 2589 606 2652 in
629 2607 668 2652 re
695 2584 994 2671 poenali-iudiciali,
1025 2586 1179 2652 ordinere
1209 2587 1325 2668 forum
1350 2593 1531 2654 certorum

352 2714 529 2786 Ecclesiae,
560 2685 681 2799 prouti·
698 2713 761 2776 hoc
783 2710 823 2776 ab
847 2711 981 2777 iatemo
1008 2709 1192 2776 distinctum
1216 2711 1306 2796 leges
1337 2711 1533 2797 expostulat,
1649 2769 1650 2796 p

353 2858 435 2923 quae
456 2839 655 2904 conveniunt
675 2839 821 2901 societati
845 2837 1009 2901 hominum
1034 2843 1197 2902 eoelcrmoc
1219 2835 1289 2920 (seu
1307 2836 1438 2921 visibili)
1455 2855 1532 2920 per·

352 2961 470 3045 fectae.
496 2962 601 3027 Porro
629 2960 777 3034 vidimus,
807 2963 948 3026 maximo
978 2960 1082 3026 studio
1113 2960 1231 3027 iudicia
1252 2963 1298 3026 ite
1322 2961 1421 3026 fuisse
1446 2961 1532 3027 ordi·
1649 2977 1650 3016 t

355 3093 431 3152 nata
452 3093 489 3151 ut
510 3089 595 3151 ratio
625 3085 803 3150 haberetur
828 3087 970 3152 omnium
994 3087 1122 3160 iurtum,
1146 3106 1229 3171 quoe
1256 3086 1377 3151 homini
1400 3091 1532 3152 nature·
1649 3155 1650 3158 ,

353 3211 431 3274 liter
445 3214 630 3293 competunt
643 3211 677 3273 iu
693 3209 1094 3302 societatemcoalescenti
1112 3209 1168 3294 (l).
1187 3246 1204 3259 ·
1222 3207 1368 3276 Sufficiet
1382 3211 1533 3276 recolere

354 3337 587 3402 ordinationem
609 3336 720 3401 iudicii
746 3336 934 3420 inquisitioi
956 3336 1112 3402 inducere
1142 3339 1324 3422 oportuisse
1354 3337 1394 3401 ed
1417 3357 1530 3421 perse-
1649 3311 1650 3330 ἶ

355 3459 499 3545 queudos
519 3459 742 3542 delinquentes
763 3459 979 3525 occursatione
1002 3477 1067 3523 nou
1084 3461 1253 3544 impetitos,
1274 3460 1435 3544 inprimis
1458 3460 1533 3524 hee

355 3588 484 3656 reticos,
507 3585 715 3650 nihilomiuus
737 3589 832 3648 ceute
859 3570 1093 3669 praescriptum
1117 3585 1187 3658 fuit,
1211 3585 1414 3669 praerequiri
1439 3584 1531 3666 inso-

355 3711 463 3776 mt'om
483 3706 755 3793 comprobandam
770 3706 829 3772 sub
845 3708 936 3773 initio
951 3727 1122 3792 processus
1137 3707 1309 3772 iudicialis
1324 3709 1369 3774 uti
1393 3707 1533 3772 vidimus

355 3855 454 3921 supra
467 3856 498 3899 u.
518 3835 583 3899 150
597 3832 654 3918 (2).
672 3867 690 3880 -
708 3833 831 3896 Verum
856 3829 990 3897 effectus
1012 3831 1068 3896 hic
1083 3831 1153 3903 fuit,
1169 3835 1204 3896 ut
1220 3829 1364 3896 remedia
1383 3831 1531 3916 poenalis

445 4047 484 4118 (1)
504 4046 543 4100 De
561 4045 614 4100 boc
640 4048 782 4099 momento
806 4043 950 4108 historico,
968 4059 1024 4114 quo
1048 4043 1092 4097 ius
1116 4044 1217 4098 eccles.
1236 4060 1252 4098 e
1275 4045 1369 4098 fronte
1387 4043 1532 4098 societatis

356 4153 447 4208 civilis
465 4153 556 4222 magis
573 4152 603 4206 in
621 4151 681 4206 dies
699 4150 828 4220 rebellis,
847 4150 968 4205 intendit
993 4150 1022 4202 iu
1049 4150 1213 4219 explicanda
1238 4168 1288 4204 sua
1308 4151 1370 4205 iura
1388 4150 1532 4204 societatis

356 4271 490 4316 externae
504 4265 659 4331 perfectae,
678 4258 773 4329 aliqua
790 4259 938 4328 tetigimus
957 4257 1019 4310 Vol.
1033 4257 1078 4322 111,
1099 4275 1124 4310 u.
1145 4258 1180 4311 49
1198 4275 1254 4328 seq.

445 4368 485 4434 (2)
504 4365 545 4420 Cf.
565 4364 717 4419 Comment.
738 4363 863 4431 Fagnani
877 4363 906 4417 in
926 4380 986 4432 cap.
999 4364 1025 4429 t,
1045 4365 1086 4418 De
1104 4374 1188 4434 temp.
1203 4363 1263 4417 ord.
1279 4365 1309 4417 X
1321 4363 1353 4432 (l,
1369 4363 1427 4431 ll),·
1444 4363 1532 4436 Bene-

356 4471 447 4525 dictus
464 4470 541 4535 le,
561 4470 602 4522 De
620 4486 679 4537 syn.
698 4470 785 4523 dioec.
801 4469 871 4534 XII,
890 4485 950 4538 cap.
963 4467 988 4534 8,
1007 4485 1033 4522 n.
1047 4468 1074 4534 3,
1092 4485 1148 4540 sq.3
1167 4470 1255 4523 Bouix
1275 4469 1317 4524 De
1335 4472 1395 4525 iud.
1410 4469 1475 4525 eccl.
1490 4469 1529 4529 Π,
