3350 5100
503 341 547 388 DE
571 339 710 388 mulctis
733 339 986 388 cnlntnsnlnus.
1271 315 1333 384 167

150 463 366 529 stabiliendae
380 469 416 529 et
430 463 673 549 expendendae,
688 465 887 548 potissimum
903 463 1013 528 habita
1028 463 1152 528 ratione
1168 463 1334 546 exceptio

151 607 228 654 num
251 595 288 654 et
307 586 522 654 inseruerim
545 587 780 674 probationum,
797 608 878 672 quae
896 592 1075 654 accusatas
1099 588 1130 652 in
1154 588 1202 651 sui
1219 585 1329 652 deten-

149 713 276 775 sionem
308 711 467 796 producit.
497 747 513 759 ·
537 713 629 777 Haec
655 718 731 776 sunt
755 729 909 797 suprema
936 710 1132 776 lineamenta
1161 727 1333 794 processus

148 835 265 909 mian.
288 835 348 902 sed
376 856 461 920 pene
490 835 616 902 infinita
638 844 689 904 est
709 836 896 915 diversitas,
920 855 1003 917 quae
1033 835 1146 920 vigere
1172 838 1278 917 potest
1300 833 1334 898 iu

149 960 359 1026 ordinatione
382 961 538 1026 eiusmodi
560 981 734 1047 processus
755 963 790 1026 in
813 962 914 1026 variis
929 959 1101 1040 codicibus,
1118 959 1157 1024 ob
1177 961 1333 1026 maiorem
1440 957 1441 960 ’

149 1091 208 1150 sut
237 1087 399 1150 minorem
431 1093 557 1170 partem
587 1086 640 1151 vel
664 1088 890 1152 auctoritatam
914 1084 1100 1152 attributam
1124 1085 1334 1150 accusationi
1394 1165 1400 1176 ,

149 1217 208 1274 aut
228 1211 447 1295 inquisitioni
465 1217 499 1276 et
512 1211 554 1277 ob
568 1211 732 1278 diversum
755 1212 896 1294 modum,
912 1231 975 1295 quo
996 1211 1201 1297 probationes
1225 1209 1333 1295 colligi

148 1335 273 1400 debein
293 1338 329 1400 in
351 1335 558 1420 inquisitione
572 1343 605 1401 et
619 1337 778 1420 explicari
794 1339 828 1401 in
852 1341 999 1422 promota
1018 1335 1233 1401 accusatione.
1250 1333 1334 1409 Quid

148 1460 285 1526 iubeant
302 1461 394 1546 leges
416 1462 594 1526 canonicae
617 1461 760 1526 dicemus
773 1461 809 1525 in
827 1465 931 1544 parte
953 1461 1103 1544 speciali.

245 1585 320 1649 114.
344 1586 391 1650 At
405 1584 500 1649 modo
518 1605 709 1670 comparare
732 1587 821 1651 iuvat
836 1585 924 1650 inter
938 1606 975 1650 ee
990 1585 1136 1650 diversas
1151 1585 1331 1667 qualitates,

148 1709 269 1793 quibus
292 1710 444 1795 periodus
466 1711 687 1795 inquisita-ia
706 1709 915 1796 distinguitur
937 1709 977 1775 ab
1001 1709 1223 1776 ouanoiori'o.
1251 1743 1268 1756 ·
1295 1709 1334 1794 tn

148 1836 372 1920 moquiisitione
393 1842 545 1902 servatur
562 1835 744 1902 absolutum
758 1836 927 1902 secretii'in
941 1838 1031 1900 circa
1047 1834 1165 1900 indicia
1180 1839 1238 1900 aut
1255 1853 1332 1918 pro-

150 1961 303 2026 bationes
313 1981 380 2025 non
391 1961 633 2046 patefaciendus
647 1963 707 2046 ipsi
723 1963 885 2046 inquisito.
906 1960 983 2026 Inde
999 1960 1054 2024 bio
1069 1937 1160 2040 solet,
1173 1959 1335 2044 pendente

148 2088 370 2170 inquisitione,
395 2087 533 2153 detineri
556 2088 590 2151 in
615 2106 752 2152 carcere
773 2091 830 2151 aut
844 2086 924 2151 alias
941 2088 1109 2171 segregari
1127 2105 1169 2148 ne
1184 2083 1335 2150 deturbet

149 2212 378 2295 inquisitionis-
392 2213 570 2292 tramitem,
582 2212 711 2296 qnando
725 2231 843 2297 nempe
866 2212 950 2276 haec
965 2211 1083 2276 iudicia
1105 2211 1201 2276 hodie
1217 2211 1332 2276 instau-

150 2342 273 2399 rantur
294 2355 317 2399 a
345 2335 432 2400 laica
460 2340 636 2420 potestate;
667 2355 742 2400 nam
774 2337 807 2398 in
834 2334 935 2399 curiis
960 2335 1187 2400 ecclesiasticis
1211 2332 1335 2399 obtinet

150 2459 324 2524 dumtaxat
356 2461 519 2543 inquisitio
552 2465 699 2531 secreta,
723 2465 874 2526 atcania
908 2463 1061 2538 curatur,
1093 2473 1135 2523 ue
1164 2459 1336 2541 inquisitus

151 2584 348 2669 detorqueat
370 2591 426 2649 ant
448 2584 601 2669 impediat
622 2584 737 2649 iudicis
753 2586 1040 2667 perscrutationes.
1068 2618 1085 2631 -
1110 2580 1334 2656 Probationes‚

150 2715 348 2796 argumenta
363 2715 406 2774 et
429 2711 636 2793 inquisitione
659 2710 806 2782 collecta,
822 2709 958 2791 scriptis
978 2710 1218 2793 consignantur.
1236 2742 1249 2757 ·
1267 2707 1334 2771 ves

150 2830 237 2899 rum'
251 2834 337 2898 haec
368 2853 434 2897 non
465 2832 591 2899 directe
621 2834 804 2918 comparari
842 2832 949 2897 solent
976 2831 1016 2897 ab
1043 2834 1112 2917 ipso
1134 2836 1333 2914 promotore

149 2958 395 3043 licentiaeque
422 2976 444 3021 a
472 2956 579 3026 indice
609 2959 665 3041 qni
697 2958 892 3022 sententiam
928 2955 1014 3021 feret
1042 2956 1251 3041 definitivam
1276 2952 1332 3039 (l).

151 3082 207 3147 sed
222 3104 243 3146 a
261 3082 377 3148 iiidice
398 3084 602 3150 instinctore
624 3084 677 3166 qui
699 3059 1031 3166 tamenpotissimum
1056 3083 1123 3167 agit
1146 3080 1186 3145 ad
1211 3083 1335 3148 instan-

151 3210 227 3273 tiam
259 3210 466 3293 piomotoris.
495 3209 567 3273 Hac
597 3208 741 3281 ratione,
771 3208 932 3292 inquisitio
962 3214 1011 3273 est
1041 3209 1142 3293 magis
1166 3212 1333 3273 remotas

152 3332 395 3418 suspicionibus.
420 3334 535 3417 quibus
555 3334 643 3399 forte
666 3332 761 3399 fieret
782 3335 872 3399 locus
890 3334 929 3397 ob
949 3341 1110 3400 secretum
1135 3352 1332 3417 processum.

152 3456 232 3520 Nam
256 3476 332 3521 cum
356 3456 440 3521 alins
463 3459 505 3522 sit
527 3459 580 3541 qui
605 3456 810 3543 probationes
834 3464 1010 3543 comparat,
1027 3458 1109 3522 alius
1137 3459 1191 3541 qui
1216 3456 1333 3541 proba·

155 3582 256 3645 tiones
279 3582 437 3647 collectas
461 3580 580 3662 obiicit,
596 3587 706 3667 utpote
728 3588 917 3663 accinatur,
941 3603 998 3646 seu
1023 3586 1188 3666 promotor
1203 3580 1333 3655 fiscalis,

157 3712 186 3771 et
206 3707 290 3770 atius
314 3706 369 3789 qui
393 3724 436 3769 ex
458 3707 540 3771 actis
564 3712 597 3770 et
619 3706 763 3791 probatis
786 3708 980 3771 sententiam
1006 3706 1072 3770 edit
1093 3708 1332 3774 condemnato-

156 3832 244 3896 riam
257 3838 315 3896 ant
330 3831 585 3905 absolatoitann
603 3832 758 3898 eiusmodi
775 3832 1000 3918 probationum
1017 3838 1209 3917 argumenta
1231 3834 1333 3896 maio-

158 3975 221 4020 rem
237 3954 296 4021 sibi
314 3946 490 4021 conciliant
512 3954 607 4020 fidem
631 3956 717 4041 apud
740 3956 895 4020 honestos
912 3958 999 4021 ciues
1019 3962 1052 4021 et
1076 3958 1177 4041 magis
1193 3954 1334 4020 reddunt

237 4149 277 4219 (l)
295 4152 430 4203 Attamen
449 4148 528 4203 salva
541 4149 636 4203 iudicii
650 4152 819 4216 substantia,
832 4152 891 4220 ipse
906 4151 996 4216 iudex,
1010 4152 1056 4222 qui
1071 4152 1239 4206 sententiam
1253 4154 1333 4219 teret,

160 4267 239 4319 igere
257 4261 349 4322 posset
371 4261 465 4324 partes
482 4257 584 4309 indicis
607 4257 799 4319 instructoris,
826 4274 895 4327 quas
921 4263 1013 4311 tamen
1040 4258 1153 4326 explere
1181 4276 1234 4311 non
1257 4258 1334 4313 vetet

162 4356 300 4414 Promotou
318 4361 445 4427 Fiscaiis,
463 4364 530 4432 quia
558 4379 613 4416 non
640 4362 726 4417 habet
755 4380 806 4417 nec
830 4364 950 4417 mixtam
970 4367 1129 4434 imperinm.
1150 4364 1204 4419 Cfr.
1226 4366 1287 4419 Vol.
1308 4367 1336 4421 li

162 4479 188 4516 n.
199 4465 232 4517 42
248 4482 303 4538 seq.
