<?xml version="1.0" encoding="UTF-8"?>
<!DOCTYPE html PUBLIC "-//W3C//DTD XHTML 1.0 Transitional//EN"
    "http://www.w3.org/TR/xhtml1/DTD/xhtml1-transitional.dtd">
<html xmlns="http://www.w3.org/1999/xhtml" xml:lang="en" lang="en">
 <head>
  <title>
</title>
<meta http-equiv="Content-Type" content="text/html;charset=utf-8" />
  <meta name='ocr-system' content='tesseract 3.04.00' />
  <meta name='ocr-capabilities' content='ocr_page ocr_carea ocr_par ocr_line ocrx_word'/>
</head>
<body>
  <div class='ocr_page' id='page_1' title='image "./praelectionesin00legagoog_0463.png"; bbox 0 0 3350 5100; ppageno 0'>
   <div class='ocr_carea' id='block_1_1' title="bbox 414 313 1337 381">
    <p class='ocr_par' dir='ltr' id='par_1_1' title="bbox 414 313 1337 381">
     <span class='ocr_line' id='line_1_1' title="bbox 414 313 1337 381; baseline -0.002 -1"><span class='ocrx_word' id='word_1_1' title='bbox 414 335 458 380; x_wconf 80' lang='lat' dir='ltr'>DE</span> <span class='ocrx_word' id='word_1_2' title='bbox 481 326 621 381; x_wconf 79' lang='lat' dir='ltr'>IHchllS</span> <span class='ocrx_word' id='word_1_3' title='bbox 645 332 888 381; x_wconf 69' lang='lat' dir='ltr'>calamannus</span> <span class='ocrx_word' id='word_1_4' title='bbox 913 333 946 378; x_wconf 79' lang='grc' dir='ltr'>ΙΝ</span> <span class='ocrx_word' id='word_1_5' title='bbox 971 332 1087 379; x_wconf 82' lang='lat' dir='ltr'>SPEClE</span> <span class='ocrx_word' id='word_1_6' title='bbox 1275 313 1337 379; x_wconf 74' lang='lat'>461</span> 
     </span>
    </p>
   </div>
   <div class='ocr_carea' id='block_1_2' title="bbox 162 451 1341 789">
    <p class='ocr_par' dir='ltr' id='par_1_2' title="bbox 162 451 1341 789">
     <span class='ocr_line' id='line_1_2' title="bbox 162 451 1341 542; baseline -0.001 -22"><span class='ocrx_word' id='word_1_7' title='bbox 162 458 376 542; x_wconf 74' lang='lat' dir='ltr'>respicientes</span> <span class='ocrx_word' id='word_1_8' title='bbox 390 453 618 540; x_wconf 80' lang='lat' dir='ltr'>obligationem</span> <span class='ocrx_word' id='word_1_9' title='bbox 634 454 870 538; x_wconf 72' lang='lat' dir='ltr'>sponsalitiam</span> <span class='ocrx_word' id='word_1_10' title='bbox 894 473 913 518; x_wconf 89' lang='lat' dir='ltr'>e</span> <span class='ocrx_word' id='word_1_11' title='bbox 928 451 1129 539; x_wconf 83' lang='lat' dir='ltr'>sponsalibus</span> <span class='ocrx_word' id='word_1_12' title='bbox 1152 458 1266 527; x_wconf 84' lang='lat' dir='ltr'>ortam,</span> <span class='ocrx_word' id='word_1_13' title='bbox 1284 452 1341 519; x_wconf 88' lang='lat' dir='ltr'>sed</span> 
     </span>
     <span class='ocr_line' id='line_1_3' title="bbox 162 577 1341 666; baseline -0.003 -21"><span class='ocrx_word' id='word_1_14' title='bbox 162 582 266 666; x_wconf 88' lang='lat' dir='ltr'>ipsum</span> <span class='ocrx_word' id='word_1_15' title='bbox 289 580 485 645; x_wconf 87' lang='lat' dir='ltr'>sacramenti</span> <span class='ocrx_word' id='word_1_16' title='bbox 507 580 661 647; x_wconf 70' lang='lat' dir='ltr'>vatam</span> <span class='ocrx_word' id='word_1_17' title='bbox 684 578 803 662; x_wconf 88' lang='lat' dir='ltr'>aliquid</span> <span class='ocrx_word' id='word_1_18' title='bbox 827 578 994 664; x_wconf 88' lang='lat' dir='ltr'>singulare</span> <span class='ocrx_word' id='word_1_19' title='bbox 1009 577 1143 653; x_wconf 86' lang='lat' dir='ltr'>habent;</span> <span class='ocrx_word' id='word_1_20' title='bbox 1165 596 1240 643; x_wconf 91' lang='lat' dir='ltr'>nam</span> <span class='ocrx_word' id='word_1_21' title='bbox 1264 596 1341 663; x_wconf 88' lang='lat' dir='ltr'>gra-</span> 
     </span>
     <span class='ocr_line' id='line_1_4' title="bbox 163 700 1341 789; baseline -0.002 -20"><span class='ocrx_word' id='word_1_22' title='bbox 163 705 327 770; x_wconf 79' lang='lat' dir='ltr'>vissimum</span> <span class='ocrx_word' id='word_1_23' title='bbox 354 706 523 771; x_wconf 80' lang='lat' dir='ltr'>continent</span> <span class='ocrx_word' id='word_1_24' title='bbox 543 704 706 789; x_wconf 84' lang='lat' dir='ltr'>negotium</span> <span class='ocrx_word' id='word_1_25' title='bbox 731 705 893 789; x_wconf 87' lang='lat' dir='ltr'>attingens</span> <span class='ocrx_word' id='word_1_26' title='bbox 916 701 1035 767; x_wconf 90' lang='lat' dir='ltr'>bonum</span> <span class='ocrx_word' id='word_1_27' title='bbox 1059 700 1231 787; x_wconf 91' lang='lat' dir='ltr'>publicum,</span> <span class='ocrx_word' id='word_1_28' title='bbox 1255 701 1341 767; x_wconf 90' lang='lat' dir='ltr'>unde</span> 
     </span>
    </p>
   </div>
   <div class='ocr_carea' id='block_1_3' title="bbox 164 814 1447 913">
    <p class='ocr_par' dir='ltr' id='par_1_3' title="bbox 164 814 1447 913">
     <span class='ocr_line' id='line_1_5' title="bbox 164 814 1447 913; baseline -0.003 -18"><span class='ocrx_word' id='word_1_29' title='bbox 164 831 197 895; x_wconf 90' lang='lat' dir='ltr'>in</span> <span class='ocrx_word' id='word_1_30' title='bbox 215 848 274 895; x_wconf 86' lang='lat' dir='ltr'>sua</span> <span class='ocrx_word' id='word_1_31' title='bbox 290 830 484 894; x_wconf 72' lang='lat' dir='ltr'>tractatione</span> <span class='ocrx_word' id='word_1_32' title='bbox 500 832 732 913; x_wconf 89' lang='lat' dir='ltr'>comparantur</span> <span class='ocrx_word' id='word_1_33' title='bbox 747 829 853 893; x_wconf 84' lang='lat' dir='ltr'>causis</span> <span class='ocrx_word' id='word_1_34' title='bbox 869 826 1113 901; x_wconf 63' lang='lat' dir='ltr'>admirantibus,</span> <span class='ocrx_word' id='word_1_35' title='bbox 1127 826 1249 891; x_wconf 87' lang='lat' dir='ltr'>adscito</span> <span class='ocrx_word' id='word_1_36' title='bbox 1265 846 1343 912; x_wconf 91' lang='lat' dir='ltr'>pro·</span> <span class='ocrx_word' id='word_1_37' title='bbox 1444 814 1447 819; x_wconf 61' lang='grc'>’</span> 
     </span>
    </p>
   </div>
   <div class='ocr_carea' id='block_1_4' title="bbox 163 951 1342 1164">
    <p class='ocr_par' dir='ltr' id='par_1_4' title="bbox 163 951 1342 1164">
     <span class='ocr_line' id='line_1_6' title="bbox 163 951 1342 1038; baseline -0.003 -17"><span class='ocrx_word' id='word_1_38' title='bbox 163 961 238 1021; x_wconf 92' lang='lat' dir='ltr'>mot.</span> <span class='ocrx_word' id='word_1_39' title='bbox 263 951 376 1021; x_wconf 85' lang='lat' dir='ltr'>fiscali.</span> <span class='ocrx_word' id='word_1_40' title='bbox 401 953 470 1017; x_wconf 91' lang='lat' dir='ltr'>lmo</span> <span class='ocrx_word' id='word_1_41' title='bbox 493 953 584 1019; x_wconf 90' lang='lat' dir='ltr'>hisce</span> <span class='ocrx_word' id='word_1_42' title='bbox 599 954 768 1038; x_wconf 60' lang='lat' dir='ltr'>martores</span> <span class='ocrx_word' id='word_1_43' title='bbox 782 958 874 1029; x_wconf 92' lang='lat' dir='ltr'>suut;</span> <span class='ocrx_word' id='word_1_44' title='bbox 898 972 1000 1036; x_wconf 84' lang='lat' dir='ltr'>quare</span> <span class='ocrx_word' id='word_1_45' title='bbox 1019 952 1190 1017; x_wconf 90' lang='lat' dir='ltr'>nonnullas</span> <span class='ocrx_word' id='word_1_46' title='bbox 1212 955 1342 1019; x_wconf 89' lang='lat' dir='ltr'>omnino</span> 
     </span>
     <span class='ocr_line' id='line_1_7' title="bbox 164 1062 1316 1164; baseline -0.002 -19"><span class='ocrx_word' id='word_1_47' title='bbox 164 1078 347 1164; x_wconf 76' lang='lat' dir='ltr'>singulares</span> <span class='ocrx_word' id='word_1_48' title='bbox 369 1076 492 1145; x_wconf 88' lang='lat' dir='ltr'>habent</span> <span class='ocrx_word' id='word_1_49' title='bbox 513 1096 645 1141; x_wconf 89' lang='lat' dir='ltr'>normas</span> <span class='ocrx_word' id='word_1_50' title='bbox 667 1096 840 1162; x_wconf 83' lang='lat' dir='ltr'>processus</span> <span class='ocrx_word' id='word_1_51' title='bbox 862 1084 896 1143; x_wconf 91' lang='lat' dir='ltr'>et</span> <span class='ocrx_word' id='word_1_52' title='bbox 910 1078 970 1143; x_wconf 89' lang='lat' dir='ltr'>has</span> <span class='ocrx_word' id='word_1_53' title='bbox 992 1076 1086 1143; x_wconf 89' lang='lat' dir='ltr'>modo</span> <span class='ocrx_word' id='word_1_54' title='bbox 1110 1062 1316 1162; x_wconf 83' lang='lat' dir='ltr'>exponemus.</span> 
     </span>
    </p>
   </div>
   <div class='ocr_carea' id='block_1_5' title="bbox 227 1201 1471 1287">
    <p class='ocr_par' dir='ltr' id='par_1_5' title="bbox 227 1201 1471 1287">
     <span class='ocr_line' id='line_1_8' title="bbox 227 1201 1471 1287; baseline 0.001 -21"><span class='ocrx_word' id='word_1_55' title='bbox 227 1224 230 1231; x_wconf 94' lang='lat'>·</span> <span class='ocrx_word' id='word_1_56' title='bbox 253 1202 331 1271; x_wconf 80' lang='lat'>417.</span> <span class='ocrx_word' id='word_1_57' title='bbox 355 1201 502 1269; x_wconf 86' lang='lat' dir='ltr'>Historia</span> <span class='ocrx_word' id='word_1_58' title='bbox 523 1202 605 1268; x_wconf 89' lang='lat' dir='ltr'>iuris</span> <span class='ocrx_word' id='word_1_59' title='bbox 624 1222 695 1268; x_wconf 90' lang='lat' dir='ltr'>can.</span> <span class='ocrx_word' id='word_1_60' title='bbox 713 1201 817 1284; x_wconf 77' lang='lat' dir='ltr'>docet,</span> <span class='ocrx_word' id='word_1_61' title='bbox 842 1222 1004 1287; x_wconf 89' lang='lat' dir='ltr'>nunquam</span> <span class='ocrx_word' id='word_1_62' title='bbox 1027 1203 1217 1287; x_wconf 77' lang='lat' dir='ltr'>permissum</span> <span class='ocrx_word' id='word_1_63' title='bbox 1242 1201 1342 1267; x_wconf 85' lang='lat' dir='ltr'>luisse</span> <span class='ocrx_word' id='word_1_64' title='bbox 1465 1264 1471 1279; x_wconf 84' lang='grc'><strong>,</strong></span> 
     </span>
    </p>
   </div>
   <div class='ocr_carea' id='block_1_6' title="bbox 146 1323 1346 3902">
    <p class='ocr_par' dir='ltr' id='par_1_6' title="bbox 146 1323 1346 3902">
     <span class='ocr_line' id='line_1_9' title="bbox 165 1323 1340 1413; baseline -0.003 -19"><span class='ocrx_word' id='word_1_65' title='bbox 165 1329 360 1401; x_wconf 82' lang='lat' dir='ltr'>christianis.</span> <span class='ocrx_word' id='word_1_66' title='bbox 391 1324 480 1413; x_wconf 76' lang='lat' dir='ltr'>(urg.</span> <span class='ocrx_word' id='word_1_67' title='bbox 508 1346 583 1392; x_wconf 82' lang='lat' dir='ltr'>cen.</span> <span class='ocrx_word' id='word_1_68' title='bbox 607 1325 666 1408; x_wconf 76' lang='grc'>48,</span> <span class='ocrx_word' id='word_1_69' title='bbox 689 1326 807 1410; x_wconf 82' lang='lat' dir='ltr'>Apost.</span> <span class='ocrx_word' id='word_1_70' title='bbox 831 1332 863 1393; x_wconf 88' lang='lat' dir='ltr'>et</span> <span class='ocrx_word' id='word_1_71' title='bbox 886 1346 912 1393; x_wconf 87' lang='lat' dir='ltr'>o.</span> <span class='ocrx_word' id='word_1_72' title='bbox 938 1346 966 1393; x_wconf 91' lang='lat' dir='ltr'>c.</span> <span class='ocrx_word' id='word_1_73' title='bbox 990 1327 1019 1408; x_wconf 88' lang='lat'>1,</span> <span class='ocrx_word' id='word_1_74' title='bbox 1044 1325 1077 1401; x_wconf 90' lang='lat'>3,</span> <span class='ocrx_word' id='word_1_75' title='bbox 1102 1326 1136 1407; x_wconf 82' lang='grc'>4,</span> <span class='ocrx_word' id='word_1_76' title='bbox 1167 1344 1259 1393; x_wconf 85' lang='lat' dir='ltr'>caus.</span> <span class='ocrx_word' id='word_1_77' title='bbox 1281 1323 1340 1408; x_wconf 86' lang='lat'>33,</span> 
     </span>
     <span class='ocr_line' id='line_1_10' title="bbox 165 1451 1343 1539; baseline -0.002 -20"><span class='ocrx_word' id='word_1_78' title='bbox 165 1473 196 1539; x_wconf 81' lang='lat' dir='ltr'>q.</span> <span class='ocrx_word' id='word_1_79' title='bbox 220 1452 270 1539; x_wconf 82' lang='lat'>2),</span> <span class='ocrx_word' id='word_1_80' title='bbox 293 1451 452 1517; x_wconf 86' lang='lat' dir='ltr'>arbitratu</span> <span class='ocrx_word' id='word_1_81' title='bbox 474 1471 542 1528; x_wconf 89' lang='lat' dir='ltr'>suo,</span> <span class='ocrx_word' id='word_1_82' title='bbox 566 1452 743 1517; x_wconf 89' lang='lat' dir='ltr'>dissolvere</span> <span class='ocrx_word' id='word_1_83' title='bbox 765 1454 1025 1536; x_wconf 72' lang='lat' dir='ltr'>inperpetuum</span> <span class='ocrx_word' id='word_1_84' title='bbox 1049 1454 1135 1520; x_wconf 88' lang='lat' dir='ltr'>vitae</span> <span class='ocrx_word' id='word_1_85' title='bbox 1165 1452 1343 1538; x_wconf 85' lang='lat' dir='ltr'>coniugalis</span> 
     </span>
     <span class='ocr_line' id='line_1_11' title="bbox 165 1577 1343 1664; baseline -0.002 -19"><span class='ocrx_word' id='word_1_86' title='bbox 165 1577 439 1652; x_wconf 87' lang='lat' dir='ltr'>consuetudinem,</span> <span class='ocrx_word' id='word_1_87' title='bbox 456 1578 514 1643; x_wconf 85' lang='lat' dir='ltr'>etsi</span> <span class='ocrx_word' id='word_1_88' title='bbox 534 1577 792 1662; x_wconf 87' lang='lat' dir='ltr'>impedimentum</span> <span class='ocrx_word' id='word_1_89' title='bbox 810 1578 977 1644; x_wconf 71' lang='lat' dir='ltr'>dirimens</span> <span class='ocrx_word' id='word_1_90' title='bbox 999 1580 1033 1643; x_wconf 92' lang='lat' dir='ltr'>in</span> <span class='ocrx_word' id='word_1_91' title='bbox 1055 1578 1200 1664; x_wconf 89' lang='lat' dir='ltr'>probatis</span> <span class='ocrx_word' id='word_1_92' title='bbox 1222 1579 1343 1643; x_wconf 83' lang='lat' dir='ltr'>existe·</span> 
     </span>
     <span class='ocr_line' id='line_1_12' title="bbox 164 1699 1341 1787; baseline -0.001 -22"><span class='ocrx_word' id='word_1_93' title='bbox 164 1706 226 1774; x_wconf 88' lang='lat' dir='ltr'>ret,</span> <span class='ocrx_word' id='word_1_94' title='bbox 250 1705 308 1767; x_wconf 89' lang='lat' dir='ltr'>aut</span> <span class='ocrx_word' id='word_1_95' title='bbox 329 1720 412 1785; x_wconf 90' lang='lat' dir='ltr'>pene</span> <span class='ocrx_word' id='word_1_96' title='bbox 435 1704 520 1765; x_wconf 90' lang='lat' dir='ltr'>esset</span> <span class='ocrx_word' id='word_1_97' title='bbox 543 1701 720 1775; x_wconf 80' lang='lat' dir='ltr'>notorium3</span> <span class='ocrx_word' id='word_1_98' title='bbox 752 1705 808 1767; x_wconf 91' lang='lat' dir='ltr'>aut</span> <span class='ocrx_word' id='word_1_99' title='bbox 830 1699 1031 1787; x_wconf 87' lang='lat' dir='ltr'>coniugalem</span> <span class='ocrx_word' id='word_1_100' title='bbox 1063 1702 1341 1767; x_wconf 86' lang='lat' dir='ltr'>conversationem</span> 
     </span>
     <span class='ocr_line' id='line_1_13' title="bbox 146 1823 1342 1909; baseline -0.002 -20"><span class='ocrx_word' id='word_1_101' title='bbox 146 1823 380 1890; x_wconf 84' lang='lat' dir='ltr'>&#39;intermittere</span> <span class='ocrx_word' id='word_1_102' title='bbox 410 1844 469 1909; x_wconf 91' lang='lat' dir='ltr'>per</span> <span class='ocrx_word' id='word_1_103' title='bbox 493 1826 728 1909; x_wconf 87' lang='lat' dir='ltr'>separationem</span> <span class='ocrx_word' id='word_1_104' title='bbox 758 1823 862 1908; x_wconf 88' lang='lat' dir='ltr'>quoad</span> <span class='ocrx_word' id='word_1_105' title='bbox 886 1830 993 1890; x_wconf 89' lang='lat' dir='ltr'>torum</span> <span class='ocrx_word' id='word_1_106' title='bbox 1017 1829 1050 1890; x_wconf 89' lang='lat' dir='ltr'>et</span> <span class='ocrx_word' id='word_1_107' title='bbox 1072 1823 1342 1890; x_wconf 88' lang='lat' dir='ltr'>cohabitationem</span> 
     </span>
     <span class='ocr_line' id='line_1_14' title="bbox 165 1948 1343 2035; baseline 0 -22"><span class='ocrx_word' id='word_1_108' title='bbox 165 1951 224 2014; x_wconf 89' lang='lat' dir='ltr'>etsi</span> <span class='ocrx_word' id='word_1_109' title='bbox 247 1967 347 2014; x_wconf 88' lang='lat' dir='ltr'>causa</span> <span class='ocrx_word' id='word_1_110' title='bbox 376 1948 536 2035; x_wconf 78' lang='lat' dir='ltr'>legitima,</span> <span class='ocrx_word' id='word_1_111' title='bbox 568 1954 681 2033; x_wconf 88' lang='lat' dir='ltr'>utputa</span> <span class='ocrx_word' id='word_1_112' title='bbox 706 1949 928 2030; x_wconf 66' lang='lat' dir='ltr'>adsultatum,</span> <span class='ocrx_word' id='word_1_113' title='bbox 959 1950 1045 2015; x_wconf 88' lang='lat' dir='ltr'>ultro</span> <span class='ocrx_word' id='word_1_114' title='bbox 1075 1948 1343 2015; x_wconf 87' lang='lat' dir='ltr'>admitteretura</span> 
     </span>
     <span class='ocr_line' id='line_1_15' title="bbox 166 2072 1343 2161; baseline -0.003 -20"><span class='ocrx_word' id='word_1_115' title='bbox 166 2077 303 2161; x_wconf 89' lang='lat' dir='ltr'>coniuge</span> <span class='ocrx_word' id='word_1_116' title='bbox 333 2074 464 2140; x_wconf 89' lang='lat' dir='ltr'>infideli.</span> <span class='ocrx_word' id='word_1_117' title='bbox 499 2075 579 2139; x_wconf 90' lang='lat' dir='ltr'>Nam</span> <span class='ocrx_word' id='word_1_118' title='bbox 610 2074 728 2139; x_wconf 88' lang='lat' dir='ltr'>barum</span> <span class='ocrx_word' id='word_1_119' title='bbox 761 2094 931 2141; x_wconf 86' lang='lat' dir='ltr'>causarum</span> <span class='ocrx_word' id='word_1_120' title='bbox 966 2077 1106 2159; x_wconf 85' lang='lat' dir='ltr'>cognitio</span> <span class='ocrx_word' id='word_1_121' title='bbox 1138 2080 1171 2142; x_wconf 87' lang='lat' dir='ltr'>et</span> <span class='ocrx_word' id='word_1_122' title='bbox 1201 2072 1343 2140; x_wconf 83' lang='lat' dir='ltr'>definitio</span> 
     </span>
     <span class='ocr_line' id='line_1_16' title="bbox 165 2196 1343 2283; baseline -0.001 -18"><span class='ocrx_word' id='word_1_123' title='bbox 165 2205 334 2266; x_wconf 85' lang='lat' dir='ltr'>reservata</span> <span class='ocrx_word' id='word_1_124' title='bbox 355 2204 406 2265; x_wconf 90' lang='lat' dir='ltr'>est</span> <span class='ocrx_word' id='word_1_125' title='bbox 428 2198 523 2264; x_wconf 89' lang='lat' dir='ltr'>iudici</span> <span class='ocrx_word' id='word_1_126' title='bbox 547 2199 776 2265; x_wconf 88' lang='lat' dir='ltr'>ecclesiastico.</span> <span class='ocrx_word' id='word_1_127' title='bbox 803 2199 820 2248; x_wconf 93' lang='lat'>-&#39;</span> <span class='ocrx_word' id='word_1_128' title='bbox 847 2199 982 2280; x_wconf 86' lang='lat' dir='ltr'>Verum,</span> <span class='ocrx_word' id='word_1_129' title='bbox 1006 2219 1048 2265; x_wconf 88' lang='lat' dir='ltr'>ne</span> <span class='ocrx_word' id='word_1_130' title='bbox 1071 2196 1127 2265; x_wconf 87' lang='lat' dir='ltr'>fiat</span> <span class='ocrx_word' id='word_1_131' title='bbox 1148 2200 1343 2283; x_wconf 87' lang='lat' dir='ltr'>aequivoca·</span> 
     </span>
     <span class='ocr_line' id='line_1_17' title="bbox 164 2319 1343 2409; baseline -0.004 -19"><span class='ocrx_word' id='word_1_132' title='bbox 164 2325 221 2404; x_wconf 86' lang='lat' dir='ltr'>tib,</span> <span class='ocrx_word' id='word_1_133' title='bbox 237 2322 462 2409; x_wconf 87' lang='lat' dir='ltr'>distinguenda</span> <span class='ocrx_word' id='word_1_134' title='bbox 484 2328 560 2388; x_wconf 90' lang='lat' dir='ltr'>suut</span> <span class='ocrx_word' id='word_1_135' title='bbox 582 2324 663 2394; x_wconf 88' lang='lat' dir='ltr'>iura,</span> <span class='ocrx_word' id='word_1_136' title='bbox 681 2342 764 2405; x_wconf 90' lang='lat' dir='ltr'>quae</span> <span class='ocrx_word' id='word_1_137' title='bbox 783 2327 856 2388; x_wconf 89' lang='lat' dir='ltr'>sunt</span> <span class='ocrx_word' id='word_1_138' title='bbox 881 2319 975 2387; x_wconf 82' lang='lat' dir='ltr'>firma</span> <span class='ocrx_word' id='word_1_139' title='bbox 990 2327 1022 2389; x_wconf 87' lang='lat' dir='ltr'>et</span> <span class='ocrx_word' id='word_1_140' title='bbox 1036 2321 1255 2387; x_wconf 85' lang='lat' dir='ltr'>inalienabilia</span> <span class='ocrx_word' id='word_1_141' title='bbox 1278 2340 1343 2385; x_wconf 91' lang='lat' dir='ltr'>non</span> 
     </span>
     <span class='ocr_line' id='line_1_18' title="bbox 165 2444 1342 2533; baseline -0.001 -22"><span class='ocrx_word' id='word_1_142' title='bbox 165 2449 271 2513; x_wconf 89' lang='lat' dir='ltr'>minus</span> <span class='ocrx_word' id='word_1_143' title='bbox 286 2466 380 2532; x_wconf 87' lang='lat' dir='ltr'>quam</span> <span class='ocrx_word' id='word_1_144' title='bbox 397 2449 486 2533; x_wconf 87' lang='lat' dir='ltr'>ipsae</span> <span class='ocrx_word' id='word_1_145' title='bbox 499 2446 713 2532; x_wconf 79' lang='lat' dir='ltr'>obligationes</span> <span class='ocrx_word' id='word_1_146' title='bbox 735 2445 903 2512; x_wconf 82' lang='lat' dir='ltr'>derivatae</span> <span class='ocrx_word' id='word_1_147' title='bbox 917 2465 938 2511; x_wconf 89' lang='lat' dir='ltr'>a</span> <span class='ocrx_word' id='word_1_148' title='bbox 952 2447 1082 2513; x_wconf 84' lang='lat' dir='ltr'>vinculo</span> <span class='ocrx_word' id='word_1_149' title='bbox 1105 2444 1342 2525; x_wconf 87' lang='lat' dir='ltr'>sacramentali,</span> 
     </span>
     <span class='ocr_line' id='line_1_19' title="bbox 165 2571 1342 2658; baseline -0.002 -20"><span class='ocrx_word' id='word_1_150' title='bbox 165 2573 207 2638; x_wconf 88' lang='lat' dir='ltr'>ab</span> <span class='ocrx_word' id='word_1_151' title='bbox 221 2575 294 2638; x_wconf 92' lang='lat' dir='ltr'>aliis</span> <span class='ocrx_word' id='word_1_152' title='bbox 309 2572 441 2646; x_wconf 88' lang='lat' dir='ltr'>iuribus,</span> <span class='ocrx_word' id='word_1_153' title='bbox 459 2593 541 2658; x_wconf 88' lang='lat' dir='ltr'>quae</span> <span class='ocrx_word' id='word_1_154' title='bbox 560 2571 701 2638; x_wconf 85' lang='lat' dir='ltr'>obnoxia</span> <span class='ocrx_word' id='word_1_155' title='bbox 723 2579 798 2639; x_wconf 92' lang='lat' dir='ltr'>sunt</span> <span class='ocrx_word' id='word_1_156' title='bbox 820 2575 890 2639; x_wconf 82' lang='lat' dir='ltr'>sive</span> <span class='ocrx_word' id='word_1_157' title='bbox 913 2573 1122 2638; x_wconf 84' lang='lat' dir='ltr'>transactioni</span> <span class='ocrx_word' id='word_1_158' title='bbox 1138 2573 1206 2638; x_wconf 87' lang='lat' dir='ltr'>sive</span> <span class='ocrx_word' id='word_1_159' title='bbox 1223 2591 1342 2637; x_wconf 90' lang='lat' dir='ltr'>renun-</span> 
     </span>
     <span class='ocr_line' id='line_1_20' title="bbox 165 2695 1343 2781; baseline -0.002 -20"><span class='ocrx_word' id='word_1_160' title='bbox 165 2695 306 2762; x_wconf 86' lang='lat' dir='ltr'>ciationi.</span> <span class='ocrx_word' id='word_1_161' title='bbox 324 2695 514 2762; x_wconf 90' lang='lat' dir='ltr'>Huiusmodi</span> <span class='ocrx_word' id='word_1_162' title='bbox 537 2699 613 2760; x_wconf 89' lang='lat' dir='ltr'>sunt</span> <span class='ocrx_word' id='word_1_163' title='bbox 634 2697 708 2760; x_wconf 90' lang='lat' dir='ltr'>iura</span> <span class='ocrx_word' id='word_1_164' title='bbox 729 2695 952 2778; x_wconf 81' lang='lat' dir='ltr'>sponsalium,</span> <span class='ocrx_word' id='word_1_165' title='bbox 969 2695 1083 2779; x_wconf 89' lang='lat' dir='ltr'>quibus</span> <span class='ocrx_word' id='word_1_166' title='bbox 1102 2697 1210 2781; x_wconf 88' lang='lat' dir='ltr'>sponsi</span> <span class='ocrx_word' id='word_1_167' title='bbox 1225 2711 1343 2760; x_wconf 89' lang='lat' dir='ltr'>renun-</span> 
     </span>
     <span class='ocr_line' id='line_1_21' title="bbox 167 2821 1342 2906; baseline 0.001 -23"><span class='ocrx_word' id='word_1_168' title='bbox 167 2821 256 2886; x_wconf 88' lang='lat' dir='ltr'>ciare</span> <span class='ocrx_word' id='word_1_169' title='bbox 278 2826 421 2905; x_wconf 90' lang='lat' dir='ltr'>possunt,</span> <span class='ocrx_word' id='word_1_170' title='bbox 448 2821 672 2893; x_wconf 86' lang='lat' dir='ltr'>dissolventes,</span> <span class='ocrx_word' id='word_1_171' title='bbox 704 2823 815 2886; x_wconf 90' lang='lat' dir='ltr'>mutuo</span> <span class='ocrx_word' id='word_1_172' title='bbox 846 2840 1015 2896; x_wconf 90' lang='lat' dir='ltr'>consensu,</span> <span class='ocrx_word' id='word_1_173' title='bbox 1047 2821 1218 2906; x_wconf 85' lang='lat' dir='ltr'>sponsalia.</span> <span class='ocrx_word' id='word_1_174' title='bbox 1250 2823 1342 2892; x_wconf 88' lang='lat' dir='ltr'>Item,</span> 
     </span>
     <span class='ocr_line' id='line_1_22' title="bbox 167 2942 1345 3031; baseline 0.003 -23"><span class='ocrx_word' id='word_1_175' title='bbox 167 2942 322 3011; x_wconf 87' lang='lat' dir='ltr'>adversus</span> <span class='ocrx_word' id='word_1_176' title='bbox 344 2945 513 3031; x_wconf 88' lang='lat' dir='ltr'>coniugem</span> <span class='ocrx_word' id='word_1_177' title='bbox 533 2945 725 3018; x_wconf 88' lang='lat' dir='ltr'>adulterum,</span> <span class='ocrx_word' id='word_1_178' title='bbox 741 2947 898 3012; x_wconf 89' lang='lat' dir='ltr'>innocens</span> <span class='ocrx_word' id='word_1_179' title='bbox 914 2948 1033 3012; x_wconf 84' lang='lat' dir='ltr'>coniux</span> <span class='ocrx_word' id='word_1_180' title='bbox 1050 2947 1098 3012; x_wconf 90' lang='lat' dir='ltr'>ius</span> <span class='ocrx_word' id='word_1_181' title='bbox 1114 2946 1213 3012; x_wconf 87' lang='lat' dir='ltr'>babet</span> <span class='ocrx_word' id='word_1_182' title='bbox 1227 2947 1345 3011; x_wconf 87' lang='lat' dir='ltr'>instau-</span> 
     </span>
     <span class='ocr_line' id='line_1_23' title="bbox 168 3067 1343 3140; baseline 0.003 -8"><span class='ocrx_word' id='word_1_183' title='bbox 168 3067 261 3133; x_wconf 89' lang='lat' dir='ltr'>randi</span> <span class='ocrx_word' id='word_1_184' title='bbox 284 3070 467 3136; x_wconf 87' lang='lat' dir='ltr'>instantiam</span> <span class='ocrx_word' id='word_1_185' title='bbox 492 3069 688 3138; x_wconf 71' lang='lat' dir='ltr'>iudicialem</span> <span class='ocrx_word' id='word_1_186' title='bbox 718 3069 759 3136; x_wconf 93' lang='lat' dir='ltr'>ad</span> <span class='ocrx_word' id='word_1_187' title='bbox 790 3070 994 3136; x_wconf 89' lang='lat' dir='ltr'>obtinendam</span> <span class='ocrx_word' id='word_1_188' title='bbox 1027 3072 1093 3140; x_wconf 75' lang='lat' dir='ltr'>tort</span> <span class='ocrx_word' id='word_1_189' title='bbox 1115 3075 1148 3136; x_wconf 88' lang='lat' dir='ltr'>et</span> <span class='ocrx_word' id='word_1_190' title='bbox 1174 3069 1343 3140; x_wconf 76' lang='lat' dir='ltr'>cohabito·</span> 
     </span>
     <span class='ocr_line' id='line_1_24' title="bbox 168 3173 1345 3279; baseline 0.002 -19"><span class='ocrx_word' id='word_1_191' title='bbox 168 3194 268 3260; x_wconf 74' lang='lat' dir='ltr'>tionis</span> <span class='ocrx_word' id='word_1_192' title='bbox 289 3195 544 3279; x_wconf 66' lang='lat' dir='ltr'>separationem</span> <span class='ocrx_word' id='word_1_193' title='bbox 575 3193 632 3260; x_wconf 91' lang='lat' dir='ltr'>sed</span> <span class='ocrx_word' id='word_1_194' title='bbox 657 3195 735 3260; x_wconf 88' lang='lat' dir='ltr'>huic</span> <span class='ocrx_word' id='word_1_195' title='bbox 761 3196 825 3259; x_wconf 85' lang='lat' dir='ltr'>iuri</span> <span class='ocrx_word' id='word_1_196' title='bbox 855 3173 942 3260; x_wconf 82' lang='lat' dir='ltr'>valet</span> <span class='ocrx_word' id='word_1_197' title='bbox 973 3197 1169 3262; x_wconf 88' lang='lat' dir='ltr'>renunciare</span> <span class='ocrx_word' id='word_1_198' title='bbox 1191 3196 1244 3263; x_wconf 84' lang='lat' dir='ltr'>vel</span> <span class='ocrx_word' id='word_1_199' title='bbox 1268 3200 1345 3262; x_wconf 87' lang='lat' dir='ltr'>ante</span> 
     </span>
     <span class='ocr_line' id='line_1_25' title="bbox 167 3318 1345 3405; baseline 0.004 -23"><span class='ocrx_word' id='word_1_200' title='bbox 167 3319 361 3393; x_wconf 86' lang='lat' dir='ltr'>instantiam,</span> <span class='ocrx_word' id='word_1_201' title='bbox 386 3320 438 3384; x_wconf 81' lang='lat' dir='ltr'>vel</span> <span class='ocrx_word' id='word_1_202' title='bbox 462 3320 615 3384; x_wconf 88' lang='lat' dir='ltr'>instantia</span> <span class='ocrx_word' id='word_1_203' title='bbox 635 3321 699 3384; x_wconf 86' lang='lat' dir='ltr'>iam</span> <span class='ocrx_word' id='word_1_204' title='bbox 727 3318 888 3394; x_wconf 89' lang='lat' dir='ltr'>inchoata,</span> <span class='ocrx_word' id='word_1_205' title='bbox 917 3321 969 3384; x_wconf 82' lang='lat' dir='ltr'>vel</span> <span class='ocrx_word' id='word_1_206' title='bbox 992 3325 1159 3405; x_wconf 88' lang='lat' dir='ltr'>postquam</span> <span class='ocrx_word' id='word_1_207' title='bbox 1190 3321 1273 3387; x_wconf 90' lang='lat' dir='ltr'>istud</span> <span class='ocrx_word' id='word_1_208' title='bbox 1295 3323 1345 3387; x_wconf 88' lang='lat' dir='ltr'>ius</span> 
     </span>
     <span class='ocr_line' id='line_1_26' title="bbox 167 3441 1343 3530; baseline 0 -21"><span class='ocrx_word' id='word_1_209' title='bbox 167 3445 329 3510; x_wconf 87' lang='lat' dir='ltr'>sententia</span> <span class='ocrx_word' id='word_1_210' title='bbox 343 3441 508 3510; x_wconf 79' lang='lat' dir='ltr'>definitiva</span> <span class='ocrx_word' id='word_1_211' title='bbox 521 3445 583 3530; x_wconf 93' lang='lat' dir='ltr'>ipsi</span> <span class='ocrx_word' id='word_1_212' title='bbox 598 3443 813 3510; x_wconf 88' lang='lat' dir='ltr'>adiudicatum</span> <span class='ocrx_word' id='word_1_213' title='bbox 829 3443 899 3510; x_wconf 84' lang='lat' dir='ltr'>fuit.</span> <span class='ocrx_word' id='word_1_214' title='bbox 916 3447 977 3509; x_wconf 87' lang='lat' dir='ltr'>Ast</span> <span class='ocrx_word' id='word_1_215' title='bbox 992 3444 1032 3509; x_wconf 90' lang='lat' dir='ltr'>ad</span> <span class='ocrx_word' id='word_1_216' title='bbox 1056 3445 1148 3511; x_wconf 89' lang='lat' dir='ltr'>istam</span> <span class='ocrx_word' id='word_1_217' title='bbox 1165 3447 1343 3530; x_wconf 84' lang='lat' dir='ltr'>separatio-</span> 
     </span>
     <span class='ocr_line' id='line_1_27' title="bbox 167 3569 1344 3655; baseline 0.003 -20"><span class='ocrx_word' id='word_1_218' title='bbox 167 3589 242 3636; x_wconf 91' lang='lat' dir='ltr'>nem</span> <span class='ocrx_word' id='word_1_219' title='bbox 259 3569 343 3655; x_wconf 90' lang='lat' dir='ltr'>quod</span> <span class='ocrx_word' id='word_1_220' title='bbox 357 3571 482 3645; x_wconf 88' lang='lat' dir='ltr'>attinet,</span> <span class='ocrx_word' id='word_1_221' title='bbox 494 3570 590 3636; x_wconf 88' lang='lat' dir='ltr'>datur</span> <span class='ocrx_word' id='word_1_222' title='bbox 604 3571 781 3636; x_wconf 88' lang='lat' dir='ltr'>transactio</span> <span class='ocrx_word' id='word_1_223' title='bbox 796 3588 853 3635; x_wconf 89' lang='lat' dir='ltr'>sen</span> <span class='ocrx_word' id='word_1_224' title='bbox 869 3571 1043 3636; x_wconf 90' lang='lat' dir='ltr'>conventio</span> <span class='ocrx_word' id='word_1_225' title='bbox 1058 3569 1344 3638; x_wconf 67' lang='lat' dir='ltr'>inmansueta</span> 
     </span>
     <span class='ocr_line' id='line_1_28' title="bbox 167 3691 1346 3778; baseline -0.002 -21"><span class='ocrx_word' id='word_1_226' title='bbox 167 3692 244 3759; x_wconf 81' lang='lat' dir='ltr'>iure</span> <span class='ocrx_word' id='word_1_227' title='bbox 258 3692 299 3758; x_wconf 90' lang='lat' dir='ltr'>ad</span> <span class='ocrx_word' id='word_1_228' title='bbox 322 3695 569 3778; x_wconf 86' lang='lat' dir='ltr'>separationem,</span> <span class='ocrx_word' id='word_1_229' title='bbox 593 3691 650 3757; x_wconf 91' lang='lat' dir='ltr'>sed</span> <span class='ocrx_word' id='word_1_230' title='bbox 672 3693 849 3758; x_wconf 89' lang='lat' dir='ltr'>transactio</span> <span class='ocrx_word' id='word_1_231' title='bbox 872 3711 929 3758; x_wconf 90' lang='lat' dir='ltr'>seu</span> <span class='ocrx_word' id='word_1_232' title='bbox 953 3695 1123 3758; x_wconf 88' lang='lat' dir='ltr'>conventio</span> <span class='ocrx_word' id='word_1_233' title='bbox 1147 3713 1211 3757; x_wconf 90' lang='lat' dir='ltr'>non</span> <span class='ocrx_word' id='word_1_234' title='bbox 1234 3692 1346 3758; x_wconf 87' lang='lat' dir='ltr'>admit·</span> 
     </span>
     <span class='ocr_line' id='line_1_29' title="bbox 167 3816 1001 3902; baseline -0.001 -20"><span class='ocrx_word' id='word_1_235' title='bbox 167 3818 247 3882; x_wconf 93' lang='lat' dir='ltr'>titur</span> <span class='ocrx_word' id='word_1_236' title='bbox 270 3816 310 3882; x_wconf 90' lang='lat' dir='ltr'>ad</span> <span class='ocrx_word' id='word_1_237' title='bbox 334 3817 572 3902; x_wconf 87' lang='lat' dir='ltr'>separationem</span> <span class='ocrx_word' id='word_1_238' title='bbox 590 3821 797 3900; x_wconf 72' lang='lat' dir='ltr'>perpetuom</span> <span class='ocrx_word' id='word_1_239' title='bbox 818 3816 1001 3882; x_wconf 89' lang='lat' dir='ltr'>ineundam.</span> 
     </span>
    </p>
   </div>
   <div class='ocr_carea' id='block_1_7' title="bbox 168 3923 1381 4522">
    <p class='ocr_par' dir='ltr' id='par_1_7' title="bbox 168 3923 1345 4399">
     <span class='ocr_line' id='line_1_30' title="bbox 258 3923 1344 4027; baseline -0.002 -21"><span class='ocrx_word' id='word_1_240' title='bbox 258 3942 333 4007; x_wconf 77' lang='lat'>418.</span> <span class='ocrx_word' id='word_1_241' title='bbox 360 3940 550 4008; x_wconf 88' lang='lat' dir='ltr'>Huiusmodi</span> <span class='ocrx_word' id='word_1_242' title='bbox 574 3941 655 4014; x_wconf 87' lang='lat' dir='ltr'>iura,</span> <span class='ocrx_word' id='word_1_243' title='bbox 672 3961 755 4026; x_wconf 89' lang='lat' dir='ltr'>quae</span> <span class='ocrx_word' id='word_1_244' title='bbox 773 3959 839 4005; x_wconf 90' lang='lat' dir='ltr'>non</span> <span class='ocrx_word' id='word_1_245' title='bbox 856 3923 931 4006; x_wconf 85' lang='lat' dir='ltr'>sunt¹</span> <span class='ocrx_word' id='word_1_246' title='bbox 954 3941 1060 4006; x_wconf 88' lang='lat' dir='ltr'>aliena</span> <span class='ocrx_word' id='word_1_247' title='bbox 1082 3960 1102 4005; x_wconf 89' lang='lat' dir='ltr'>a</span> <span class='ocrx_word' id='word_1_248' title='bbox 1125 3941 1252 4027; x_wconf 87' lang='lat' dir='ltr'>privata</span> <span class='ocrx_word' id='word_1_249' title='bbox 1268 3959 1344 4004; x_wconf 89' lang='lat' dir='ltr'>con-</span> 
     </span>
     <span class='ocr_line' id='line_1_31' title="bbox 169 4067 1345 4153; baseline 0.001 -23"><span class='ocrx_word' id='word_1_250' title='bbox 169 4067 321 4132; x_wconf 87' lang='lat' dir='ltr'>ventione</span> <span class='ocrx_word' id='word_1_251' title='bbox 343 4067 494 4153; x_wconf 87' lang='lat' dir='ltr'>partium,</span> <span class='ocrx_word' id='word_1_252' title='bbox 514 4071 626 4151; x_wconf 92' lang='lat' dir='ltr'>utpote</span> <span class='ocrx_word' id='word_1_253' title='bbox 648 4085 731 4149; x_wconf 86' lang='lat' dir='ltr'>quae</span> <span class='ocrx_word' id='word_1_254' title='bbox 746 4071 856 4130; x_wconf 93' lang='lat' dir='ltr'>mutuo</span> <span class='ocrx_word' id='word_1_255' title='bbox 880 4085 1040 4132; x_wconf 87' lang='lat' dir='ltr'>consensu</span> <span class='ocrx_word' id='word_1_256' title='bbox 1064 4067 1223 4151; x_wconf 90' lang='lat' dir='ltr'>asponsis</span> <span class='ocrx_word' id='word_1_257' title='bbox 1246 4072 1303 4134; x_wconf 88' lang='lat' dir='ltr'>aut</span> <span class='ocrx_word' id='word_1_258' title='bbox 1325 4085 1345 4131; x_wconf 90' lang='lat' dir='ltr'>a</span> 
     </span>
     <span class='ocr_line' id='line_1_32' title="bbox 170 4188 1345 4276; baseline 0.001 -21"><span class='ocrx_word' id='word_1_259' title='bbox 170 4189 360 4276; x_wconf 85' lang='lat' dir='ltr'>coniugibus</span> <span class='ocrx_word' id='word_1_260' title='bbox 375 4190 633 4256; x_wconf 88' lang='lat' dir='ltr'>determinantur</span> <span class='ocrx_word' id='word_1_261' title='bbox 644 4194 701 4254; x_wconf 89' lang='lat' dir='ltr'>aut</span> <span class='ocrx_word' id='word_1_262' title='bbox 712 4188 950 4262; x_wconf 82' lang='lat' dir='ltr'>rescinduntur,</span> <span class='ocrx_word' id='word_1_263' title='bbox 965 4191 1040 4255; x_wconf 92' lang='lat' dir='ltr'>item</span> <span class='ocrx_word' id='word_1_264' title='bbox 1057 4189 1198 4256; x_wconf 88' lang='lat' dir='ltr'>submitti</span> <span class='ocrx_word' id='word_1_265' title='bbox 1211 4196 1345 4276; x_wconf 89' lang='lat' dir='ltr'>possunt</span> 
     </span>
     <span class='ocr_line' id='line_1_33' title="bbox 168 4313 924 4399; baseline -0.003 -21"><span class='ocrx_word' id='word_1_266' title='bbox 168 4313 368 4380; x_wconf 85' lang='lat' dir='ltr'>arbitrorum</span> <span class='ocrx_word' id='word_1_267' title='bbox 391 4313 634 4399; x_wconf 82' lang='lat' dir='ltr'>compromisso</span> <span class='ocrx_word' id='word_1_268' title='bbox 657 4318 690 4378; x_wconf 88' lang='lat' dir='ltr'>et</span> <span class='ocrx_word' id='word_1_269' title='bbox 711 4314 843 4399; x_wconf 86' lang='lat' dir='ltr'>planum</span> <span class='ocrx_word' id='word_1_270' title='bbox 866 4317 924 4378; x_wconf 87' lang='lat' dir='ltr'>est.</span> 
     </span>
    </p>

    <p class='ocr_par' dir='ltr' id='par_1_8' title="bbox 179 4435 1381 4522">
     <span class='ocr_line' id='line_1_34' title="bbox 179 4435 1381 4522; baseline 0.001 -21"><span class='ocrx_word' id='word_1_271' title='bbox 179 4507 183 4517; x_wconf 57' lang='grc'><strong>,</strong></span> <span class='ocrx_word' id='word_1_272' title='bbox 259 4436 477 4504; x_wconf 79' lang='lat' dir='ltr'>419.Veru1n</span> <span class='ocrx_word' id='word_1_273' title='bbox 501 4435 598 4502; x_wconf 83' lang='lat' dir='ltr'>iudex</span> <span class='ocrx_word' id='word_1_274' title='bbox 621 4437 749 4519; x_wconf 82' lang='lat' dir='ltr'>eccles,</span> <span class='ocrx_word' id='word_1_275' title='bbox 770 4437 1031 4520; x_wconf 89' lang='lat' dir='ltr'>quotiescumque</span> <span class='ocrx_word' id='word_1_276' title='bbox 1054 4437 1123 4502; x_wconf 84' lang='lat' dir='ltr'>sive</span> <span class='ocrx_word' id='word_1_277' title='bbox 1145 4439 1253 4522; x_wconf 90' lang='lat' dir='ltr'>sponsi</span> <span class='ocrx_word' id='word_1_278' title='bbox 1276 4437 1345 4502; x_wconf 90' lang='lat' dir='ltr'>siva</span> <span class='ocrx_word' id='word_1_279' title='bbox 1379 4445 1381 4452; x_wconf 89' lang='lat'>&#39;</span> 
     </span>
    </p>
   </div>
   <div class='ocr_carea' id='block_1_8' title="bbox 0 0 1688 5100">
    <p class='ocr_par' dir='ltr' id='par_1_9' title="bbox 0 0 1688 5100">
     <span class='ocr_line' id='line_1_35' title="bbox 0 0 1688 5100; baseline 0 0"><span class='ocrx_word' id='word_1_280' title='bbox 0 0 1688 5100; x_wconf 95' lang='lat' dir='ltr'> </span> 
     </span>
    </p>
   </div>
  </div>
 </body>
</html>
