3350 5100
323 296 368 361 88
853 313 937 362 runs
961 315 983 360 1.

322 437 436 503 cienda
467 437 637 524 obligetur.
661 435 710 504 Cf.
735 437 767 502 S.
792 436 960 522 Alphons„
985 437 1052 518 ΙΙΙ,
1076 457 1109 502 n.
1135 436 1216 504 659.
1241 471 1260 486 -
1286 437 1339 502 Ex
1361 436 1501 502 adverso

320 565 349 627 si
373 564 443 647 quis
466 561 635 627 mulierem
654 560 802 627 subiiecit
823 561 1006 627 adulterino
1027 529 1189 648 amplexui
1205 567 1261 628 ant
1276 561 1430 627 violentia
1445 565 1502 628 aut

320 690 410 751 metu
425 691 481 751 aut
495 685 579 767 dolo,
602 689 733 764 tenetur
754 686 824 772 ipse
847 686 934 752 solus
957 705 1039 772 erga
1059 687 1220 758 maritum,
1238 683 1320 751 filios
1339 686 1500 772 legitimos

321 817 354 876 et
376 831 513 877 uxorem
537 829 732 896 oppressam,
755 809 797 876 ad
819 830 915 876 omne
937 809 1087 877 damnum
1110 809 1363 877 resarciendum.

412 936 484 1001 Hae
498 934 724 1001 indemnitates
739 954 821 1020 quae
837 940 1022 1023 competunt
1036 935 1211 1000 laesionem
1232 953 1326 1021 passo
1341 934 1500 1002 adversus

319 1059 502 1126 adulterum
534 1064 566 1124 et
596 1059 777 1126 adulteram
806 1059 943 1143 infore
967 1065 1119 1134 esterno,
1143 1064 1336 1146 repetuntur
1367 1059 1500 1126 notione

319 1184 431 1267 aivum
454 1182 611 1268 siquidem
635 1184 694 1248 sub
717 1184 778 1250 isto
801 1188 945 1270 aspectu,
971 1183 1112 1252 civiliter
1134 1185 1241 1270 agitur
1264 1183 1303 1248 de
1326 1182 1496 1254 adulterio,

319 1306 470 1373 videlicet
493 1326 552 1394 pro
574 1308 647 1372 iure
669 1307 871 1393 privatorum
887 1307 1004 1372 civium
1020 1307 1156 1383 tuendo;
1173 1326 1248 1373 narn
1272 1307 1499 1374 criminaliter

318 1451 377 1496 seu
398 1430 440 1496 ad
464 1429 636 1497 vindictam
660 1429 830 1515 publicam,
853 1427 960 1516 agitur
983 1421 1245 1516 quotiescumque
1268 1451 1373 1517 poena
1400 1443 1498 1516 expo·

317 1557 456 1622 stolatur
477 1557 512 1620 in
534 1554 699 1621 adulteros
721 1555 762 1620 ad
784 1556 930 1622 oriminis
950 1556 1125 1622 luitionem.
1143 1557 1187 1622 At
1201 1555 1297 1622 hodie
1313 1555 1495 1622 huiusmodi

317 1699 441 1765 poenae
465 1699 486 1745 a
508 1681 586 1746 iure
600 1699 676 1747 cau.
692 1680 760 1746 sive
776 1681 833 1746 tat.
851 1681 919 1744 sive
933 1680 998 1762 ser.
1014 1685 1096 1746 sent.
1113 1699 1178 1745 non
1201 1679 1337 1766 amplius
1353 1681 1388 1744 in
1404 1698 1497 1744 more

315 1809 408 1881 sunt;
425 1810 468 1879 at,
484 1805 510 1869 si
527 1823 622 1870 casus
636 1804 731 1877 ferat,
745 1823 851 1889 poena
866 1803 1071 1870 decernenda
1083 1809 1131 1870 est
1142 1803 1331 1870 arbitraria
1342 1823 1362 1868 a
1372 1802 1495 1884 iudice,

316 1929 516 2014 respondens
537 1931 665 1996 crimini
688 1933 723 1995 et
744 1933 962 1994 consentanea
984 1949 1094 1994 rerum
1117 1928 1285 1995 adiunctis.

364 2132 368 2140 ⁵
405 2053 458 2117 62.
483 2051 684 2119 Advertatnr
705 2054 739 2118 in
763 2073 800 2118 re
823 2058 919 2118 matr.
936 2051 1195 2134 impedimentum
1209 2054 1355 2119 oriminis
1376 2071 1495 2137 prove-

315 2178 388 2242 nire
419 2177 453 2263 a)
477 2197 521 2242 ex
549 2177 709 2244 adulterio
738 2177 910 2244 coniuncto
941 2197 1013 2242 oum
1044 2178 1255 2262 promissione
1286 2177 1495 2257 matrimonii,

314 2300 347 2388 b)
363 2321 407 2368 ex
422 2303 628 2368 matrimonio
644 2306 800 2368 attentato
812 2302 853 2367 ab
869 2301 1034 2376 adulteris,
1052 2300 1082 2388 o)
1099 2319 1143 2367 ex
1157 2300 1315 2367 adulterio
1332 2308 1365 2367 et
1380 2303 1494 2368 eoniu-

313 2421 439 2508 gioidio,
456 2428 585 2511 patrato
608 2425 641 2488 in
665 2443 797 2510 scopum
811 2423 943 2489 ineundi
962 2423 1169 2504 matrimonii,
1185 2423 1292 2508 prouti
1309 2423 1495 2508 explicatur

312 2550 345 2612 in
362 2554 503 2615 tractatu
518 2548 558 2615 de
573 2550 777 2616 matrimonio
792 2547 833 2615 ad
848 2550 896 2613 tit.
912 2547 961 2615 De
975 2568 1016 2615 eo
1028 2547 1087 2635 qui
1102 2548 1202 2615 duruit
1217 2550 1255 2614 in
1271 2553 1371 2615 mum.
1386 2568 1493 2634 quam

306 2674 431 2756 polluit
449 2693 517 2757 per
539 2674 749 2744 adulterium
769 2674 806 2739 X
827 2673 901 2753 (IV,
925 2672 973 2755 7);
997 2672 1145 2758 idemque
1175 2674 1310 2740 induere
1341 2678 1492 2741 naturam

311 2816 435 2881 poenae
457 2796 713 2878 inhabilitautio,
736 2795 792 2863 sed
815 2796 1047 2881 aliquantisper
1074 2794 1214 2863 deficere
1236 2816 1256 2861 a
1278 2804 1396 2863 natura
1420 2818 1493 2883 pro-

311 2922 404 3005 priae
418 2941 543 3006 poenae
565 2923 600 2987 in
622 2921 795 2994 adulteros,
812 2922 889 3007 quia
904 2941 968 2987 non
983 2922 1068 2987 hano
1088 2923 1260 2987 incurrunt
1276 2942 1386 2987 omnes
1402 2922 1491 2989 adul-

310 3048 383 3120 teri,
408 3046 491 3130 qnod
515 3048 647 3133 proprie
668 3048 771 3133 exigit
789 3053 907 3113 natura
928 3066 1064 3133 poenae.
