3350 5100
548 323 592 372 nn
616 321 769 371 usmerrs
794 322 836 370 nr
859 321 981 370 renuis
1311 301 1356 366 73

173 447 207 514 Si
230 453 370 516 mortem
393 469 459 514 nun
482 453 645 536 oppetant,
672 445 752 514 flunt
774 446 912 514 infames
934 444 1071 512 infamia
1092 445 1182 520 iuris,
1201 445 1248 509 ait
1271 443 1355 510 Tbe-

171 593 308 650 sauram,
327 576 349 639 t.
363 575 417 641 cit.
433 580 467 641 et
477 573 555 640 hinc
569 573 781 659 irregulares.
794 573 839 638 At
850 571 1049 638 arbitramur
1062 570 1126 636 hos
1135 567 1208 636 fleri
1219 569 1356 638 infames

175 698 324 781 infamia
338 699 432 782 facti.
458 699 535 766 Vol.
551 699 612 771 Ill,
629 718 660 764 n.
679 683 760 763 261.Ι
773 697 851 765 Illos
866 702 974 762 autern
995 694 1068 762 fleri
1087 695 1286 782 irregulares
1302 696 1354 780 qni

175 825 297 910 seipsos
322 824 479 898 mutilant,
504 822 672 890 docuimus
695 828 829 909 agentes
852 821 893 888 de
915 820 1218 908 irregularitatibus.

265 949 320 1016 52.
345 949 519 1016 Severiore
535 967 676 1014 censura
691 947 853 1035 plectendi
875 952 980 1020 erant,
996 945 1051 1030 qni
1070 945 1222 1012 duellam
1244 963 1356 1031 perpe·

174 1079 311 1148 trames,
325 1095 361 1140 se
374 1077 460 1161 ipsos
470 1078 561 1142 tantu
573 1073 719 1159 periculo
731 1073 895 1145 obiiciunt,
904 1077 1002 1157 atque
1012 1072 1094 1138 alios
1105 1073 1137 1136 iu
1150 1071 1233 1136 idem
1246 1071 1356 1136 discri-

175 1219 249 1267 men
275 1201 484 1288 compallunt.
501 1201 614 1276 Quare
634 1205 668 1266 in
692 1201 800 1266 Gonst.
817 1202 883 1285 Ap.
900 1199 1008 1280 Sedit,
1024 1198 1355 1264 excommunicatione

175 1327 282 1414 simpl.
299 1325 409 1413 Papae
425 1335 604 1401 reservata,
620 1328 798 1413 puniuntur
819 1346 837 1388 ι
854 1324 1013 1392 Duettam
1031 1329 1281 1408 perpetrantes,
1296 1332 1356 1390 aut

175 1451 376 1534 simpliciter
403 1451 450 1517 art
477 1451 575 1516 ittam
592 1455 837 1534 prouocantes,
861 1449 914 1515 vet
935 1449 1050 1531 ipsam
1072 1451 1300 1531 acceptantes,
1326 1453 1356 1513 et

175 1575 348 1661 quoslibet
362 1577 549 1660 complices,
573 1577 625 1644 cel
649 1577 932 1662 qualencumque
953 1591 1096 1658 opaam
1119 1580 1179 1639 aat
1200 1572 1355 1655 facerem

171 1701 386 1784 praebentes,
408 1721 471 1768 aec
488 1719 559 1768 aon
581 1700 624 1766 de
646 1700 817 1766 industria
832 1703 1028 1782 spectantes,
1043 1697 1197 1782 illudque
1213 1695 1355 1779 permit-

174 1829 291 1899 tentes.
309 1826 359 1891 oet
378 1829 546 1910 quantum
569 1825 606 1890 ta
628 1823 696 1890 iltis
717 1827 766 1890 est
780 1841 852 1889 aaa
869 1820 1096 1906 prolabentem,
1115 1820 1357 1904 cuiuscumque

174 1949 354 2034 diguitatis
376 1949 452 2021 ¹u'at,
478 1948 580 2016 ctiam
603 1947 730 2034 regatis
752 1951 813 2012 aut
836 1944 1075 2030 imperialis».

265 2070 311 2136 At
335 2091 401 2136 non
424 2076 551 2138 tantum
575 2089 679 2156 poena
702 2071 1044 2136 excommunicationis
1066 2073 1157 2134 tenet
1179 2066 1357 2132 duellantes

174 2215 354 2280 eorumque
378 2197 566 2283 complices,
589 2195 646 2261 sed
677 2195 760 2261 aliae
791 2214 916 2282 poenae
938 2196 1010 2260 iure
1032 2194 1192 2264 communi
1219 2195 1357 2258 statutae

174 2325 260 2394 sunt,
273 2341 354 2406 quas
366 2321 459 2386 modo
476 2341 684 2408 exponemus.
699 2321 770 2386 -In
785 2319 870 2386 libro
882 2321 914 2386 V
926 2320 1054 2386 Decret.
1068 2319 1166 2405 Greg.
1181 2319 1231 2383 lx
1244 2319 1357 2383 titulus

176 2441 261 2508 XIV
279 2441 470 2512 inscribitur
488 2465 507 2508 ι
521 2443 573 2510 Dc
588 2443 721 2511 clericis
736 2413 970 2530 pugnantibus
984 2443 1022 2508 ia
1035 2441 1149 2509 duello
1163 2464 1197 2514 a,
1212 2441 1358 2524 quamvis
1445 2447 1449 2452 ’

175 2572 453 2655 praescriptiones
474 2568 553 2635 inibi
577 2568 680 2636 editas
702 2570 735 2635 in
758 2570 877 2654 cap.2
899 2572 1046 2656 spectent
1060 2569 1155 2633 etiam
1176 2565 1218 2631 ad
1240 2566 1356 2641 laicos;

175 2694 334 2780 siquidem
362 2695 438 2760 laici
462 2696 674 2782 increpantur
696 2697 804 2783 prouti
828 2693 1026 2767 homicidae,
1043 2692 1155 2758 clerici
1174 2696 1356 2777 praeterea,

178 2825 295 2909 quippe
319 2824 530 2910 irregulares,
556 2824 763 2909 depositionis
786 2840 890 2909 poena
913 2820 1121 2886 mulctantur.
1137 2820 1228 2885 'l'nuc
1250 2818 1357 2884 duella

176 2946 392 3032 patrabantur
403 2949 503 3013 veluti
517 2947 645 3015 iudicia
653 2946 734 3031 Dea·
742 2952 775 3013 at
786 2966 961 3034 progressu
972 2945 1126 3031 temporis
1139 2964 1202 3009 non
1210 2943 1355 3029 amplius.

175 3074 293 3141 diuino
309 3074 457 3140 samiae·
467 3075 627 3148 invocato,
643 3072 684 3139 ad
711 3070 943 3159 experiendam
957 3070 1099 3137 divinam
1115 3088 1247 3135 reorum
1262 3068 1357 3134 ultio·

176 3218 250 3265 nem
275 3200 429 3264 committi
455 3202 644 3284 coeperunt,
660 3196 716 3263 sed
740 3198 792 3263 vel
815 3196 945 3283 publica
962 3196 1154 3261 anctoritate
1169 3192 1223 3257 vel
1246 3194 1279 3258 in
1294 3192 1358 3277 pri·

177 3327 287 3387 ratam
320 3296 507 3387 vindictam.
525 3320 634 3397 Quare
649 3318 768 3404 aliquid
783 3318 928 3385 dicamus
943 3316 1142 3383 enucleatius
1165 3315 1205 3381 de
1228 3316 1357 3381 notione

101 3438 104 3443 ’
175 3444 286 3513 duelli.

167 3610 170 3616 ·
268 3569 491 3637 Gommnuiter
520 3566 707 3633 canonistae
733 3566 839 3637 aiunt,
863 3562 1004 3629 duellum
1027 3582 1115 3634 esse,
1146 3561 1355 3647 stapulurem

174 3715 342 3783 paucam,
356 3694 522 3761 nimbum
537 3692 686 3761 caenam
702 3691 911 3763 interrasa
926 3688 1079 3755 condicto
1091 3688 1199 3753 amuis
1214 3686 1261 3752 act
1276 3686 1357 3753 oeci·

176 3820 339 3893 utendam,
357 3839 418 3886 seu
440 3818 594 3906 praviter
619 3815 871 3883 vulnerandum
895 3814 985 3897 aptis
1007 3810 1218 3897 etpuribas,
1239 3816 1358 3895 sponte

175 3953 378 4031 susceptam.
406 3980 424 3995 ·
450 3944 597 4011 Duellum
624 3948 674 4008 est
695 3940 883 4026 publicum,
907 3938 991 4024 quod
1016 3938 1145 4023 publica
1166 3939 1358 4004 anctoritate

176 4071 361 4155 suscipitur,
386 4068 524 4135 servatis
547 4066 645 4132 certis
667 4064 791 4151 regulis
815 4070 848 4128 et
870 4060 1124 4128 solemnitatibus
1149 4062 1358 4147 praescriptis

176 4195 217 4261 ab
232 4196 303 4280 ipsa
315 4190 457 4278 publica
468 4190 671 4263 auctoritate,
686 4208 768 4273 quae
782 4188 855 4253 loeo
870 4185 947 4251 belli
958 4184 1086 4251 ordinet
1100 4184 1177 4252 illud
1193 4186 1357 4271 singulare

176 4327 354 4393 certamen,
369 4318 409 4385 ad
421 4316 593 4383 finiendam
605 4313 723 4400 publici
738 4315 816 4378 iuris
829 4313 1094 4378 controversiam.
1109 4309 1285 4377 Privatam
1298 4316 1356 4383 est,
1421 4344 1425 4350 ·

175 4446 259 4531 quod
283 4446 416 4534 privata
430 4442 623 4508 accumula
638 4438 820 4524 suscipitur,
839 4442 872 4503 et
895 4438 1022 4523 geritur
1037 4435 1128 4501 iuxta
1143 4436 1272 4521 regulas
1287 4454 1358 4501 ser·
