3350 5100
404 319 448 366 nn
472 317 611 366 runicus
635 314 879 366 erratissimus
903 315 938 361 1u
963 302 1081 362 scriem
1264 297 1331 363 569
1438 306 1440 309 ’

149 437 269 493 attentis
288 437 509 492 circumstantiis
526 444 653 492 castoras
671 453 783 508 quoque
802 451 905 505 poenas
923 451 973 490 reo
990 436 1097 505 irroget
1109 436 1222 506 quaein
1233 453 1330 506 supra·

149 544 235 600 dictis
253 545 405 615 pontificiis
423 545 670 600 constitutionibus
689 545 885 600 decernuntur.
904 543 1055 598 Praeterea
1066 543 1089 596 si
1103 560 1167 598 reus
1184 543 1215 598 ia
1229 543 1332 598 iudicio

149 653 257 706 crimen
277 655 419 707 consonans
436 652 530 719 fuerit,
550 667 702 721 congruam
722 651 805 706 debet
824 651 954 705 emittere
974 650 1187 716 obturationem,
1201 654 1233 704 ut
1244 668 1274 707 sc
1292 651 1334 705 ita

149 761 254 826 purget
272 758 307 810 ab
326 772 368 826 ea,
387 771 470 828 quam
489 757 615 825 incurrit,
629 755 752 812 haeresis
771 755 942 826 suspicione:
960 760 990 810 'et
1003 753 1056 809 hac
1075 771 1183 826 quoque
1202 772 1291 825 poena
1303 758 1333 810 in

149 863 213 932 ipsa
231 863 370 918 cantantia
389 863 550 920 mulctetur.
564 861 723 918 Notandum
743 867 794 930 eat,
807 879 911 932 poenas
924 861 1079 916 huiusmodi
1092 879 1189 917 omnes
1201 867 1230 917 et
1242 863 1332 932 ipsam

148 969 359 1024 inhabilitatem
378 969 413 1024 ad
432 975 640 1024 sacrosanctum
654 970 757 1024 Missae
779 969 946 1024 sacrificium
960 968 1167 1033 celebrandum,
1179 968 1207 1022 in
1219 968 1333 1024 decreto

148 1074 296 1130 Benedicti
309 1074 385 1142 xlv,
398 1074 442 1130 die
454 1075 472 1129 5
485 1075 605 1145 Augusti
615 1090 690 1129 anno
703 1073 771 1127 1745
785 1074 993 1144 praescriptam,
1004 1089 1065 1128 esse
1076 1078 1186 1128 matum
1195 1075 1332 1144 ferendae

142 1171 313 1248 subtantiae.
333 1181 535 1236 Abstinendum
561 1187 653 1236 tamen
674 1181 729 1236 erit
748 1181 782 1234 ab
801 1180 954 1250 infligenda
972 1180 1172 1249 degradatione
1191 1184 1220 1236 et
1243 1181 1331 1234 tradi-

147 1293 227 1347 tione
245 1289 361 1344 brachio
379 1289 527 1345 saeculari.
546 1289 575 1344 ld
594 1289 726 1343 nimirum
745 1305 762 1343 a
781 1287 916 1358 Gregorio
934 1288 998 1355 XV,
1016 1293 1154 1344 statutum
1172 1291 1239 1344 fuit:
1258 1294 1333 1346 cate·

148 1413 212 1452 rum
230 1399 268 1451 ud
285 1405 425 1452 imorem
438 1397 531 1465 potius
549 1397 709 1466 impositum
730 1395 827 1450 haberi
840 1391 924 1451 debet
935 1412 1019 1466 quam
1034 1400 1065 1450 ut
1080 1397 1238 1450 executioni
1252 1413 1332 1450 man·

149 1505 233 1559 detur
252 1503 300 1574 (l).

242 1610 283 1665 13.
303 1609 356 1670 Qui
371 1609 457 1664 nullia
470 1609 583 1663 omnino
600 1625 685 1678 super
699 1609 752 1664 hoc
765 1609 882 1665 cumina
901 1610 1047 1678 praeventi
1062 1610 1331 1675 denunciationibns,
1350 1595 1354 1601 ’

148 1715 321 1768 conscientia
340 1713 418 1779 victi,
437 1713 584 1767 Ordinario
602 1713 656 1768 loci
676 1715 771 1769 eiusne
795 1701 926 1784 delegato
944 1731 974 1768 se
995 1713 1113 1780 sistunt,
1132 1719 1243 1783 patrata
1264 1730 1281 1766 a
1302 1729 1335 1768 se

147 1817 358 1876 sollicitationis
376 1819 485 1888 flagitia
503 1823 601 1888 sponte
620 1821 791 1873 confitentur
809 1823 839 1874 et
857 1819 967 1874 veniam
986 1823 1094 1888 petunt,
1106 1818 1210 1873 dimitti
1229 1819 1332 1874 debent

147 1943 213 1980 cnm
226 1941 349 1995 congrua
367 1925 544 1979 abiuratione
556 1930 585 1980 et
599 1925 780 1994 poenitentiis
793 1925 940 1980 dumtaxat
955 1925 1135 1990 salutaribus,
1147 1925 1256 1980 adiecto
1268 1941 1333 1979 con·

147 2033 214 2087 silio
226 2032 271 2086 vel
282 2037 439 2102 praecepte,
454 2037 485 2087 ut
496 2033 532 2086 ab
545 2031 716 2102 excipiendis
736 2049 916 2102 personarum
929 2033 1148 2088 sollicitatas-um
1160 2035 1247 2088 sacris
1265 2049 1332 2087 con·

147 2139 316 2194 sessionibus
333 2155 364 2193 se
385 2139 559 2192 abstineant:
585 2155 634 2192 nac
660 2137 780 2194 coeteris
805 2139 903 2208 poenis
922 2144 1006 2194 antea
1029 2138 1112 2194 dictis
1136 2139 1333 2195 accedentibus

147 2244 218 2299 licet
236 2243 409 2314 postmodum
427 2241 704 2308 denunciationibus,
723 2243 888 2298 alliciantur.
912 2243 964 2305 Qui
982 2260 1049 2299 vero
1074 2243 1221 2298 iudiciaria
1243 2245 1332 2298 forma

147 2351 206 2404 iam
227 2350 378 2419 praeventi,
391 2349 439 2405 sed
457 2349 577 2404 nondum
597 2349 688 2412 citati,
701 2367 752 2404 sua
765 2353 864 2420 sponte
877 2367 907 2404 se
924 2350 1042 2415 sistunt3
1055 2355 1085 2404 et
1100 2350 1120 2402 ii
1136 2349 1243 2419 pariter
1255 2365 1335 2420 quos,

146 2458 299 2512 raritatem
319 2473 374 2511 non
393 2457 533 2526 integram
551 2456 599 2512 sed
612 2457 778 2511 diminutam
792 2457 821 2511 in
834 2462 989 2526 spontanea
1004 2458 1180 2526 apparitione
1192 2457 1333 2511 confessos

146 2580 210 2618 esse
234 2562 396 2617 Ordinarius
420 2562 474 2617 loci
500 2580 534 2617 ex
547 2562 682 2645 ¹acceptia
706 2568 803 2633 postea
826 2562 1088 2617 denunciationibns
1109 2561 1333 2632 deprehenderit,

147 2668 287 2723 beneficio
305 2668 481 2737 impunitatis
499 2684 555 2723 non
572 2668 704 2737 gaudent,
718 2672 915 2723 ¹verumtamen
935 2670 986 2737 p'ro
1004 2668 1092 2737 ipsius
1111 2667 1250 2721 Ordines-ii
1269 2684 1333 2735 pru·

147 2774 246 2829 dantia
264 2773 360 2829 mitius
379 2774 539 2843 puniantur.

242 2881 282 2933 14.
301 2879 379 2941 Quod
397 2881 427 2934 in
445 2878 521 2935 hisce
540 2882 630 2935 causis
650 2880 694 2935 vel
714 2896 748 2934 ex
767 2880 963 2935 commissione
981 2880 1136 2950 apostolica
1153 2880 1199 2935 rel
1218 2896 1252 2934 ex
1271 2880 1332 2934 iure

149 2986 350 3055 Episcoporum
377 2985 488 3055 proprio
512 2986 666 3041 tractandis
689 2988 823 3041 maiorem
846 2989 876 3042 in
893 2988 1005 3042 modum
1023 2988 1116 3043 curari
1141 2994 1171 3043 et
1188 2989 1331 3043 obseruari

148 3092 235 3146 debat
252 3090 322 3145 illud
341 3097 392 3157 est,
406 3095 437 3146 ut
455 3093 569 3147 eaedem
588 3109 697 3158 causae,
711 3097 809 3161 utpote
827 3093 861 3147 ad
876 3093 958 3148 tidem
971 3094 1133 3161 attincmtaa
1146 3093 1333 3151 secretissime

149 3204 330 3267 peragantur,
345 3204 374 3252 et
392 3203 538 3269 postquam
556 3198 662 3252 fuerint
680 3198 812 3253 definitae
831 3206 861 3253 et
878 3198 1037 3253 executioni
1056 3199 1113 3253 iam
1133 3199 1253 3254 traditae
1271 3216 1333 3269 par·

148 3308 236 3374 petuo
253 3304 367 3360 silentio
385 3306 497 3359 omniuo
517 3308 686 3374 premantur.
706 3305 808 3359 Omnes
826 3305 920 3359 curiae
939 3305 1149 3360 ecclesiasticae
1167 3305 1333 3372 administri,

148 3416 179 3467 et
198 3412 365 3482 quicumque
383 3410 433 3465 alii
451 3412 486 3465 ad
504 3410 783 3479 has'pertractandas
801 3411 847 3466 vel
860 3412 971 3481 patroni
990 3411 1222 3468 conscendendas
1234 3429 1333 3467 causas

148 3519 339 3581 assumuntur,
351 3515 542 3569 iusiurandum
558 3514 591 3569 de
609 3519 718 3569 secreto
736 3516 873 3569 servando
884 3515 987 3570 debent
1005 3515 1145 3580 amittere,
1159 3520 1188 3570 et
1200 3517 1253 3584 ipsi
1265 3515 1332 3584 Epi·

149 3622 227 3691 scopi
240 3621 345 3692 aliique
357 3621 482 3675 locorum
493 3620 630 3675 Ordinarii
644 3622 677 3675 ad
691 3622 857 3676 servandum
866 3626 1006 3677 secretum
1018 3622 1241 3691 obstringuntur,
1251 3626 1334 3691 prout

88 3800 90 3805 Α
150 3732 180 3783 in
198 3730 260 3784 iure
279 3734 392 3783 cautum
411 3736 455 3783 est
474 3745 531 3798 cap.
553 3730 661 3783 Stercuto
681 3730 727 3782 flu.
741 3729 775 3783 de
788 3728 895 3785 haeret.
915 3731 945 3783 in
956 3731 974 3783 6
987 3734 1017 3785 et
1029 3730 1057 3783 iu
1071 3728 1248 3784 clementina
1258 3732 1333 3785 mut·

150 3847 246 3890 torum
264 3840 281 3901 5
302 3836 392 3890 Porro
412 3836 445 3890 de
464 3836 622 3891 haereticis.
648 3836 700 3897 Qui
719 3853 786 3891 vero
804 3837 1028 3892 denunciationis
1046 3838 1125 3891 oneri
1148 3838 1333 3905 satisfaciunt,

149 3943 254 4014 quique
272 3944 300 3996 in
320 3941 397 3997 hisce
410 3942 501 3996 causis
513 3944 635 3997 examini
655 3944 851 4006 subiiciuntur,
866 3943 1053 3998 iuramentum
1071 3945 1107 3999 ab
1119 3944 1202 3998 initio
1214 3944 1248 3999 de
1260 3945 1333 3999 reri·

149 4055 211 4106 tate
228 4050 398 4116 dicendast
416 4054 479 4103 actu
500 4050 620 4119 expleto,
634 4051 667 4105 de
686 4056 794 4106 secreto
812 4051 958 4119 servando,
977 4052 1062 4105 tactis
1079 4052 1264 4106 sacrosanctis
1283 4052 1331 4107 Dei

149 4156 313 4225 evangeliis,
333 4156 441 4211 etiamsi
462 4156 518 4209 sint
536 4155 694 4210 sacerdotes
713 4161 858 4225 praestare
877 4161 1016 4213 tenentur.
1031 4158 1106 4214 Haec
1124 4158 1147 4212 si
1166 4166 1249 4213 caute
1270 4176 1333 4212 san·

240 4349 270 4405 (1)
284 4351 354 4395 Albit.
364 4364 401 4407 op.
413 4352 452 4395 cit.
461 4362 514 4407 cap.
525 4351 558 4405 15,
570 4362 593 4395 n.
605 4351 630 4394 13
639 4357 663 4394 et
673 4350 789 4396 &audica
799 4354 864 4406 xlv,
875 4354 898 4395 in
912 4354 1005 4409 privata
1015 4352 1114 4409 epistola
1123 4353 1160 4396 die
1171 4353 1193 4395 ll
1206 4354 1332 4397 Novembr.

150 4449 213 4481 anno
227 4437 280 4481 rua
292 4438 347 4481 data
360 4438 389 4481 ad
404 4438 551 4483 ltmannslem
565 4438 593 4483 da
609 4438 712 4482 maredo
728 4442 751 4483 S.
766 4441 785 4484 1.
803 4440 971 4496 presbyterum.
