3350 5100
435 370 478 416 os
501 371 641 418 runicus
665 369 908 418 emunctioris
931 373 966 418 1n
988 371 1105 418 sancia
1294 354 1359 420 533

638 691 818 758 TITULUS
841 691 902 758 XI.

541 925 585 972 Dii
609 923 756 974 RATIONE
781 925 996 973 Pnocannnm

324 1048 360 1094 in
384 1048 410 1094 S.
436 1049 716 1097 CONGBEGA‘I'IONE
740 1051 765 1097 S.
792 1051 823 1097 R.
851 1049 892 1096 ΕΤ
917 1049 947 1096 U.
973 1047 1214 1104 INQUISI'I'IONlS

457 1174 500 1221 ΕΤ
525 1175 561 1221 IN
584 1176 610 1222 S·
636 1173 919 1222 conoaaofflonn
944 1173 1079 1220 INDlCiS.

177 1400 396 1461 summarium.
414 1431 448 1444 -
466 1403 529 1457 527.
552 1403 591 1458 De
610 1403 798 1472 competentia
816 1403 960 1456 criminati
972 1401 1044 1470 apud
1058 1400 1103 1454 SS.
1117 1401 1358 1471 Congregatioues

269 1507 417 1562 Romanas.
428 1535 464 1549 -·
472 1507 533 1561 528.
543 1507 659 1569 Quando
671 1508 803 1562 instituta
814 1508 901 1562 inani
913 1507 940 1560 S.
950 1507 1052 1574 congr.
1063 1505 1090 1560 S.
1103 1507 1135 1560 a.
1145 1511 1175 1560 et
1189 1507 1222 1562 U.
1238 1507 1294 1577 inq.
1308 1523 1357 1564 seu

269 1615 296 1668 S.
313 1613 402 1685 Officii
413 1619 444 1668 st
454 1615 621 1685 quibusnam
630 1631 666 1668 ex
680 1616 808 1683 personia
818 1614 968 1670 coalescat.
977 1641 1013 1656 -
1023 1613 1085 1668 529.
1098 1613 1239 1675 Quomodo
1252 1615 1357 1668 incum-

267 1723 317 1775 bat
340 1723 375 1778 in·
396 1722 572 1792 negotiorum
595 1721 810 1790 expeditionem.
829 1750 863 1764 -
882 1720 943 1775 530.
967 1721 1006 1776 De
1024 1725 1133 1776 secreto
1156 1720 1185 1774 S.
1205 1721 1303 1774 Officii.
1323 1750 1357 1764 -

267 1827 329 1882 531.
348 1828 512 1896 Explicatur
524 1829 554 1881 in
566 1843 622 1898 qno
640 1829 776 1882 consistat
793 1833 932 1884 secretum
946 1827 972 1881 S.
986 1828 1074 1882 Officii
1092 1821 1151 1882 turn
1164 1845 1198 1882 ex
1212 1827 1272 1884 iure
1285 1845 1359 1884 com·

266 1936 347 1986 muni
365 1939 425 1986 tum
436 1949 471 1987 ex
484 1932 545 1986 iure
558 1933 735 2002 particulari
755 1933 856 2002 Conpr.
877 1933 1035 2004 Supremas
1049 1932 1108 2003 inq.
1123 1961 1156 1974 -
1170 1932 1231 1986 532.
1246 1934 1286 1988 De
1298 1933 1358 1988 aius

267 2039 465 2110 competentia.
474 2038 577 2093 -533,
588 2039 627 2095 De
635 2045 760 2095 actorum
771 2045 800 2096 et
809 2041 984 2095 decretorum
995 2039 1281 2095 auctoritate-534.
1290 2041 1358 2094 Eius

269 2144 341 2199 ratio
357 2144 521 2214 procedendi
534 2147 677 2200 iudicialis
689 2133 818 2216 estpars
829 2149 998 2218 inquisitiva.
1009 2175 1041 2187 -
1052 2145 1113 2200 535.
1128 2145 1167 2199 De
1180 2143 1357 2200 institutione

269 2249 294 2303 S.
314 2251 547 2320 Congregationis
571 2251 739 2306 Indicia-
756 2251 818 2307 536.
846 2253 884 2307 De
909 2231 970 2306 eius
995 2249 1104 2307 ratione
1130 2251 1302 2321 procedendi.
1322 2279 1356 2293 -

267 2355 329 2411 537.
350 2357 389 2413 De
406 2359 467 2412 eius
485 2358 660 2414 decretorum
679 2359 858 2414 auctoritate.

267 2608 341 2676 527.
362 2611 454 2674 inter
477 2611 639 2675 Romanas
664 2611 940 2696 congregationes
963 2610 1045 2675 duae
1067 2610 1184 2675 adsunt
1207 2628 1289 2693 quae
1313 2628 1356 2675 ex

178 2754 235 2799 suo
252 2734 395 2799 instituto
411 2740 487 2800 sunt
502 2734 669 2799 ordinatae
685 2734 725 2798 ad
741 2736 878 2799 crimina
901 2733 1133 2819 compescenda
1148 2733 1200 2797 vei
1216 2752 1356 2818 praeve·

179 2853 298 2918 nienda
319 2854 454 2926 scilicet,
472 2853 504 2917 S.
523 2856 737 2941 congregatio
760 2856 851 2921 SR.
874 2857 909 2921 U.
937 2856 1154 2940 inquisitionis
1173 2874 1230 2919 seu
1246 2854 1354 2921 Sancti

179 2975 285 3042 Officii
309 2982 342 3041 et
364 2978 396 3043 S.
415 2978 534 3043 indicis
549 2978 776 3064 congregatio.
793 2980 846 3045 Ex
862 2980 932 3045 aliis
949 2978 1259 3066 Congregstionibus
1275 2998 1355 3043 non·

177 3102 285 3168 nullae
301 3105 397 3167 etiam
409 3102 581 3187 aliqnando
592 3110 751 3169 vocantur
766 3105 806 3169 sd
822 3106 1038 3191 cognitionem
1051 3106 1253 3171 criminalem
1270 3107 1357 3171 insti·

176 3226 328 3292 tuendam
343 3232 478 3312 propter
492 3227 803 3294 animadversionem
814 3229 950 3295 alicuius
963 3232 1122 3306 criminis;
1139 3230 1195 3297 sed
1212 3231 1275 3295 hoc
1290 3251 1355 3297 non

176 3349 298 3417 habent
321 3352 501 3437 principale
523 3353 721 3418 institutum:
745 3373 804 3418 nos
828 3373 1035 3419 recensemus
1066 3360 1189 3421 tantum
1214 3356 1245 3422 S.
1270 3356 1353 3421 Gon·

105 3456 110 3463 ¹
176 3477 399 3561 gregationem
422 3476 490 3541 ΕΕ.
514 3483 547 3541 et
570 3476 641 3542 itit.
659 3481 692 3542 et
710 3476 741 3544 S.
760 3477 878 3563 Gongr.
896 3478 1049 3555 Conciiii;
1072 3479 1153 3545 alias
1176 3480 1259 3565 quod
1283 3500 1356 3565 per·

175 3596 265 3666 tinet.
289 3616 350 3681 pro
372 3597 530 3661 hodierna
560 3601 655 3683 praxi
687 3600 768 3664 nihii
790 3606 841 3665 est
867 3598 1073 3667 innuendum.
1098 3601 1252 3676 Quamvis
1274 3622 1354 3667 vero

175 3718 206 3783 S.
224 3719 258 3785 G.
276 3722 343 3784 liii.
360 3730 393 3786 et
411 3722 480 3786 aa.
498 3726 704 3807 praecipuam
727 3717 865 3791 haberet
888 3728 1135 3811 competentiam
1160 3746 1219 3811 pro
1246 3728 1352 3791 causis

176 3842 395 3909 criminalibus
416 3846 451 3909 in
475 3846 578 3931 gradu
601 3848 835 3932 appellationis,
860 3854 892 3915 et
914 3850 990 3914 inde
1004 3870 1064 3935 pro
1080 3850 1266 3915 earumdem
1282 3870 1353 3935 pro·

175 3984 268 4031 cessa
291 3967 410 4034 editum
433 3970 494 4035 luit
516 3970 682 4036 decretum
698 3972 755 4037 die
772 3973 815 4039 18
830 3972 983 4040 Decemb-
1000 3973 1100 4056 1835,
1118 3981 1226 4041 tamen
1245 3976 1351 4041 huius·

174 4090 258 4154 modi
292 4110 409 4157 musae
439 4096 669 4160 examinantur
698 4098 794 4161 etiam
820 4119 842 4161 a
864 4097 895 4163 S.
921 4098 1179 4185 Congregatione
1207 4100 1350 4166 Consilii.

241 4215 340 4300 Viget
374 4223 481 4282 autem
511 4218 686 4300 ρνίυαίἰυα
716 4224 930 4305 competentia
957 4224 991 4288 S.
1024 4222 1130 4308 Officii
1160 4244 1219 4309 pro
1247 4226 1352 4289 causis
1427 4240 1430 4249 ’

173 4339 402 4414 criminalibus,
420 4361 502 4424 quae
521 4342 573 4407 vei
598 4346 764 4409 continent
779 4346 941 4411 haeresim
964 4350 1016 4413 sei
1037 4349 1201 4414 haeresim
1222 4352 1351 4435 sapiunt

172 4475 206 4529 et
222 4483 430 4549 praesumere
445 4467 584 4533 iaciunt:
608 4469 673 4533 huc
688 4474 836 4553 spectant
852 4473 1049 4556 potissimum
1064 4472 1182 4540 abusus
1205 4476 1238 4539 in
1255 4493 1350 4539 exer-
