3350 5100
624 263 831 314 ALLEGATUM
854 266 904 314 Vls

411 531 527 580 FORMA
549 529 766 579 DEGLARANDI
790 529 1034 580 complasmata
1057 531 1127 580 REI.

263 707 416 779 Postquam
435 707 464 760 in
483 706 554 760 actis
573 707 736 761 adnotatum
754 706 842 762 fuerit
860 707 955 762 binam
973 707 1074 762 saltem
1087 707 1252 762 citationem
1265 706 1358 762 datam

156 831 245 884 esse,
263 814 311 870 sed
328 816 443 881 frustra,
462 815 613 870 scribatur:

264 918 473 992 consequenter
498 918 666 974 reverendus
692 918 724 972 N.
744 918 875 974 Vicarins
897 918 1052 987 Generalis,
1071 917 1227 975 declaravit
1250 919 1360 990 praefa-

157 1029 234 1082 tum
253 1026 393 1081 Andresm
412 1025 445 1079 N.
466 1023 596 1080 incidisse
615 1025 644 1078 in
663 1025 868 1079 contumaciam
883 1029 915 1080 et
933 1029 1033 1080 contra
1050 1042 1114 1080 enm
1133 1029 1276 1096 tamqnam
1294 1041 1360 1079 oon·

158 1135 312 1188 tumacem
332 1131 481 1201 procedere
499 1130 630 1185 decrevit.
650 1129 825 1199 Quapropter
837 1129 964 1185 eumdem
977 1130 1058 1184 citari
1072 1131 1107 1184 ad
1120 1129 1285 1184 audiendam
1297 1146 1359 1185 sen·

161 1240 292 1294 tentiam
312 1238 485 1294 definitivam
503 1235 652 1292 ordinarit.
672 1237 745 1290 Acta
764 1240 829 1291 sunt
847 1235 917 1291 haec
936 1236 1019 1292 die...
1039 1237 1176 1293 mensis...
1196 1251 1304 1292 anno...

999 1379 1032 1434 N.
1052 1379 1182 1434 Vicarius
1203 1378 1357 1435 Generalis.

1000 1488 1033 1542 N.
1053 1490 1213 1544 Actuarins.

294 1707 410 1756 FORNA
434 1705 572 1754 CITANDI
595 1705 692 1754 REUM
715 1705 944 1754 CONTUMAGEM
965 1707 1011 1754 AD
1034 1706 1238 1754 AUDIENDAM

525 1830 743 1878 SENTENTIAM
767 1831 1007 1880 nnulnlrlvau.

264 1989 361 2060 Itaque
380 1988 414 2044 ds
433 1987 566 2043 mandato
583 1988 729 2043 reverendi
749 1988 780 2041 D.
799 1988 833 2042 N.
853 1986 960 2042 Vicsrii
979 1987 1133 2046 Generalis.
1146 1986 1241 2043 loanni
1255 1988 1289 2043 N.
1301 1989 1360 2059 epi·

167 2095 294 2167 scopulis
313 2097 408 2152 curiae
427 2095 526 2150 nuntio
545 2095 658 2165 publico
675 2095 731 2149 fnit
755 2095 938 2165 consignatus
962 2095 1077 2151 libellus
1103 2095 1255 2163 citationis,
1276 2112 1359 2169 quem

168 2204 265 2258 iussus
284 2205 327 2257 eet
345 2204 472 2274 praefato
486 2201 614 2256 Andreae
628 2200 660 2255 N.
672 2200 858 2272 personaliter
870 2201 916 2256 rel
929 2202 959 2255 in
971 2201 1054 2256 domo
1065 2201 1167 2256 solitae
1179 2201 1268 2271 ipsine
1280 2200 1359 2255 habi·

169 2306 290 2363 tationis
313 2307 445 2362 intimare
465 2305 522 2375 (vel
546 2307 569 2360 si
595 2322 660 2360 rens
684 2305 798 2376 fugerit,
817 2305 909 2359 valvis
934 2305 1078 2360 Ecclesiae
1100 2305 1133 2359 N.
1152 2309 1203 2360 ant
1220 2305 1290 2360 alibi
1308 2320 1359 2375 pro

168 2412 249 2486 stylo
268 2413 362 2468 curiae
381 2413 564 2485 affigere)qni
577 2413 692 2469 libellus
711 2419 754 2469 eet
771 2413 879 2470 tenoris
896 2414 1055 2484 sequentis:
1074 2412 1179 2466 Harum
1198 2413 1271 2469 seris
1289 2413 1359 2468 cita-

169 2525 219 2577 tur
243 2521 431 2593 peremptorie
450 2521 584 2576 Dominus
603 2522 729 2576 Andreas
747 2520 780 2576 N.
803 2521 858 2576 iam
883 2521 1070 2592 peremptorie
1095 2521 1207 2589 citatos,
1230 2525 1268 2587 st,
1292 2520 1359 2593 qnia

169 2641 228 2679 non
253 2626 419 2695 comparuit,
438 2596 588 2680 contumax
612 2625 779 2693 declaratus,
799 2624 834 2678 ad
859 2626 1075 2696 comparendum
1094 2627 1182 2681 Nobis
1203 2626 1277 2681 infra
1300 2632 1359 2682 tres

170 2730 232 2787 dies
250 2733 285 2785 ab
303 2732 482 2788 intimatione
501 2731 557 2805 (vel
576 2750 592 2785 a
611 2730 802 2801 publicatione
821 2732 845 2785 ei
865 2749 914 2801 per
929 2725 1050 2787 ¹modum
1075 2733 1160 2788 edicti
1176 2735 1230 2787 fist
1248 2733 1358 2804 citatio)

172 2838 364 2908 praesentium
383 2838 590 2909 computandas,
609 2838 643 2892 ad
663 2837 828 2892 audiendam
847 2838 1017 2893 sententiam
1037 2838 1213 2893 difinitivsm.
1227 2838 1357 2895 Datum..

1003 2980 1036 3034 N.
1056 2979 1186 3035 Vicariua
1203 2980 1358 3037 Generalis.

1004 3088 1038 3142 N.
1057 3088 1217 3143 Actuarina

262 3264 402 3321 Reversus
428 3268 523 3321 autem
550 3265 584 3319 sd
608 3281 653 3321 me
679 3265 769 3321 dictus
796 3263 912 3320 nuntius
937 3264 1054 3319 loannes
1081 3265 1180 3320 retulit
1207 3283 1237 3320 se
1265 3265 1355 3320 dia...

170 3371 328 3441 praesentis
353 3371 470 3439 mensis,
489 3368 595 3427 hora...
621 3372 749 3442 praefato
773 3369 903 3426 Andreae
928 3368 960 3424 N.
986 3376 1170 3426 memoratam
1193 3371 1357 3426 citationem

170 3476 357 3545 personaliter
377 3480 459 3546 prout
478 3476 507 3530 in
525 3476 659 3531 mandato
676 3476 832 3543 intimasse,
852 3475 933 3546 copia
957 3475 1048 3531 eidem
1067 3476 1176 3531 relicta.
1196 3479 1268 3531 Acts
1292 3480 1358 3531 sunt

171 3582 242 3639 haec
261 3582 342 3638 dis...
362 3584 501 3638 mensis...
521 3599 629 3639 anno...
651 3582 712 3653 Ego
730 3584 763 3638 N.
784 3584 952 3655 episcopalis
964 3582 1066 3640 Curiae
1079 3585 1183 3639 Cursor
1200 3584 1308 3639 affirmo
1326 3588 1359 3639 nt

173 3707 268 3763 snpra

1081 3797 1142 3869 Ego
1160 3797 1195 3852 N.
1214 3796 1355 3852 Notarius.

261 4007 333 4062 Nam
352 4010 467 4063 nuntius
485 4010 568 4066 tidem
587 4012 680 4067 lacere
692 4010 776 4068 debet
788 4028 817 4067 se
835 4015 984 4067 executum
1004 4028 1065 4067 esse
1083 4012 1244 4065 mandatnm
1257 4010 1358 4065 indicis

172 4119 202 4171 et
220 4120 298 4171 certa
316 4116 426 4171 ratione
445 4123 594 4173 executum
620 4120 720 4185 fnisse,
741 4120 812 4175 haec
830 4119 956 4174 scribens
980 4121 1025 4175 rel
1050 4120 1081 4173 in
1104 4117 1239 4189 originali
1265 4119 1310 4175 vel
1328 4118 1358 4173 in

173 4208 329 4293 exemplari
346 4223 436 4277 libelli
455 4224 588 4279 citatorii.
603 4224 655 4279 Sed
674 4224 774 4280 melius
792 4232 836 4281 est
854 4225 995 4295 originale
1013 4242 1125 4281 servare
1143 4228 1183 4281 cd
1199 4235 1263 4280 acta
1281 4229 1311 4281 et
1329 4224 1359 4279 in

174 4345 208 4384 eo
227 4329 309 4387 fidem
327 4332 421 4387 facere
440 4330 474 4387 de
493 4336 613 4387 executa
631 4332 775 4387 citatione.
