3350 5100
343 332 409 400 534
849 353 933 400 rans
957 352 1008 400 ιιι.

342 464 417 542 citio
429 481 715 546 sacramentorum.
728 485 836 542 tamen
848 477 1026 563 proniores
1041 479 1109 542 sive
1121 477 1160 543 ob
1173 479 1376 544 iterationem
1389 484 1511 543 actuum

343 601 413 665 sive
436 598 476 664 ob
499 600 643 664 intimam
668 599 837 674 malitiam;
862 600 962 664 veluti
987 601 1110 665 crimen
1133 601 1386 668 sollicitationis.

429 723 506 791 528.
530 724 627 789 Modo
657 724 698 790 de
725 724 828 790 Sacra
851 725 970 810 Gongr.
994 725 1151 810 Suprema
1173 727 1234 792 Un.
1263 726 1355 789 Rom.
1380 725 1514 808 Inquisi-

344 852 450 914 tionis.
477 885 494 897 -
522 849 612 914 Haec
638 849 758 934 congr.
783 848 902 916 dicitur
923 851 1019 914 etiam
1044 851 1078 915 S.
1105 849 1258 934 Officium
1281 849 1322 915 ob
1350 869 1462 914 munus
1486 850 1513 912 ei

343 971 532 1038 incumbens
555 972 739 1057 inquirendi
755 974 787 1037 in
804 973 1002 1038 haereticam
1019 974 1219 1058 pravitatem.
1238 971 1392 1038 Tribunal
1408 971 1514 1036 huius-

345 1097 428 1162 modi
453 1098 670 1181 inquisitivnm
687 1098 819 1171 Romae,
836 1100 882 1162 uti
907 1097 1024 1183 passim
1047 1099 1082 1162 in
1105 1097 1177 1162 aliis
1195 1097 1370 1182 provinciis
1387 1101 1419 1160 et
1434 1094 1513 1159 dioe-

341 1219 476 1292 cesibus.
494 1221 700 1286 constitutum
712 1220 773 1288 fuit
784 1223 955 1288 occasione
975 1222 1120 1286 haeresis
1137 1220 1368 1304 Albigensium,
1386 1219 1513 1284 hortatu

343 1350 376 1410 et
398 1363 498 1431 opera
519 1345 660 1409 maxime
676 1344 707 1410 S.
725 1345 892 1416 Dominioi,
911 1382 929 1392 -
948 1345 1069 1410 Romae
1084 1345 1147 1410 hoc
1163 1363 1297 1410 munere
1321 1342 1516 1429 ¹fungebatur

343 1467 501 1554 Magister
531 1468 623 1535 Sacri
652 1469 767 1534 Palatii
792 1489 810 1532 e
834 1468 1127 1536 Praedicatoribus.
1152 1467 1348 1538 Mandatum.
1373 1486 1436 1551 quo
1464 1466 1516 1530 hic

343 1591 535 1678 potiebatur,
548 1598 620 1660 erat
631 1613 697 1658 non
710 1594 905 1660 automata
916 1593 971 1659 sed
984 1594 1129 1680 speciata
1144 1614 1203 1679 pro
1219 1593 1357 1659 dioecesi
1370 1593 1515 1658 Romana

341 1736 405 1782 non
425 1739 519 1785 secus
533 1739 573 1784 ac
588 1721 621 1785 in
637 1720 709 1784 aliis
724 1719 923 1784 dioecesibus
947 1721 1152 1786 constitutum
1177 1720 1293 1792 luerat,
1311 1719 1364 1784 ubi
1380 1719 1516 1806 Inquisi-

343 1847 431 1907 tores
454 1863 569 1907 munus
600 1845 805 1910 cumulatius
835 1865 907 1909 cum
939 1843 1122 1909 Ordinariis
1151 1845 1297 1910 locorum
1318 1840 1514 1908 exercebant

342 1965 382 2029 ad
406 1965 672 2051 compescendam
688 1966 867 2043 haeresim;
891 1966 1030 2052 proinde·
1043 1969 1129 2034 inter
1146 1967 1357 2052 inquisitores
1372 1971 1404 2030 et
1420 1964 1515 2032 Ordi-

341 2093 451 2156 narios
474 2111 662 2157 concessum
687 2097 736 2157 est
759 2093 807 2157 ius
827 2092 1090 2176 praeventionis.

423 2217 468 2281 At
479 2237 563 2281 saec.
577 2217 659 2284 XVI
672 2217 818 2282 haeresis
831 2217 1004 2291 Laterano,
1018 2235 1099 2301 quae
1111 2217 1169 2283 sub
1181 2205 1332 2304 pretextu
1350 2217 1516 2281 Reforma-

338 2341 435 2404 tionis
450 2343 574 2406 animas
588 2339 729 2406 fidelium
746 2342 893 2406 incautas
915 2340 1067 2427 decipere
1086 2341 1267 2406 minabatur
1284 2347 1316 2406 et
1330 2361 1415 2406 anuo
1429 2341 1516 2407 1542

340 2465 405 2530 iam
418 2465 485 2530 late
500 2464 660 2552 serpebat,
676 2466 804 2531 occasio
820 2466 881 2530 fuit
897 2466 999 2530 Paulo
1018 2468 1066 2532 lll
1086 2467 1270 2557 instituendi
1288 2465 1517 2553 Congregatio·

341 2605 413 2656 nem
429 2590 461 2657 S.
484 2589 591 2656 Officii
606 2612 664 2657 seu
679 2592 773 2677 Supr.
790 2593 957 2657 Romanae
974 2594 1042 2677 luq.
1059 2612 1141 2681 quae
1161 2594 1314 2679 deinceps
1333 2593 1516 2659 Tribunalis

340 2714 372 2779 S.
385 2712 493 2780 Officii
508 2715 603 2798 plene
620 2718 769 2781 exercuit
783 2720 909 2781 munus.
922 2715 1025 2780 Huius
1041 2718 1256 2801 competentia
1270 2716 1310 2781 ad
1327 2718 1514 2782 uniuersum

338 2837 452 2903 orbem
467 2844 604 2904 extensa
614 2844 663 2904 est
678 2848 788 2905 utnon
805 2840 907 2903 solum
921 2839 960 2904 de
972 2839 1118 2905 haeresis
1131 2841 1268 2905 crimine
1280 2840 1515 2925 compescendo

338 2967 460 3049 ageret,
485 2963 541 3028 sed
564 2964 661 3028 etiam
684 2982 724 3029 ea
746 2964 855 3028 omnia
877 2962 1083 3045 deliberaret
1107 2966 1292 3029 consuleret
1307 2984 1390 3049 quae
1405 2984 1516 3030 neces-

337 3088 425 3151 saria
439 3088 492 3152 vel
508 3095 689 3173 opportuna
703 3087 893 3153 viderentur
909 3086 949 3151 ad
965 3091 1121 3153 immunes
1144 3086 1256 3153 fideles
1274 3088 1515 3154 conservandos

338 3209 379 3274 ab
401 3209 548 3275 haeresis
571 3212 730 3297 contagio.
747 3212 856 3286 Quare
871 3232 930 3298 pro
947 3232 1003 3277 suo
1019 3213 1164 3277 instituto
1183 3212 1244 3276 hoc
1269 3210 1424 3277 Tribunal
1440 3212 1515 3277 hae·

339 3336 436 3399 resim
461 3337 667 3420 persequitur
685 3338 796 3421 poenis
811 3343 846 3401 et
859 3336 987 3403 assidua
1011 3338 1215 3420 inquisitione
1231 3355 1301 3400 eam
1322 3337 1514 3421 propulsare

337 3458 494 3545 advigilat
510 3460 709 3545 proindeque
724 3481 764 3526 ea
779 3482 906 3547 qnoque
921 3464 1058 3527 crimina
1072 3463 1112 3527 ad
1128 3483 1219 3529 sunm
1235 3462 1387 3527 iudicium
1405 3484 1513 3529 reser·
1638 3530 1639 3557 1

336 3586 393 3646 vat
415 3601 497 3665 quae
512 3586 572 3647 etsi
587 3583 766 3669 professam
782 3580 847 3649 non
864 3586 1051 3651 contineant
1072 3586 1244 3657 haeresim,
1268 3591 1376 3651 tamen
1400 3586 1513 3651 viden·
1638 3560 1639 3589 ¹

337 3708 393 3766 tur
408 3702 559 3768 redolere
573 3704 747 3769 haeresim.
764 3707 856 3770 Haec
873 3698 1021 3770 est‘ratio
1035 3705 1194 3788 formalis
1209 3707 1428 3773 determinans
1444 3708 1513 3772 eius
1638 3716 1639 3757 i

337 3831 582 3913 competentiam
601 3830 821 3911 privativam,
846 3830 947 3897 Sistus
970 3832 1003 3896 V
1026 3852 1084 3896 sua
1107 3832 1238 3897 Oonstit.
1266 3855 1285 3894 ‹
1301 3833 1509 3898 laumense»

337 3950 423 4017 hanc
447 3952 565 4038 congr.
590 3949 793 4018 confirmavit
816 3958 849 4019 et
871 3955 1125 4039 praeeminentia
1147 3975 1245 4039 super
1268 3954 1347 4021 alias
1371 3955 1425 4021 SS·
1450 3954 1511 4023 GC.

337 4076 438 4142 auxit.
463 4110 481 4124 -
506 4076 662 4160 Equidem
686 4078 756 4164 ipse
783 4078 814 4143 S.
844 4078 996 4143 Pontifex
1016 4078 1157 4144 eiusdem
1185 4078 1244 4144 sibi
1270 4082 1388 4146 retinet
1415 4081 1511 4145 Prae

337 4201 514 4277 lecturam
537 4207 572 4269 at
593 4203 627 4267 in
657 4202 831 4268 ordinariis
853 4202 1070 4269 cardinalium
1094 4204 1311 4270 conventibus
1332 4203 1510 4272 cardinalis

336 4324 497 4407 antiquior
511 4326 597 4389 inter
612 4326 680 4390 ΕΕ.
706 4326 773 4390 ΡΡ.
792 4328 1002 4410 inquisitores
1025 4327 1100 4391 huic
1117 4327 1365 4414 congregationi
1388 4328 1509 4395 adscri-

335 4454 416 4533 ptos,
432 4447 608 4514 Secretarii
631 4468 766 4515 munere
789 4449 880 4537 fungi
903 4451 994 4516 solet.
