3350 5100
351 245 418 310 240
864 265 948 312 rens
972 264 1009 310 11.

351 401 578 469 aggressuram
599 385 683 449 iuste
705 386 843 470 perimit,
860 382 1030 449 dummodo
1053 386 1163 448 servet
1186 381 1396 447 moderamen
1428 381 1530 445 11111-
1635 393 1636 438 f

351 515 445 594 patae
459 510 580 577 tutelae
597 510 645 576 cf.
661 511 725 574 vol.
744 511 806 590 ΙΙΙ,
823 530 855 574 n.
873 509 925 575 30.
941 511 1084 575 Proinde
1097 511 1156 576 etsi
1168 508 1255 576 adsit
1270 510 1382 574 titium
1395 507 1530 578 mor-ale,

352 633 427 715 quia
449 638 561 718 utputa
575 652 758 718 aggressus,
774 633 886 698 libenti
906 633 1022 713 animo,
1047 631 1164 698 occidit
1187 651 1279 697 suum
1303 649 1532 716 aggressurem

353 774 446 836 quem
470 754 542 820 odio
564 753 732 826 afficiebat,
748 759 858 820 tamen
875 757 908 818 in
923 774 1114 840 aggressum
1137 773 1202 818 non
1227 758 1278 818 est
1297 753 1388 818 locus
1411 753 1533 816 actioni

351 881 520 952 criminali,
544 883 570 944 si
594 880 654 943 iste
680 900 715 944 sa
741 878 896 944 defendat
918 880 1127 964 exceptione,
1151 899 1186 943 se
1209 879 1434 944 moderamen
1458 895 1533 941 ser-

351 1022 448 1068 casse
470 1003 666 1086 inculpatae
689 1006 823 1070 tutelae.

445 1130 517 1196 175.
535 1131 630 1194 Actio
654 1129 831 1195 criminalis
855 1131 888 1194 in
913 1131 985 1194 iure
1011 1130 1124 1195 eccles.
1149 1137 1200 1194 est
1227 1115 1282 1194 ius
1302 1125 1536 1212 persequendi

353 1254 505 1322 remedia
515 1255 679 1338 poenalia
699 1256 873 1319 constituta
894 1253 935 1318 ad
959 1252 1174 1339 reparandam
1197 1254 1344 1320 criminis
1365 1251 1535 1317 deordina-

352 1382 486 1454 tionem;
510 1381 544 1443 in
568 1380 640 1442 iure
662 1385 770 1446 autem
793 1379 921 1464 poenali
948 1378 1065 1443 eccles.
1088 1377 1166 1442 illud
1195 1383 1245 1444 est
1272 1377 1447 1463 singulare.
1473 1395 1534 1462 pro

217 1532 222 1542 ·
353 1505 459 1570 indole
481 1507 644 1571 societatis
661 1505 789 1575 eccles..
806 1508 842 1570 ut
857 1505 941 1570 haec
965 1491 1108 1570 remedia
1131 1501 1226 1590 (quod
1251 1510 1346 1570 cavet
1373 1507 1427 1570 cit.
1454 1506 1535 1570 lnst.

356 1630 422 1695 EE.
437 1635 470 1694 et.
482 1630 521 1694 R.
536 1629 588 1714 n)
600 1630 665 1693 alia
677 1631 840 1712 proxime
856 1631 993 1694 crimina
1003 1629 1244 1713 praeveniunt,
1260 1631 1325 1695 alia
1339 1630 1536 1714 reprimunt

354 1760 387 1818 et
409 1755 578 1820 owdetum
600 1756 759 1837 offerant.
786 1755 869 1834 (Art.
899 1753 933 1840 2)
957 1757 1091 1838 inquam
1110 1755 1283 1836 premiere,
1310 1756 1429 1819 etenim
1458 1753 1535 1819 dum

354 1897 466 1942 omnes
492 1878 581 1962 leges
605 1879 844 1943 constituuntur
869 1880 908 1943 ad
933 1877 1191 1963 praeveniendas
1214 1876 1478 1944 deordinationes
1502 1880 1535 1942 in

354 2002 581 2067 constitutione
610 2001 745 2068 i'uridica
772 2003 956 2077 societatie;
988 2003 1132 2068 remedia
1162 2003 1312 2088 poenalia
1341 2002 1537 2068 ordinantur

353 2129 444 2192 hisce
474 2126 625 2193 remediis
647 2127 894 2212 praeveniendis
917 2135 973 2193 aut
998 2127 1213 2213 reprimendis
1237 2127 1340 2212 quoad
1368 2129 1532 2213 singulum

355 2252 458 2317 civem
474 2253 528 2335 qui
541 2251 694 2317 delictum
716 2253 779 2316 iam
795 2254 936 2337 patravit
952 2253 1003 2317 rel
1020 2253 1083 2317 iam
1109 2254 1172 2318 iam
1193 2257 1379 2337 patraturus
1395 2261 1453 2326 est,
1471 2254 1534 2317 nisi

355 2376 466 2443 sedulo
482 2382 697 2443 removeatur.
716 2412 731 2424 -
747 2377 836 2443 Finis
852 2377 1020 2442 Ecclesiae
1037 2383 1086 2443 est
1103 2375 1295 2442 santificatio
1320 2377 1534 2462 singulorum,

355 2502 487 2585 eiusque
497 2499 635 2567 iuridica
646 2501 830 2567 constitutio
843 2501 980 2573 socialis,
990 2499 1052 2577 (Gi.
1063 2501 1139 2567 Vol.
1149 2501 1210 2575 111,
1225 2521 1256 2567 1.
1273 2499 1326 2589 13)
1336 2501 1535 2586 huospectat

355 2632 391 2689 ut
413 2622 593 2709 permedia
614 2622 739 2698 idonea,
758 2626 854 2689 etiam
866 2625 1039 2707 poenalia,
1056 2625 1200 2711 singulos
1223 2638 1391 2691 removeat
1412 2624 1535 2689 amalo

357 2748 514 2832 patrando
540 2734 636 2813 etad
658 2749 722 2813 hoo
748 2748 881 2813 adhibet
907 2748 1118 2822 monitiones,
1138 2754 1336 2832 praecepta,
1360 2766 1537 2827 censueras,

351 2892 484 2956 poenas
501 2875 646 2957 proprie
661 2874 778 2947 dictus,
792 2874 906 2957 quibus
922 2874 1061 2939 consulit
1080 2880 1147 2939 tum
1164 2871 1409 2940 sanctificationi
1428 2875 1537 2959 singu-

356 2999 471 3071 lorum,
495 3004 562 3065 tum
586 2997 669 3063 bono
692 3000 865 3063 universae
891 3000 1061 3064 societatis.

447 3124 521 3189 176.
548 3123 669 3189 Nedum
692 3124 839 3208 privatus
862 3123 917 3189 sed
942 3122 1087 3208 publicus
1110 3142 1236 3208 quoque
1259 3128 1432 3189 accusator
1453 3142 1535 3207 opus

356 3246 455 3313 habet
470 3250 596 3313 actione
619 3248 779 3313 criminali
802 3254 838 3313 ut
855 3249 1014 3314 instauret
1036 3247 1187 3313 iudicium
1207 3251 1239 3313 et
1254 3247 1402 3312 obtinere
1425 3246 1535 3310 valeat

357 3371 547 3438 sententiam
571 3369 751 3435 iudicialem
776 3368 1061 3437 condemnationis.
1081 3406 1098 3417 -
1118 3371 1270 3435 Privatus
1287 3372 1459 3435 aecusator
1474 3368 1535 3432 ali-

357 3494 484 3580 quando
500 3499 592 3561 caret
606 3494 765 3559 criminali
788 3496 916 3560 actione
931 3494 1006 3579 quia
1031 3496 1195 3580 respuitur
1209 3494 1250 3560 ad
1273 3493 1413 3579 13111110,
1431 3494 1534 3559 111111

357 3618 459 3684 laicus
484 3636 549 3682 non
571 3616 748 3682 admittitur
773 3618 805 3680 in
833 3634 956 3701 genere
972 3614 1083 3702 (supra
1099 3638 1130 3683 n.
1151 3616 1226 3704 133)
1249 3617 1290 3682 ab
1314 3616 1535 3683 accusandum

358 3744 521 3809 clericum.
549 3778 567 3791 -
593 3740 745 3815 Publicus
769 3747 877 3807 autem
900 3746 1073 3809 accusator
1094 3762 1160 3808 non
1185 3743 1307 3828 patitur
1340 3742 1401 3807 has
1420 3760 1536 3825 perso·

357 3870 453 3935 nates
468 3868 684 3953 exceptiones,
701 3866 757 3933 sed
773 3872 897 3933 tantum
913 3867 953 3933 ab
968 3870 1173 3935 accusatione
1188 3874 1336 3941 arcetur,
1353 3869 1380 3933 si
1395 3887 1534 3953 poenam

359 4014 453 4077 quam
476 3996 655 4080 expetitio
677 3999 875 4067 accusatum,
900 3995 931 4057 vi
955 3994 1045 4074 iuris,
1069 3995 1177 4079 expeti
1203 4014 1268 4060 non
1293 3994 1393 4075 valet,
1417 3996 1536 4080 quippe

359 4116 537 4197 accusatio,
562 4132 626 4199 qua
648 4116 751 4189 actio,
774 4120 825 4181 est
852 4116 902 4179 ius
930 4113 1143 4199 persequendi
1174 4134 1310 4200 poenam
1341 4116 1373 4179 in
1406 4113 1534 4179 iudicio.

360 4238 486 4303 Verum
508 4239 654 4325 publicus
676 4245 848 4305 accusator
873 4259 935 4303 non
959 4244 1081 4305 tantam
1104 4240 1320 4307 ordinarium
1343 4238 1536 4305 111111111-

359 4364 450 4426 riom
472 4363 529 4429 sed
552 4366 648 4428 etiam
671 4364 993 4430 extraordinarium
1016 4382 1151 4448 poenam
1175 4364 1325 4449 persequi
1341 4362 1430 4427 valet
1453 4363 1535 4429 iudi·
