<?xml version="1.0" encoding="UTF-8"?>
<!DOCTYPE html PUBLIC "-//W3C//DTD XHTML 1.0 Transitional//EN"
    "http://www.w3.org/TR/xhtml1/DTD/xhtml1-transitional.dtd">
<html xmlns="http://www.w3.org/1999/xhtml" xml:lang="en" lang="en">
 <head>
  <title>
</title>
<meta http-equiv="Content-Type" content="text/html;charset=utf-8" />
  <meta name='ocr-system' content='tesseract 3.04.00' />
  <meta name='ocr-capabilities' content='ocr_page ocr_carea ocr_par ocr_line ocrx_word'/>
</head>
<body>
  <div class='ocr_page' id='page_1' title='image "./praelectionesin00legagoog_0670.png"; bbox 0 0 3350 5100; ppageno 0'>
   <div class='ocr_carea' id='block_1_1' title="bbox 347 246 1058 319">
    <p class='ocr_par' dir='ltr' id='par_1_1' title="bbox 347 246 1058 319">
     <span class='ocr_line' id='line_1_1' title="bbox 347 246 1058 319; baseline 0.001 -8"><span class='ocrx_word' id='word_1_1' title='bbox 347 246 413 311; x_wconf 83' lang='lat'><strong>668</strong></span> <span class='ocrx_word' id='word_1_2' title='bbox 809 264 916 315; x_wconf 80' lang='lat' dir='ltr'><strong>innnx</strong></span> <span class='ocrx_word' id='word_1_3' title='bbox 941 266 1058 319; x_wconf 79' lang='lat' dir='ltr'><strong>annun</strong></span> 
     </span>
    </p>
   </div>
   <div class='ocr_carea' id='block_1_2' title="bbox 345 386 1527 2744">
    <p class='ocr_par' dir='ltr' id='par_1_2' title="bbox 346 386 1515 531">
     <span class='ocr_line' id='line_1_2' title="bbox 347 386 1515 461; baseline 0.003 -20"><span class='ocrx_word' id='word_1_4' title='bbox 347 402 410 456; x_wconf 86' lang='lat' dir='ltr'><strong>pag.</strong></span> <span class='ocrx_word' id='word_1_5' title='bbox 428 387 460 454; x_wconf 77' lang='lat'><strong>73</strong></span> <span class='ocrx_word' id='word_1_6' title='bbox 479 416 492 429; x_wconf 93' lang='lat'><em>·</em></span> <span class='ocrx_word' id='word_1_7' title='bbox 518 387 644 442; x_wconf 74' lang='lat' dir='ltr'>evolutio</span> <span class='ocrx_word' id='word_1_8' title='bbox 668 386 803 443; x_wconf 83' lang='lat' dir='ltr'><strong>historica</strong></span> <span class='ocrx_word' id='word_1_9' title='bbox 825 386 910 442; x_wconf 84' lang='lat' dir='ltr'><strong>buius</strong></span> <span class='ocrx_word' id='word_1_10' title='bbox 963 404 1028 443; x_wconf 88' lang='lat' dir='ltr'><strong>nem</strong></span> <span class='ocrx_word' id='word_1_11' title='bbox 1046 390 1190 445; x_wconf 87' lang='lat' dir='ltr'><strong>obtentam</strong></span> <span class='ocrx_word' id='word_1_12' title='bbox 1209 408 1226 445; x_wconf 89' lang='lat' dir='ltr'><strong>a</strong></span> <span class='ocrx_word' id='word_1_13' title='bbox 1244 389 1271 448; x_wconf 87' lang='lat' dir='ltr'><strong>S.</strong></span> <span class='ocrx_word' id='word_1_14' title='bbox 1290 389 1369 456; x_wconf 83' lang='lat' dir='ltr'><strong>Sede,</strong></span> <span class='ocrx_word' id='word_1_15' title='bbox 1389 406 1448 461; x_wconf 84' lang='lat' dir='ltr'><strong>pag.</strong></span> <span class='ocrx_word' id='word_1_16' title='bbox 1467 390 1515 446; x_wconf 80' lang='lat'><strong>133</strong></span> 
     </span>
     <span class='ocr_line' id='line_1_3' title="bbox 346 457 1068 531; baseline 0.007 -21"><span class='ocrx_word' id='word_1_17' title='bbox 346 474 490 524; x_wconf 84' lang='lat' dir='ltr'><strong>censurae,</strong></span> <span class='ocrx_word' id='word_1_18' title='bbox 507 460 573 513; x_wconf 80' lang='lat' dir='ltr'><strong>ibid.</strong></span> <span class='ocrx_word' id='word_1_19' title='bbox 593 488 606 500; x_wconf 93' lang='lat'><strong>·</strong></span> <span class='ocrx_word' id='word_1_20' title='bbox 626 458 656 512; x_wconf 93' lang='lat' dir='ltr'><strong>ln</strong></span> <span class='ocrx_word' id='word_1_21' title='bbox 674 457 852 527; x_wconf 69' lang='lat' dir='ltr'><strong>negligentes</strong></span> <span class='ocrx_word' id='word_1_22' title='bbox 864 458 908 514; x_wconf 89' lang='lat' dir='ltr'><strong>vel</strong></span> <span class='ocrx_word' id='word_1_23' title='bbox 964 464 994 515; x_wconf 92' lang='lat' dir='ltr'><strong>et</strong></span> <span class='ocrx_word' id='word_1_24' title='bbox 1012 476 1068 531; x_wconf 88' lang='lat' dir='ltr'><strong>seq.</strong></span> 
     </span>
    </p>

    <p class='ocr_par' dir='ltr' id='par_1_3' title="bbox 346 529 910 599">
     <span class='ocr_line' id='line_1_4' title="bbox 346 529 910 599; baseline 0.005 -17"><span class='ocrx_word' id='word_1_25' title='bbox 346 529 527 599; x_wconf 68' lang='lat' dir='ltr'><strong>culpabiliter</strong></span> <span class='ocrx_word' id='word_1_26' title='bbox 553 530 718 585; x_wconf 84' lang='lat' dir='ltr'><strong>omittentes</strong></span> <span class='ocrx_word' id='word_1_27' title='bbox 740 530 910 585; x_wconf 72' lang='lat' dir='ltr'><strong>denunciare</strong></span> 
     </span>
    </p>

    <p class='ocr_par' dir='ltr' id='par_1_4' title="bbox 345 602 1525 1171">
     <span class='ocr_line' id='line_1_5' title="bbox 347 602 1519 660; baseline 0.005 -7"><span class='ocrx_word' id='word_1_28' title='bbox 347 602 420 655; x_wconf 82' lang='lat' dir='ltr'><strong>infra</strong></span> <span class='ocrx_word' id='word_1_29' title='bbox 431 618 556 657; x_wconf 88' lang='lat' dir='ltr'><strong>mensem</strong></span> <span class='ocrx_word' id='word_1_30' title='bbox 568 603 753 656; x_wconf 75' lang='lat' dir='ltr'><strong>confessarios</strong></span> <span class='ocrx_word' id='word_1_31' title='bbox 762 602 807 656; x_wconf 83' lang='lat' dir='ltr'><strong>vel</strong></span> <span class='ocrx_word' id='word_1_32' title='bbox 818 618 911 657; x_wconf 83' lang='lat' dir='ltr'><strong>sacer·</strong></span> <span class='ocrx_word' id='word_1_33' title='bbox 1015 604 1159 659; x_wconf 73' lang='lat' dir='ltr'><strong>Eceeraio.</strong></span> <span class='ocrx_word' id='word_1_34' title='bbox 1173 632 1207 647; x_wconf 91' lang='lat'>-</span> <span class='ocrx_word' id='word_1_35' title='bbox 1221 604 1260 659; x_wconf 87' lang='lat' dir='ltr'><strong>De</strong></span> <span class='ocrx_word' id='word_1_36' title='bbox 1279 605 1444 660; x_wconf 84' lang='lat' dir='ltr'><strong>executione</strong></span> <span class='ocrx_word' id='word_1_37' title='bbox 1461 620 1519 659; x_wconf 87' lang='lat' dir='ltr'><strong>seu-</strong></span> 
     </span>
     <span class='ocr_line' id='line_1_6' title="bbox 346 672 1520 747; baseline 0.003 -21"><span class='ocrx_word' id='word_1_38' title='bbox 346 673 425 727; x_wconf 86' lang='lat' dir='ltr'><strong>dotes</strong></span> <span class='ocrx_word' id='word_1_39' title='bbox 440 672 628 728; x_wconf 85' lang='lat' dir='ltr'><strong>sollicitantes</strong></span> <span class='ocrx_word' id='word_1_40' title='bbox 639 672 674 727; x_wconf 88' lang='lat' dir='ltr'><strong>ad</strong></span> <span class='ocrx_word' id='word_1_41' title='bbox 687 674 788 742; x_wconf 79' lang='lat' dir='ltr'><strong>turpia,</strong></span> <span class='ocrx_word' id='word_1_42' title='bbox 801 690 865 743; x_wconf 86' lang='lat' dir='ltr'><strong>pag.</strong></span> <span class='ocrx_word' id='word_1_43' title='bbox 877 672 911 739; x_wconf 81' lang='lat'><strong>83</strong></span> <span class='ocrx_word' id='word_1_44' title='bbox 963 676 1068 731; x_wconf 88' lang='lat' dir='ltr'><strong>tentiae</strong></span> <span class='ocrx_word' id='word_1_45' title='bbox 1075 676 1232 747; x_wconf 85' lang='lat' dir='ltr'><strong>tumquoad</strong></span> <span class='ocrx_word' id='word_1_46' title='bbox 1239 677 1454 747; x_wconf 87' lang='lat' dir='ltr'><strong>competentiam</strong></span> <span class='ocrx_word' id='word_1_47' title='bbox 1461 692 1520 730; x_wconf 89' lang='lat' dir='ltr'><strong>exe-</strong></span> 
     </span>
     <span class='ocr_line' id='line_1_7' title="bbox 346 744 1520 819; baseline 0.002 -22"><span class='ocrx_word' id='word_1_48' title='bbox 346 762 364 797; x_wconf 92' lang='lat' dir='ltr'><strong>a</strong></span> <span class='ocrx_word' id='word_1_49' title='bbox 375 744 635 815; x_wconf 85' lang='lat' dir='ltr'><strong>quibueetquando</strong></span> <span class='ocrx_word' id='word_1_50' title='bbox 645 746 812 809; x_wconf 81' lang='lat' dir='ltr'><strong>incurratur,</strong></span> <span class='ocrx_word' id='word_1_51' title='bbox 822 746 888 801; x_wconf 83' lang='lat' dir='ltr'><strong>ibid.</strong></span> <span class='ocrx_word' id='word_1_52' title='bbox 898 773 911 787; x_wconf 95' lang='lat'><em>-</em></span> <span class='ocrx_word' id='word_1_53' title='bbox 961 752 1098 812; x_wconf 82' lang='lat' dir='ltr'><strong>catorum,</strong></span> <span class='ocrx_word' id='word_1_54' title='bbox 1113 753 1171 801; x_wconf 87' lang='lat' dir='ltr'><strong>tum</strong></span> <span class='ocrx_word' id='word_1_55' title='bbox 1186 747 1277 819; x_wconf 86' lang='lat' dir='ltr'><strong>quoad</strong></span> <span class='ocrx_word' id='word_1_56' title='bbox 1296 748 1407 801; x_wconf 84' lang='lat' dir='ltr'><strong>modum</strong></span> <span class='ocrx_word' id='word_1_57' title='bbox 1424 764 1520 803; x_wconf 87' lang='lat' dir='ltr'><strong>execu-</strong></span> 
     </span>
     <span class='ocr_line' id='line_1_8' title="bbox 346 816 1521 890; baseline 0.003 -21"><span class='ocrx_word' id='word_1_58' title='bbox 346 832 385 886; x_wconf 70' lang='grc' dir='ltr'><strong>ες.</strong></span> <span class='ocrx_word' id='word_1_59' title='bbox 400 845 411 856; x_wconf 90' lang='grc'>·</span> <span class='ocrx_word' id='word_1_60' title='bbox 425 817 456 871; x_wconf 89' lang='lat' dir='ltr'><strong>ln</strong></span> <span class='ocrx_word' id='word_1_61' title='bbox 469 816 615 885; x_wconf 88' lang='lat' dir='ltr'><strong>religiosos</strong></span> <span class='ocrx_word' id='word_1_62' title='bbox 628 821 838 885; x_wconf 86' lang='lat' dir='ltr'><strong>praesumentes</strong></span> <span class='ocrx_word' id='word_1_63' title='bbox 849 817 910 871; x_wconf 85' lang='lat' dir='ltr'><strong>aine</strong></span> <span class='ocrx_word' id='word_1_64' title='bbox 962 819 1056 883; x_wconf 87' lang='lat' dir='ltr'><strong>tionis,</strong></span> <span class='ocrx_word' id='word_1_65' title='bbox 1067 834 1129 887; x_wconf 85' lang='lat' dir='ltr'><strong>pag.</strong></span> <span class='ocrx_word' id='word_1_66' title='bbox 1140 818 1201 873; x_wconf 84' lang='grc'><strong>338.</strong></span> <span class='ocrx_word' id='word_1_67' title='bbox 1212 848 1226 860; x_wconf 87' lang='grc'><em>·</em></span> <span class='ocrx_word' id='word_1_68' title='bbox 1236 816 1271 873; x_wconf 80' lang='grc' dir='ltr'><strong>Εἰ</strong></span> <span class='ocrx_word' id='word_1_69' title='bbox 1285 820 1317 873; x_wconf 85' lang='lat' dir='ltr'><strong>tit</strong></span> <span class='ocrx_word' id='word_1_70' title='bbox 1328 820 1521 890; x_wconf 82' lang='lat' dir='ltr'><strong>locusquendo</strong></span> 
     </span>
     <span class='ocr_line' id='line_1_9' title="bbox 345 888 1523 960; baseline 0.003 -20"><span class='ocrx_word' id='word_1_71' title='bbox 345 888 442 944; x_wconf 92' lang='lat' dir='ltr'><strong>debita</strong></span> <span class='ocrx_word' id='word_1_72' title='bbox 458 888 575 942; x_wconf 85' lang='lat' dir='ltr'><strong>licentia</strong></span> <span class='ocrx_word' id='word_1_73' title='bbox 595 889 755 942; x_wconf 85' lang='lat' dir='ltr'><strong>ministrare</strong></span> <span class='ocrx_word' id='word_1_74' title='bbox 793 889 910 942; x_wconf 87' lang='lat' dir='ltr'><strong>uaedam</strong></span> <span class='ocrx_word' id='word_1_75' title='bbox 962 891 1103 945; x_wconf 86' lang='lat' dir='ltr'><strong>sententia</strong></span> <span class='ocrx_word' id='word_1_76' title='bbox 1127 889 1317 960; x_wconf 75' lang='lat' dir='ltr'><strong>appellatione</strong></span> <span class='ocrx_word' id='word_1_77' title='bbox 1343 892 1441 959; x_wconf 89' lang='lat' dir='ltr'><strong>impeti</strong></span> <span class='ocrx_word' id='word_1_78' title='bbox 1466 908 1523 943; x_wconf 86' lang='lat' dir='ltr'><strong>am-</strong></span> 
     </span>
     <span class='ocr_line' id='line_1_10' title="bbox 347 904 1523 1032; baseline 0.004 -20"><span class='ocrx_word' id='word_1_79' title='bbox 347 966 531 1026; x_wconf 85' lang='lat' dir='ltr'><strong>aacramenta,</strong></span> <span class='ocrx_word' id='word_1_80' title='bbox 551 976 614 1029; x_wconf 89' lang='lat' dir='ltr'><strong>pag.</strong></span> <span class='ocrx_word' id='word_1_81' title='bbox 636 958 684 1024; x_wconf 88' lang='lat'><strong>10;</strong></span> <span class='ocrx_word' id='word_1_82' title='bbox 697 987 711 1001; x_wconf 95' lang='lat'>-</span> <span class='ocrx_word' id='word_1_83' title='bbox 724 904 849 1013; x_wconf 78' lang='lat' dir='ltr'><strong>euoiutio</strong></span> <span class='ocrx_word' id='word_1_84' title='bbox 869 958 911 1013; x_wconf 85' lang='lat' dir='ltr'><strong>bi·</strong></span> <span class='ocrx_word' id='word_1_85' title='bbox 963 962 1036 1032; x_wconf 90' lang='lat' dir='ltr'><strong>plius</strong></span> <span class='ocrx_word' id='word_1_86' title='bbox 1060 978 1116 1016; x_wconf 90' lang='lat' dir='ltr'><strong>nou</strong></span> <span class='ocrx_word' id='word_1_87' title='bbox 1138 964 1233 1031; x_wconf 86' lang='lat' dir='ltr'><strong>possit,</strong></span> <span class='ocrx_word' id='word_1_88' title='bbox 1256 978 1318 1031; x_wconf 89' lang='lat' dir='ltr'><strong>pag.</strong></span> <span class='ocrx_word' id='word_1_89' title='bbox 1340 962 1402 1016; x_wconf 82' lang='grc'><strong>424,</strong></span> <span class='ocrx_word' id='word_1_90' title='bbox 1421 961 1523 1023; x_wconf 85' lang='lat' dir='ltr'><strong>-Quo-</strong></span> 
     </span>
     <span class='ocr_line' id='line_1_11' title="bbox 345 1030 1525 1101; baseline 0.003 -18"><span class='ocrx_word' id='word_1_91' title='bbox 345 1033 459 1098; x_wconf 85' lang='lat' dir='ltr'><strong>storica,</strong></span> <span class='ocrx_word' id='word_1_92' title='bbox 476 1032 542 1086; x_wconf 79' lang='lat' dir='ltr'><strong>ibid.</strong></span> <span class='ocrx_word' id='word_1_93' title='bbox 561 1046 615 1100; x_wconf 50' lang='lat' dir='ltr'><strong>ape</strong></span> <span class='ocrx_word' id='word_1_94' title='bbox 630 1059 641 1073; x_wconf 92' lang='lat'><strong>·</strong></span> <span class='ocrx_word' id='word_1_95' title='bbox 654 1030 766 1101; x_wconf 87' lang='lat' dir='ltr'><strong>quando</strong></span> <span class='ocrx_word' id='word_1_96' title='bbox 777 1035 808 1087; x_wconf 86' lang='lat' dir='ltr'><strong>et</strong></span> <span class='ocrx_word' id='word_1_97' title='bbox 819 1048 837 1085; x_wconf 88' lang='lat' dir='ltr'><strong>a</strong></span> <span class='ocrx_word' id='word_1_98' title='bbox 870 1048 911 1085; x_wconf 92' lang='grc' dir='ltr'>ιιι·</span> <span class='ocrx_word' id='word_1_99' title='bbox 963 1032 1044 1089; x_wconf 85' lang='lat' dir='ltr'><strong>modo</strong></span> <span class='ocrx_word' id='word_1_100' title='bbox 1062 1034 1088 1088; x_wconf 88' lang='lat' dir='ltr'><strong>ei</strong></span> <span class='ocrx_word' id='word_1_101' title='bbox 1107 1034 1159 1087; x_wconf 85' lang='lat' dir='ltr'><strong>fiat</strong></span> <span class='ocrx_word' id='word_1_102' title='bbox 1177 1032 1256 1087; x_wconf 87' lang='lat' dir='ltr'><strong>locus</strong></span> <span class='ocrx_word' id='word_1_103' title='bbox 1274 1034 1304 1089; x_wconf 90' lang='lat' dir='ltr'><strong>in</strong></span> <span class='ocrx_word' id='word_1_104' title='bbox 1318 1034 1413 1087; x_wconf 83' lang='lat' dir='ltr'><strong>causis</strong></span> <span class='ocrx_word' id='word_1_105' title='bbox 1431 1038 1525 1087; x_wconf 85' lang='lat' dir='ltr'><strong>matri·</strong></span> 
     </span>
     <span class='ocr_line' id='line_1_12' title="bbox 348 1047 1141 1171; baseline 0.005 -16"><span class='ocrx_word' id='word_1_106' title='bbox 348 1104 399 1156; x_wconf 89' lang='lat' dir='ltr'><strong>bus</strong></span> <span class='ocrx_word' id='word_1_107' title='bbox 417 1102 586 1167; x_wconf 83' lang='lat' dir='ltr'><strong>incurratur,</strong></span> <span class='ocrx_word' id='word_1_108' title='bbox 601 1103 667 1156; x_wconf 83' lang='lat' dir='ltr'><strong>ibid.</strong></span> <span class='ocrx_word' id='word_1_109' title='bbox 685 1118 725 1171; x_wconf 77' lang='lat' dir='ltr'><strong>ep.</strong></span> <span class='ocrx_word' id='word_1_110' title='bbox 744 1130 758 1143; x_wconf 94' lang='lat'><strong>·</strong></span> <span class='ocrx_word' id='word_1_111' title='bbox 777 1102 809 1157; x_wconf 93' lang='lat' dir='ltr'><strong>ln</strong></span> <span class='ocrx_word' id='word_1_112' title='bbox 827 1047 912 1156; x_wconf 72' lang='lat' dir='ltr'><strong>cciiii-</strong></span> <span class='ocrx_word' id='word_1_113' title='bbox 962 1106 1141 1160; x_wconf 75' lang='lat' dir='ltr'><strong>monialibus.</strong></span> 
     </span>
    </p>

    <p class='ocr_par' dir='ltr' id='par_1_5' title="bbox 346 1172 909 1243">
     <span class='ocr_line' id='line_1_13' title="bbox 346 1172 909 1243; baseline -0.004 -15"><span class='ocrx_word' id='word_1_114' title='bbox 346 1179 448 1243; x_wconf 82' lang='lat' dir='ltr'><strong>gentes</strong></span> <span class='ocrx_word' id='word_1_115' title='bbox 468 1174 663 1243; x_wconf 76' lang='lat' dir='ltr'><strong>eleemosynas</strong></span> <span class='ocrx_word' id='word_1_116' title='bbox 685 1172 800 1227; x_wconf 85' lang='lat' dir='ltr'><strong>maioris</strong></span> <span class='ocrx_word' id='word_1_117' title='bbox 825 1173 909 1242; x_wconf 88' lang='lat' dir='ltr'><strong>pretii</strong></span> 
     </span>
    </p>

    <p class='ocr_par' dir='ltr' id='par_1_6' title="bbox 346 1244 1524 1443">
     <span class='ocr_line' id='line_1_14' title="bbox 347 1244 1524 1318; baseline 0.001 -19"><span class='ocrx_word' id='word_1_118' title='bbox 347 1262 398 1315; x_wconf 89' lang='lat' dir='ltr'><strong>pro</strong></span> <span class='ocrx_word' id='word_1_119' title='bbox 416 1246 512 1300; x_wconf 81' lang='lat' dir='ltr'><strong>Missis</strong></span> <span class='ocrx_word' id='word_1_120' title='bbox 522 1248 553 1301; x_wconf 89' lang='lat' dir='ltr'><strong>et</strong></span> <span class='ocrx_word' id='word_1_121' title='bbox 563 1260 599 1299; x_wconf 88' lang='lat' dir='ltr'><strong>ex</strong></span> <span class='ocrx_word' id='word_1_122' title='bbox 611 1245 656 1299; x_wconf 87' lang='lat' dir='ltr'><strong>bia</strong></span> <span class='ocrx_word' id='word_1_123' title='bbox 667 1244 775 1298; x_wconf 89' lang='lat' dir='ltr'><strong>lucrum</strong></span> <span class='ocrx_word' id='word_1_124' title='bbox 793 1248 910 1315; x_wconf 87' lang='lat' dir='ltr'><strong>captan·</strong></span> <span class='ocrx_word' id='word_1_125' title='bbox 1015 1246 1148 1317; x_wconf 68' lang='lat' dir='ltr'><strong>nempe</strong></span> <span class='ocrx_word' id='word_1_126' title='bbox 1164 1274 1199 1289; x_wconf 89' lang='lat'>-</span> <span class='ocrx_word' id='word_1_127' title='bbox 1216 1246 1412 1317; x_wconf 86' lang='lat' dir='ltr'><strong>delinquentes</strong></span> <span class='ocrx_word' id='word_1_128' title='bbox 1431 1265 1449 1301; x_wconf 92' lang='lat' dir='ltr'><strong>a</strong></span> <span class='ocrx_word' id='word_1_129' title='bbox 1467 1249 1524 1318; x_wconf 92' lang='lat' dir='ltr'><strong>qni·</strong></span> 
     </span>
     <span class='ocr_line' id='line_1_15' title="bbox 347 1316 1491 1443; baseline 0.003 -74"><span class='ocrx_word' id='word_1_130' title='bbox 347 1328 481 1443; x_wconf 61' lang='lat' dir='ltr'><strong>teadptag.</strong></span> <span class='ocrx_word' id='word_1_131' title='bbox 496 1316 529 1371; x_wconf 89' lang='grc'><strong>13</strong></span> <span class='ocrx_word' id='word_1_132' title='bbox 529 1316 761 1442; x_wconf 47' lang='lat' dir='ltr'><strong>aitqe&#39;iniioliiiie</strong></span> <span class='ocrx_word' id='word_1_133' title='bbox 765 1316 910 1443; x_wconf 49' lang='grc' dir='ltr'><strong>ὴὲἰῐὲιίἕζ,</strong></span> <span class='ocrx_word' id='word_1_134' title='bbox 963 1322 1014 1373; x_wconf 87' lang='lat' dir='ltr'><strong>bus</strong></span> <span class='ocrx_word' id='word_1_135' title='bbox 1033 1320 1124 1389; x_wconf 89' lang='lat' dir='ltr'><strong>puniri</strong></span> <span class='ocrx_word' id='word_1_136' title='bbox 1143 1318 1275 1383; x_wconf 74' lang='lat' dir='ltr'><strong>dement,</strong></span> <span class='ocrx_word' id='word_1_137' title='bbox 1293 1335 1355 1388; x_wconf 86' lang='lat' dir='ltr'><strong>pag.</strong></span> <span class='ocrx_word' id='word_1_138' title='bbox 1378 1319 1430 1373; x_wconf 83' lang='grc'><strong>107</strong></span> <span class='ocrx_word' id='word_1_139' title='bbox 1451 1336 1491 1390; x_wconf 92' lang='lat' dir='ltr'><strong>sq.</strong></span> 
     </span>
     <span class='ocr_line' id='line_1_16' title="bbox 346 1405 910 1443; baseline 0.002 -1"><span class='ocrx_word' id='word_1_140' title='bbox 346 1405 521 1443; x_wconf 81' lang='lat' dir='ltr'><strong>coniinee</strong></span> <span class='ocrx_word' id='word_1_141' title='bbox 648 1405 729 1441; x_wconf 82' lang='lat' dir='ltr'><strong>incr</strong></span> <span class='ocrx_word' id='word_1_142' title='bbox 761 1406 780 1443; x_wconf 89' lang='lat' dir='ltr'><strong>n</strong></span> <span class='ocrx_word' id='word_1_143' title='bbox 898 1416 910 1431; x_wconf 92' lang='lat'><strong>·</strong></span> 
     </span>
    </p>

    <p class='ocr_par' dir='ltr' id='par_1_7' title="bbox 346 1426 1526 1675">
     <span class='ocr_line' id='line_1_17' title="bbox 346 1426 1526 1532; baseline 0.004 -19"><span class='ocrx_word' id='word_1_144' title='bbox 346 1461 403 1525; x_wconf 84' lang='lat' dir='ltr'><strong>bia,</strong></span> <span class='ocrx_word' id='word_1_145' title='bbox 421 1477 485 1530; x_wconf 89' lang='lat' dir='ltr'><strong>pag.</strong></span> <span class='ocrx_word' id='word_1_146' title='bbox 506 1460 539 1513; x_wconf 89' lang='grc'><strong>14</strong></span> <span class='ocrx_word' id='word_1_147' title='bbox 557 1476 597 1530; x_wconf 88' lang='lat' dir='ltr'><strong>sq.</strong></span> <span class='ocrx_word' id='word_1_148' title='bbox 611 1488 626 1502; x_wconf 92' lang='lat'><em>-</em></span> <span class='ocrx_word' id='word_1_149' title='bbox 643 1459 675 1513; x_wconf 94' lang='lat' dir='ltr'><strong>ln</strong></span> <span class='ocrx_word' id='word_1_150' title='bbox 693 1475 756 1513; x_wconf 86' lang='lat' dir='ltr'><strong>reos</strong></span> <span class='ocrx_word' id='word_1_151' title='bbox 773 1426 910 1513; x_wconf 69' lang='lat' dir='ltr'><strong>simoniae</strong></span> <span class='ocrx_word' id='word_1_152' title='bbox 1017 1462 1173 1532; x_wconf 66' lang='lat' dir='ltr'><strong>Expensce.</strong></span> <span class='ocrx_word' id='word_1_153' title='bbox 1184 1488 1218 1503; x_wconf 90' lang='lat'><em>-</em></span> <span class='ocrx_word' id='word_1_154' title='bbox 1227 1460 1345 1522; x_wconf 87' lang='lat' dir='ltr'><strong>Quinam</strong></span> <span class='ocrx_word' id='word_1_155' title='bbox 1358 1460 1470 1516; x_wconf 84' lang='lat' dir='ltr'><strong>solvere</strong></span> <span class='ocrx_word' id='word_1_156' title='bbox 1482 1462 1526 1518; x_wconf 84' lang='lat' dir='ltr'><strong>de-</strong></span> 
     </span>
     <span class='ocr_line' id='line_1_18' title="bbox 347 1531 1526 1603; baseline 0.003 -20"><span class='ocrx_word' id='word_1_157' title='bbox 347 1532 433 1587; x_wconf 85' lang='lat' dir='ltr'><strong>reelie</strong></span> <span class='ocrx_word' id='word_1_158' title='bbox 456 1547 609 1601; x_wconf 88' lang='lat' dir='ltr'><strong>eorumque</strong></span> <span class='ocrx_word' id='word_1_159' title='bbox 632 1531 783 1600; x_wconf 86' lang='lat' dir='ltr'><strong>complices</strong></span> <span class='ocrx_word' id='word_1_160' title='bbox 799 1536 830 1585; x_wconf 91' lang='lat' dir='ltr'><strong>et</strong></span> <span class='ocrx_word' id='word_1_161' title='bbox 848 1546 911 1585; x_wconf 92' lang='lat' dir='ltr'><strong>reos</strong></span> <span class='ocrx_word' id='word_1_162' title='bbox 962 1534 1048 1589; x_wconf 88' lang='lat' dir='ltr'><strong>beant</strong></span> <span class='ocrx_word' id='word_1_163' title='bbox 1065 1549 1201 1603; x_wconf 83' lang='lat' dir='ltr'><strong>expensas</strong></span> <span class='ocrx_word' id='word_1_164' title='bbox 1219 1532 1373 1597; x_wconf 87' lang='lat' dir='ltr'><strong>iudiciales,</strong></span> <span class='ocrx_word' id='word_1_165' title='bbox 1394 1549 1459 1603; x_wconf 88' lang='lat' dir='ltr'><strong>pag.</strong></span> <span class='ocrx_word' id='word_1_166' title='bbox 1475 1534 1526 1587; x_wconf 87' lang='grc'><strong>338</strong></span> 
     </span>
     <span class='ocr_line' id='line_1_19' title="bbox 346 1602 1066 1675; baseline -0.003 -18"><span class='ocrx_word' id='word_1_167' title='bbox 346 1604 481 1658; x_wconf 78' lang='lat' dir='ltr'><strong>simoniae</strong></span> <span class='ocrx_word' id='word_1_168' title='bbox 496 1602 703 1657; x_wconf 84' lang='lat' dir='ltr'><strong>conlidentialia</strong></span> <span class='ocrx_word' id='word_1_169' title='bbox 715 1603 744 1656; x_wconf 89' lang='lat' dir='ltr'><strong>in</strong></span> <span class='ocrx_word' id='word_1_170' title='bbox 756 1602 910 1669; x_wconf 81' lang='lat' dir='ltr'><strong>beneficiis,</strong></span> <span class='ocrx_word' id='word_1_171' title='bbox 962 1610 992 1660; x_wconf 89' lang='lat' dir='ltr'><strong>et</strong></span> <span class='ocrx_word' id='word_1_172' title='bbox 1009 1622 1066 1675; x_wconf 87' lang='lat' dir='ltr'><strong>seq.</strong></span> 
     </span>
    </p>

    <p class='ocr_par' dir='ltr' id='par_1_8' title="bbox 347 1672 910 1745">
     <span class='ocr_line' id='line_1_20' title="bbox 347 1672 910 1745; baseline -0.004 -17"><span class='ocrx_word' id='word_1_173' title='bbox 347 1690 410 1744; x_wconf 88' lang='lat' dir='ltr'><strong>pag.</strong></span> <span class='ocrx_word' id='word_1_174' title='bbox 423 1676 459 1728; x_wconf 74' lang='lat' dir='ltr'><strong>et</strong></span> <span class='ocrx_word' id='word_1_175' title='bbox 470 1690 511 1745; x_wconf 87' lang='lat' dir='ltr'><strong>sq.</strong></span> <span class='ocrx_word' id='word_1_176' title='bbox 524 1672 580 1727; x_wconf 93' lang='lat' dir='ltr'><strong>-ln</strong></span> <span class='ocrx_word' id='word_1_177' title='bbox 600 1690 662 1728; x_wconf 85' lang='lat' dir='ltr'><strong>rece</strong></span> <span class='ocrx_word' id='word_1_178' title='bbox 675 1674 813 1728; x_wconf 83' lang='lat' dir='ltr'><strong>simoniae</strong></span> <span class='ocrx_word' id='word_1_179' title='bbox 824 1672 910 1728; x_wconf 84' lang='lat' dir='ltr'><strong>realia</strong></span> 
     </span>
    </p>

    <p class='ocr_par' dir='ltr' id='par_1_9' title="bbox 345 1744 1527 2113">
     <span class='ocr_line' id='line_1_21' title="bbox 345 1744 1525 1817; baseline 0 -16"><span class='ocrx_word' id='word_1_180' title='bbox 345 1748 381 1801; x_wconf 93' lang='lat' dir='ltr'><strong>ob</strong></span> <span class='ocrx_word' id='word_1_181' title='bbox 400 1748 556 1816; x_wconf 74' lang='lat' dir='ltr'><strong>ingremcm</strong></span> <span class='ocrx_word' id='word_1_182' title='bbox 569 1746 598 1799; x_wconf 94' lang='lat' dir='ltr'><strong>in</strong></span> <span class='ocrx_word' id='word_1_183' title='bbox 610 1746 786 1813; x_wconf 81' lang='lat' dir='ltr'><strong>religionem,</strong></span> <span class='ocrx_word' id='word_1_184' title='bbox 797 1761 861 1815; x_wconf 87' lang='lat' dir='ltr'><strong>pag.</strong></span> <span class='ocrx_word' id='word_1_185' title='bbox 874 1744 910 1797; x_wconf 74' lang='lat'><strong>28</strong></span> <span class='ocrx_word' id='word_1_186' title='bbox 1017 1746 1185 1817; x_wconf 70' lang='lat' dir='ltr'><strong>deploratio</strong></span> <span class='ocrx_word' id='word_1_187' title='bbox 1210 1774 1244 1789; x_wconf 91' lang='lat'><em>-</em></span> <span class='ocrx_word' id='word_1_188' title='bbox 1268 1747 1394 1816; x_wconf 88' lang='lat' dir='ltr'><strong>corporis</strong></span> <span class='ocrx_word' id='word_1_189' title='bbox 1417 1747 1473 1801; x_wconf 82' lang='lat' dir='ltr'><strong>viri</strong></span> <span class='ocrx_word' id='word_1_190' title='bbox 1497 1754 1525 1801; x_wconf 89' lang='lat' dir='ltr'><strong>et</strong></span> 
     </span>
     <span class='ocr_line' id='line_1_22' title="bbox 346 1815 1525 1942; baseline 0.001 -71"><span class='ocrx_word' id='word_1_191' title='bbox 346 1834 387 1888; x_wconf 85' lang='lat' dir='ltr'><strong>aq.</strong></span> <span class='ocrx_word' id='word_1_192' title='bbox 400 1845 414 1859; x_wconf 89' lang='lat'><strong>·</strong></span> <span class='ocrx_word' id='word_1_193' title='bbox 428 1818 807 1942; x_wconf 34' lang='lat' dir='ltr'><strong>lnquaastumtacienteeax</strong></span> <span class='ocrx_word' id='word_1_194' title='bbox 820 1815 911 1870; x_wconf 90' lang='lat' dir='ltr'><strong>indul·</strong></span> <span class='ocrx_word' id='word_1_195' title='bbox 962 1816 1089 1873; x_wconf 87' lang='lat' dir='ltr'><strong>mulieris</strong></span> <span class='ocrx_word' id='word_1_196' title='bbox 1117 1820 1238 1873; x_wconf 86' lang='lat' dir='ltr'><strong>maxime</strong></span> <span class='ocrx_word' id='word_1_197' title='bbox 1264 1818 1356 1875; x_wconf 85' lang='lat' dir='ltr'><strong>locum</strong></span> <span class='ocrx_word' id='word_1_198' title='bbox 1385 1817 1474 1873; x_wconf 88' lang='lat' dir='ltr'><strong>habet</strong></span> <span class='ocrx_word' id='word_1_199' title='bbox 1497 1820 1525 1872; x_wconf 93' lang='lat' dir='ltr'><strong>in</strong></span> 
     </span>
     <span class='ocr_line' id='line_1_23' title="bbox 346 1888 1525 1958; baseline 0 -14"><span class='ocrx_word' id='word_1_200' title='bbox 346 1890 451 1958; x_wconf 82' lang='lat' dir='ltr'><strong>gentiis</strong></span> <span class='ocrx_word' id='word_1_201' title='bbox 466 1905 483 1941; x_wconf 86' lang='lat' dir='ltr'><strong>a</strong></span> <span class='ocrx_word' id='word_1_202' title='bbox 496 1889 584 1958; x_wconf 87' lang='lat' dir='ltr'><strong>iisque</strong></span> <span class='ocrx_word' id='word_1_203' title='bbox 596 1888 697 1956; x_wconf 87' lang='lat' dir='ltr'><strong>gratiis</strong></span> <span class='ocrx_word' id='word_1_204' title='bbox 707 1888 910 1957; x_wconf 84' lang='lat' dir='ltr'><strong>spiritualibus,</strong></span> <span class='ocrx_word' id='word_1_205' title='bbox 963 1890 1055 1945; x_wconf 86' lang='lat' dir='ltr'><strong>causis</strong></span> <span class='ocrx_word' id='word_1_206' title='bbox 1073 1890 1107 1944; x_wconf 90' lang='lat' dir='ltr'><strong>de</strong></span> <span class='ocrx_word' id='word_1_207' title='bbox 1125 1890 1292 1958; x_wconf 84' lang='lat' dir='ltr'><strong>impotentia</strong></span> <span class='ocrx_word' id='word_1_208' title='bbox 1306 1890 1354 1944; x_wconf 88' lang='lat' dir='ltr'><strong>rel</strong></span> <span class='ocrx_word' id='word_1_209' title='bbox 1374 1889 1401 1943; x_wconf 92' lang='lat' dir='ltr'><strong>in</strong></span> <span class='ocrx_word' id='word_1_210' title='bbox 1424 1890 1525 1944; x_wconf 90' lang='lat' dir='ltr'><strong>iudicio</strong></span> 
     </span>
     <span class='ocr_line' id='line_1_24' title="bbox 347 1958 1527 2031; baseline 0.002 -18"><span class='ocrx_word' id='word_1_211' title='bbox 347 1976 410 2030; x_wconf 89' lang='lat' dir='ltr'><strong>pag.</strong></span> <span class='ocrx_word' id='word_1_212' title='bbox 429 1960 473 2014; x_wconf 84' lang='grc'><strong>54.</strong></span> <span class='ocrx_word' id='word_1_213' title='bbox 485 1989 499 2001; x_wconf 89' lang='grc'>-</span> <span class='ocrx_word' id='word_1_214' title='bbox 511 1961 540 2013; x_wconf 93' lang='lat' dir='ltr'><strong>ln</strong></span> <span class='ocrx_word' id='word_1_215' title='bbox 553 1958 734 2015; x_wconf 74' lang='lat' dir='ltr'><strong>extrahentes</strong></span> <span class='ocrx_word' id='word_1_216' title='bbox 746 1960 851 2031; x_wconf 88' lang='lat' dir='ltr'><strong>absquo</strong></span> <span class='ocrx_word' id='word_1_217' title='bbox 864 1974 911 2013; x_wconf 81' lang='lat' dir='ltr'><strong>ve·</strong></span> <span class='ocrx_word' id='word_1_218' title='bbox 946 1994 947 1997; x_wconf 59' lang='lat'><em>=</em></span> <span class='ocrx_word' id='word_1_219' title='bbox 963 1961 997 2016; x_wconf 90' lang='lat' dir='ltr'><strong>de</strong></span> <span class='ocrx_word' id='word_1_220' title='bbox 1010 1960 1188 2015; x_wconf 85' lang='lat' dir='ltr'><strong>matrimonio</strong></span> <span class='ocrx_word' id='word_1_221' title='bbox 1202 1966 1262 2015; x_wconf 86' lang='lat' dir='ltr'><strong>rato</strong></span> <span class='ocrx_word' id='word_1_222' title='bbox 1280 1966 1310 2017; x_wconf 88' lang='lat' dir='ltr'><strong>et</strong></span> <span class='ocrx_word' id='word_1_223' title='bbox 1328 1978 1383 2015; x_wconf 91' lang='lat' dir='ltr'><strong>non</strong></span> <span class='ocrx_word' id='word_1_224' title='bbox 1400 1976 1527 2015; x_wconf 88' lang='lat' dir='ltr'><strong>consum·</strong></span> 
     </span>
     <span class='ocr_line' id='line_1_25' title="bbox 345 2029 1265 2113; baseline -0.002 -27"><span class='ocrx_word' id='word_1_225' title='bbox 345 2033 394 2087; x_wconf 89' lang='lat' dir='ltr'><strong>nia</strong></span> <span class='ocrx_word' id='word_1_226' title='bbox 412 2032 546 2101; x_wconf 83' lang='lat' dir='ltr'><strong>reliquiae</strong></span> <span class='ocrx_word' id='word_1_227' title='bbox 563 2046 599 2084; x_wconf 89' lang='lat' dir='ltr'><strong>ex</strong></span> <span class='ocrx_word' id='word_1_228' title='bbox 616 2029 796 2113; x_wconf 73' lang='lat' dir='ltr'><strong>catacumbis</strong></span> <span class='ocrx_word' id='word_1_229' title='bbox 810 2030 910 2084; x_wconf 86' lang='lat' dir='ltr'><strong>Roma·</strong></span> <span class='ocrx_word' id='word_1_230' title='bbox 964 2038 1048 2098; x_wconf 87' lang='lat' dir='ltr'><strong>mato,</strong></span> <span class='ocrx_word' id='word_1_231' title='bbox 1068 2048 1132 2101; x_wconf 87' lang='lat' dir='ltr'><strong>pag.</strong></span> <span class='ocrx_word' id='word_1_232' title='bbox 1152 2032 1207 2087; x_wconf 85' lang='lat'><strong>505</strong></span> <span class='ocrx_word' id='word_1_233' title='bbox 1224 2048 1265 2103; x_wconf 88' lang='lat' dir='ltr'><strong>sq.</strong></span> 
     </span>
    </p>

    <p class='ocr_par' dir='ltr' id='par_1_10' title="bbox 346 2101 1525 2315">
     <span class='ocr_line' id='line_1_26' title="bbox 346 2101 1525 2255; baseline 0.002 -28"><span class='ocrx_word' id='word_1_234' title='bbox 346 2122 407 2228; x_wconf 63' lang='lat' dir='ltr'><strong>iil.</strong></span> <span class='ocrx_word' id='word_1_235' title='bbox 418 2102 784 2255; x_wconf 58' lang='lat' dir='ltr'><strong>iii&#39;..iirulf⁰pii‘f¹⁸sif⁰3</strong></span> <span class='ocrx_word' id='word_1_236' title='bbox 801 2101 912 2227; x_wconf 57' lang='lat' dir='ltr'><strong>iiiii.</strong></span> <span class='ocrx_word' id='word_1_237' title='bbox 1018 2175 1146 2245; x_wconf 62' lang='lat' dir='ltr'><strong>nepueu</strong></span> <span class='ocrx_word' id='word_1_238' title='bbox 1157 2202 1191 2215; x_wconf 92' lang='lat'><em>-</em></span> <span class='ocrx_word' id='word_1_239' title='bbox 1208 2190 1271 2243; x_wconf 63' lang='lat' dir='ltr'><strong>pag.</strong></span> <span class='ocrx_word' id='word_1_240' title='bbox 1289 2172 1333 2229; x_wconf 78' lang='lat' dir='ltr'><strong>ta</strong></span> <span class='ocrx_word' id='word_1_241' title='bbox 1352 2173 1393 2228; x_wconf 87' lang='lat' dir='ltr'><strong>cr.</strong></span> <span class='ocrx_word' id='word_1_242' title='bbox 1410 2175 1473 2229; x_wconf 81' lang='lat' dir='ltr'><strong>voi.</strong></span> <span class='ocrx_word' id='word_1_243' title='bbox 1493 2176 1525 2229; x_wconf 88' lang='grc' dir='ltr'><strong>ιιι</strong></span> 
     </span>
     <span class='ocr_line' id='line_1_27' title="bbox 347 2244 1181 2315; baseline -0.002 -14"><span class='ocrx_word' id='word_1_244' title='bbox 347 2245 432 2301; x_wconf 82' lang='lat' dir='ltr'><strong>lieres</strong></span> <span class='ocrx_word' id='word_1_245' title='bbox 443 2244 582 2300; x_wconf 85' lang='lat' dir='ltr'><strong>violantes</strong></span> <span class='ocrx_word' id='word_1_246' title='bbox 595 2244 911 2313; x_wconf 80' lang='lat' dir='ltr'><strong>Regulariumvirorum</strong></span> <span class='ocrx_word' id='word_1_247' title='bbox 964 2264 991 2300; x_wconf 91' lang='lat' dir='ltr'><strong>u.</strong></span> <span class='ocrx_word' id='word_1_248' title='bbox 1010 2262 1098 2315; x_wconf 85' lang='lat' dir='ltr'><strong>marg.</strong></span> <span class='ocrx_word' id='word_1_249' title='bbox 1117 2245 1181 2299; x_wconf 86' lang='grc'><strong>238.</strong></span> 
     </span>
    </p>

    <p class='ocr_par' dir='ltr' id='par_1_11' title="bbox 346 2316 912 2385">
     <span class='ocr_line' id='line_1_28' title="bbox 346 2316 912 2385; baseline 0 -14"><span class='ocrx_word' id='word_1_250' title='bbox 346 2317 505 2371; x_wconf 88' lang='lat' dir='ltr'><strong>clausuram</strong></span> <span class='ocrx_word' id='word_1_251' title='bbox 514 2324 544 2371; x_wconf 88' lang='lat' dir='ltr'><strong>et</strong></span> <span class='ocrx_word' id='word_1_252' title='bbox 553 2316 717 2385; x_wconf 86' lang='lat' dir='ltr'><strong>Superiores</strong></span> <span class='ocrx_word' id='word_1_253' title='bbox 724 2316 851 2385; x_wconf 86' lang='lat' dir='ltr'><strong>aliosque</strong></span> <span class='ocrx_word' id='word_1_254' title='bbox 863 2331 912 2371; x_wconf 89' lang='lat' dir='ltr'><strong>eas</strong></span> 
     </span>
    </p>

    <p class='ocr_par' dir='ltr' id='par_1_12' title="bbox 347 2387 911 2457">
     <span class='ocr_line' id='line_1_29' title="bbox 347 2387 911 2457; baseline 0 -16"><span class='ocrx_word' id='word_1_255' title='bbox 347 2388 536 2453; x_wconf 86' lang='lat' dir='ltr'><strong>admittentes,</strong></span> <span class='ocrx_word' id='word_1_256' title='bbox 549 2403 612 2457; x_wconf 86' lang='lat' dir='ltr'><strong>pag.</strong></span> <span class='ocrx_word' id='word_1_257' title='bbox 625 2387 668 2441; x_wconf 85' lang='grc'><strong>59,</strong></span> <span class='ocrx_word' id='word_1_258' title='bbox 681 2417 694 2431; x_wconf 84' lang='grc'><strong>-</strong></span> <span class='ocrx_word' id='word_1_259' title='bbox 706 2389 736 2441; x_wconf 85' lang='grc' dir='ltr'><strong>Ιιι</strong></span> <span class='ocrx_word' id='word_1_260' title='bbox 750 2387 857 2440; x_wconf 82' lang='lat' dir='ltr'><strong>violare</strong></span> <span class='ocrx_word' id='word_1_261' title='bbox 869 2387 911 2441; x_wconf 90' lang='lat' dir='ltr'><strong>iu·</strong></span> 
     </span>
    </p>

    <p class='ocr_par' dir='ltr' id='par_1_13' title="bbox 348 2426 1261 2523">
     <span class='ocr_line' id='line_1_30' title="bbox 348 2426 1261 2523; baseline 0 -10"><span class='ocrx_word' id='word_1_262' title='bbox 348 2462 446 2515; x_wconf 87' lang='lat' dir='ltr'><strong>bentes</strong></span> <span class='ocrx_word' id='word_1_263' title='bbox 464 2462 515 2512; x_wconf 87' lang='lat' dir='ltr'><strong>aut</strong></span> <span class='ocrx_word' id='word_1_264' title='bbox 531 2458 685 2523; x_wconf 75' lang='lat' dir='ltr'><strong>violantes,</strong></span> <span class='ocrx_word' id='word_1_265' title='bbox 703 2475 772 2513; x_wconf 89' lang='lat' dir='ltr'><strong>ausu</strong></span> <span class='ocrx_word' id='word_1_266' title='bbox 791 2463 912 2513; x_wconf 82' lang='lat' dir='ltr'><strong>temera·</strong></span> <span class='ocrx_word' id='word_1_267' title='bbox 1231 2426 1261 2493; x_wconf 76' lang='lat' dir='ltr'><strong>F</strong></span> 
     </span>
    </p>

    <p class='ocr_par' dir='ltr' id='par_1_14' title="bbox 345 2527 911 2600">
     <span class='ocr_line' id='line_1_31' title="bbox 345 2527 911 2600; baseline -0.005 -13"><span class='ocrx_word' id='word_1_268' title='bbox 345 2534 398 2598; x_wconf 87' lang='lat' dir='ltr'><strong>rio,</strong></span> <span class='ocrx_word' id='word_1_269' title='bbox 413 2530 619 2586; x_wconf 81' lang='lat' dir='ltr'><strong>immunitatem</strong></span> <span class='ocrx_word' id='word_1_270' title='bbox 632 2530 705 2600; x_wconf 78' lang='lat' dir='ltr'><strong>asyli</strong></span> <span class='ocrx_word' id='word_1_271' title='bbox 718 2527 911 2596; x_wconf 84' lang='lat' dir='ltr'><strong>ecclesiastici,</strong></span> 
     </span>
    </p>

    <p class='ocr_par' dir='ltr' id='par_1_15' title="bbox 346 2601 1525 2744">
     <span class='ocr_line' id='line_1_32' title="bbox 347 2601 1525 2674; baseline 0.001 -17"><span class='ocrx_word' id='word_1_272' title='bbox 347 2618 410 2674; x_wconf 88' lang='lat' dir='ltr'><strong>pag.</strong></span> <span class='ocrx_word' id='word_1_273' title='bbox 422 2604 467 2658; x_wconf 87' lang='grc'><strong>61.</strong></span> <span class='ocrx_word' id='word_1_274' title='bbox 478 2627 492 2640; x_wconf 93' lang='grc'><strong>-</strong></span> <span class='ocrx_word' id='word_1_275' title='bbox 506 2603 535 2657; x_wconf 92' lang='lat' dir='ltr'><strong>ln</strong></span> <span class='ocrx_word' id='word_1_276' title='bbox 551 2603 683 2657; x_wconf 86' lang='lat' dir='ltr'><strong>docentes</strong></span> <span class='ocrx_word' id='word_1_277' title='bbox 700 2601 744 2658; x_wconf 86' lang='lat' dir='ltr'><strong>vel</strong></span> <span class='ocrx_word' id='word_1_278' title='bbox 762 2601 912 2658; x_wconf 85' lang='lat' dir='ltr'><strong>detenden·</strong></span> <span class='ocrx_word' id='word_1_279' title='bbox 1018 2603 1127 2658; x_wconf 82' lang='lat' dir='ltr'><strong>Fatale.</strong></span> <span class='ocrx_word' id='word_1_280' title='bbox 1153 2631 1190 2646; x_wconf 93' lang='lat'>-</span> <span class='ocrx_word' id='word_1_281' title='bbox 1216 2603 1258 2656; x_wconf 90' lang='lat' dir='ltr'><strong>lta</strong></span> <span class='ocrx_word' id='word_1_282' title='bbox 1282 2607 1401 2657; x_wconf 84' lang='lat' dir='ltr'><strong>vocatur</strong></span> <span class='ocrx_word' id='word_1_283' title='bbox 1425 2603 1525 2658; x_wconf 87' lang='lat' dir='ltr'><strong>decen·</strong></span> 
     </span>
     <span class='ocr_line' id='line_1_33' title="bbox 346 2673 1525 2744; baseline -0.002 -16"><span class='ocrx_word' id='word_1_284' title='bbox 346 2683 391 2728; x_wconf 84' lang='lat' dir='ltr'><strong>tes</strong></span> <span class='ocrx_word' id='word_1_285' title='bbox 402 2674 606 2744; x_wconf 87' lang='lat' dir='ltr'><strong>propositiones</strong></span> <span class='ocrx_word' id='word_1_286' title='bbox 618 2675 654 2728; x_wconf 89' lang='lat' dir='ltr'><strong>ab</strong></span> <span class='ocrx_word' id='word_1_287' title='bbox 665 2673 828 2743; x_wconf 79' lang='lat' dir='ltr'><strong>Apostolica</strong></span> <span class='ocrx_word' id='word_1_288' title='bbox 841 2673 911 2728; x_wconf 85' lang='lat' dir='ltr'><strong>Sede</strong></span> <span class='ocrx_word' id='word_1_289' title='bbox 962 2675 1037 2730; x_wconf 88' lang='lat' dir='ltr'><strong>dium</strong></span> <span class='ocrx_word' id='word_1_290' title='bbox 1057 2691 1218 2730; x_wconf 84' lang='lat' dir='ltr'><strong>concessum</strong></span> <span class='ocrx_word' id='word_1_291' title='bbox 1230 2673 1265 2729; x_wconf 91' lang='lat' dir='ltr'><strong>ad</strong></span> <span class='ocrx_word' id='word_1_292' title='bbox 1277 2674 1485 2743; x_wconf 87' lang='lat' dir='ltr'><strong>appellandum,</strong></span> <span class='ocrx_word' id='word_1_293' title='bbox 1498 2678 1525 2730; x_wconf 90' lang='lat' dir='ltr'><strong>et</strong></span> 
     </span>
    </p>
   </div>
   <div class='ocr_carea' id='block_1_3' title="bbox 347 2725 1636 2816">
    <p class='ocr_par' dir='ltr' id='par_1_16' title="bbox 347 2725 1636 2816">
     <span class='ocr_line' id='line_1_34' title="bbox 347 2725 1636 2816; baseline -0.003 -18"><span class='ocrx_word' id='word_1_294' title='bbox 347 2746 504 2810; x_wconf 84' lang='lat' dir='ltr'><strong>damnatae,</strong></span> <span class='ocrx_word' id='word_1_295' title='bbox 515 2763 578 2816; x_wconf 86' lang='lat' dir='ltr'><strong>pag.</strong></span> <span class='ocrx_word' id='word_1_296' title='bbox 587 2745 690 2799; x_wconf 76' lang='lat' dir='ltr'><strong>ec-tn</strong></span> <span class='ocrx_word' id='word_1_297' title='bbox 701 2761 801 2799; x_wconf 90' lang='lat' dir='ltr'><strong>nomen</strong></span> <span class='ocrx_word' id='word_1_298' title='bbox 811 2744 910 2799; x_wconf 87' lang='lat' dir='ltr'><strong>dantes</strong></span> <span class='ocrx_word' id='word_1_299' title='bbox 963 2751 1006 2800; x_wconf 89' lang='lat' dir='ltr'><strong>est</strong></span> <span class='ocrx_word' id='word_1_300' title='bbox 1024 2751 1133 2815; x_wconf 89' lang='lat' dir='ltr'><strong>tempus</strong></span> <span class='ocrx_word' id='word_1_301' title='bbox 1157 2748 1318 2801; x_wconf 82' lang='lat' dir='ltr'><strong>continuum</strong></span> <span class='ocrx_word' id='word_1_302' title='bbox 1343 2746 1372 2800; x_wconf 92' lang='lat' dir='ltr'><strong>in</strong></span> <span class='ocrx_word' id='word_1_303' title='bbox 1396 2744 1525 2810; x_wconf 74' lang='lat' dir='ltr'><strong>decursu,</strong></span> <span class='ocrx_word' id='word_1_304' title='bbox 1635 2725 1636 2794; x_wconf 43' lang='lat' dir='ltr'>f</span> 
     </span>
    </p>
   </div>
   <div class='ocr_carea' id='block_1_4' title="bbox 339 2815 1527 4458">
    <p class='ocr_par' dir='ltr' id='par_1_17' title="bbox 345 2815 1527 3670">
     <span class='ocr_line' id='line_1_35' title="bbox 346 2815 1527 2888; baseline -0.003 -15"><span class='ocrx_word' id='word_1_305' title='bbox 346 2818 431 2873; x_wconf 85' lang='lat' dir='ltr'><strong>sectis</strong></span> <span class='ocrx_word' id='word_1_306' title='bbox 449 2817 588 2872; x_wconf 85' lang='lat' dir='ltr'><strong>damnatis</strong></span> <span class='ocrx_word' id='word_1_307' title='bbox 606 2817 764 2886; x_wconf 86' lang='lat' dir='ltr'><strong>eisdemque</strong></span> <span class='ocrx_word' id='word_1_308' title='bbox 782 2818 910 2871; x_wconf 80' lang='lat' dir='ltr'><strong>faventes</strong></span> <span class='ocrx_word' id='word_1_309' title='bbox 961 2817 1034 2873; x_wconf 76' lang='lat' dir='ltr'><strong>utile</strong></span> <span class='ocrx_word' id='word_1_310' title='bbox 1051 2819 1081 2872; x_wconf 89' lang='lat' dir='ltr'><strong>in</strong></span> <span class='ocrx_word' id='word_1_311' title='bbox 1100 2817 1247 2888; x_wconf 87' lang='lat' dir='ltr'><strong>principio,</strong></span> <span class='ocrx_word' id='word_1_312' title='bbox 1263 2833 1326 2870; x_wconf 88' lang='lat' dir='ltr'><strong>cum</strong></span> <span class='ocrx_word' id='word_1_313' title='bbox 1343 2815 1492 2872; x_wconf 84' lang='lat' dir='ltr'><strong>iuoobetnr</strong></span> <span class='ocrx_word' id='word_1_314' title='bbox 1510 2834 1527 2870; x_wconf 87' lang='lat' dir='ltr'><strong>a</strong></span> 
     </span>
     <span class='ocr_line' id='line_1_36' title="bbox 345 2887 1524 2960; baseline -0.001 -16"><span class='ocrx_word' id='word_1_315' title='bbox 345 2887 911 2960; x_wconf 78' lang='lat' dir='ltr'><strong>earumquecorypbaeoanondenuncian·</strong></span> <span class='ocrx_word' id='word_1_316' title='bbox 963 2890 1154 2944; x_wconf 85' lang='lat' dir='ltr'><strong>notificatione</strong></span> <span class='ocrx_word' id='word_1_317' title='bbox 1173 2889 1340 2952; x_wconf 81' lang='lat' dir='ltr'><strong>sententiae,</strong></span> <span class='ocrx_word' id='word_1_318' title='bbox 1359 2905 1443 2958; x_wconf 88' lang='lat' dir='ltr'><strong>pagg.</strong></span> <span class='ocrx_word' id='word_1_319' title='bbox 1462 2887 1524 2954; x_wconf 88' lang='grc'><strong>333,</strong></span> 
     </span>
     <span class='ocr_line' id='line_1_37' title="bbox 347 2957 1524 3032; baseline -0.002 -16"><span class='ocrx_word' id='word_1_320' title='bbox 347 2966 399 3026; x_wconf 86' lang='lat' dir='ltr'><strong>tes,</strong></span> <span class='ocrx_word' id='word_1_321' title='bbox 412 2977 475 3030; x_wconf 88' lang='lat' dir='ltr'><strong>pag.</strong></span> <span class='ocrx_word' id='word_1_322' title='bbox 488 2961 596 3014; x_wconf 70' lang='lat' dir='ltr'><strong>tte-ln</strong></span> <span class='ocrx_word' id='word_1_323' title='bbox 609 2961 801 3014; x_wconf 83' lang='lat' dir='ltr'><strong>«societatem</strong></span> <span class='ocrx_word' id='word_1_324' title='bbox 813 2957 912 3014; x_wconf 86' lang='lat' dir='ltr'><strong>catbo-</strong></span> <span class='ocrx_word' id='word_1_325' title='bbox 963 2960 1023 3016; x_wconf 88' lang='grc'><strong>413.</strong></span> <span class='ocrx_word' id='word_1_326' title='bbox 1038 2990 1050 3000; x_wconf 92' lang='grc'><strong>-</strong></span> <span class='ocrx_word' id='word_1_327' title='bbox 1066 2961 1165 3014; x_wconf 80' lang='lat' dir='ltr'><strong>Fatale</strong></span> <span class='ocrx_word' id='word_1_328' title='bbox 1182 2961 1216 3014; x_wconf 91' lang='lat' dir='ltr'><strong>ad</strong></span> <span class='ocrx_word' id='word_1_329' title='bbox 1233 2961 1460 3032; x_wconf 76' lang='lat' dir='ltr'><strong>prosequendam</strong></span> <span class='ocrx_word' id='word_1_330' title='bbox 1477 2977 1524 3030; x_wconf 84' lang='lat' dir='ltr'><strong>ap</strong></span> 
     </span>
     <span class='ocr_line' id='line_1_38' title="bbox 346 3031 1527 3102; baseline 0 -16"><span class='ocrx_word' id='word_1_331' title='bbox 346 3032 430 3086; x_wconf 91' lang='lat' dir='ltr'><strong>licam</strong></span> <span class='ocrx_word' id='word_1_332' title='bbox 442 3048 490 3100; x_wconf 93' lang='lat' dir='ltr'><strong>pro</strong></span> <span class='ocrx_word' id='word_1_333' title='bbox 500 3031 687 3086; x_wconf 85' lang='lat' dir='ltr'><strong>vindicatione</strong></span> <span class='ocrx_word' id='word_1_334' title='bbox 699 3031 800 3084; x_wconf 89' lang='lat' dir='ltr'><strong>iurium</strong></span> <span class='ocrx_word' id='word_1_335' title='bbox 814 3031 910 3099; x_wconf 89' lang='lat' dir='ltr'><strong>populi</strong></span> <span class='ocrx_word' id='word_1_336' title='bbox 963 3031 1145 3101; x_wconf 86' lang='lat' dir='ltr'><strong>pellationem</strong></span> <span class='ocrx_word' id='word_1_337' title='bbox 1157 3037 1201 3086; x_wconf 89' lang='lat' dir='ltr'><strong>est</strong></span> <span class='ocrx_word' id='word_1_338' title='bbox 1213 3032 1350 3086; x_wconf 82' lang='lat' dir='ltr'><strong>terminus</strong></span> <span class='ocrx_word' id='word_1_339' title='bbox 1368 3037 1527 3102; x_wconf 86' lang='lat' dir='ltr'><strong>perempto-</strong></span> 
     </span>
     <span class='ocr_line' id='line_1_39' title="bbox 346 3101 1440 3173; baseline 0 -16"><span class='ocrx_word' id='word_1_340' title='bbox 346 3103 492 3158; x_wconf 85' lang='lat' dir='ltr'><strong>cbristiani</strong></span> <span class='ocrx_word' id='word_1_341' title='bbox 511 3103 540 3156; x_wconf 92' lang='lat' dir='ltr'><strong>in</strong></span> <span class='ocrx_word' id='word_1_342' title='bbox 559 3103 698 3158; x_wconf 84' lang='lat' dir='ltr'><strong>electione</strong></span> <span class='ocrx_word' id='word_1_343' title='bbox 716 3102 794 3155; x_wconf 88' lang='lat' dir='ltr'><strong>Rom.</strong></span> <span class='ocrx_word' id='word_1_344' title='bbox 813 3102 911 3157; x_wconf 87' lang='lat' dir='ltr'><strong>Ponti·</strong></span> <span class='ocrx_word' id='word_1_345' title='bbox 962 3103 1021 3158; x_wconf 87' lang='lat' dir='ltr'><strong>rius</strong></span> <span class='ocrx_word' id='word_1_346' title='bbox 1039 3104 1139 3173; x_wconf 88' lang='lat' dir='ltr'><strong>viginti</strong></span> <span class='ocrx_word' id='word_1_347' title='bbox 1159 3103 1278 3169; x_wconf 84' lang='lat' dir='ltr'><strong>dierum,</strong></span> <span class='ocrx_word' id='word_1_348' title='bbox 1295 3119 1358 3173; x_wconf 81' lang='lat' dir='ltr'><strong>pag.</strong></span> <span class='ocrx_word' id='word_1_349' title='bbox 1378 3101 1440 3158; x_wconf 87' lang='grc'><strong>416.</strong></span> 
     </span>
     <span class='ocr_line' id='line_1_40' title="bbox 346 3174 910 3244; baseline -0.004 -16"><span class='ocrx_word' id='word_1_350' title='bbox 346 3175 408 3229; x_wconf 84' lang='lat' dir='ltr'><strong>ilcia</strong></span> <span class='ocrx_word' id='word_1_351' title='bbox 420 3192 446 3241; x_wconf 65' lang='grc' dir='ltr'><strong>ιι,</strong></span> <span class='ocrx_word' id='word_1_352' title='bbox 459 3191 522 3244; x_wconf 87' lang='lat' dir='ltr'><strong>pag.</strong></span> <span class='ocrx_word' id='word_1_353' title='bbox 536 3175 580 3227; x_wconf 84' lang='grc'><strong>71.</strong></span> <span class='ocrx_word' id='word_1_354' title='bbox 600 3206 614 3217; x_wconf 94' lang='grc'>-</span> <span class='ocrx_word' id='word_1_355' title='bbox 631 3174 661 3227; x_wconf 89' lang='lat' dir='ltr'><strong>ln</strong></span> <span class='ocrx_word' id='word_1_356' title='bbox 675 3192 691 3226; x_wconf 82' lang='lat' dir='ltr'><strong>a</strong></span> <span class='ocrx_word' id='word_1_357' title='bbox 703 3174 829 3228; x_wconf 84' lang='lat' dir='ltr'><strong>duellum</strong></span> <span class='ocrx_word' id='word_1_358' title='bbox 848 3191 910 3242; x_wconf 87' lang='lat' dir='ltr'><strong>per-</strong></span> 
     </span>
     <span class='ocr_line' id='line_1_41' title="bbox 347 3245 1524 3318; baseline -0.003 -16"><span class='ocrx_word' id='word_1_359' title='bbox 347 3250 492 3318; x_wconf 86' lang='lat' dir='ltr'><strong>petrantes</strong></span> <span class='ocrx_word' id='word_1_360' title='bbox 510 3250 563 3300; x_wconf 93' lang='lat' dir='ltr'><strong>etc.</strong></span> <span class='ocrx_word' id='word_1_361' title='bbox 577 3259 604 3309; x_wconf 76' lang='lat' dir='ltr'><strong>a,</strong></span> <span class='ocrx_word' id='word_1_362' title='bbox 622 3261 687 3314; x_wconf 86' lang='lat' dir='ltr'><strong>pag.</strong></span> <span class='ocrx_word' id='word_1_363' title='bbox 704 3245 748 3298; x_wconf 80' lang='lat'><strong>73.</strong></span> <span class='ocrx_word' id='word_1_364' title='bbox 767 3279 780 3290; x_wconf 91' lang='lat'>-</span> <span class='ocrx_word' id='word_1_365' title='bbox 798 3246 828 3298; x_wconf 92' lang='lat' dir='ltr'><strong>ln</strong></span> <span class='ocrx_word' id='word_1_366' title='bbox 849 3261 910 3311; x_wconf 88' lang='lat' dir='ltr'><strong>pro·</strong></span> <span class='ocrx_word' id='word_1_367' title='bbox 1015 3247 1123 3300; x_wconf 77' lang='lat' dir='ltr'><strong>Fiscus.</strong></span> <span class='ocrx_word' id='word_1_368' title='bbox 1141 3273 1178 3286; x_wconf 89' lang='lat'><em>-</em></span> <span class='ocrx_word' id='word_1_369' title='bbox 1198 3247 1242 3298; x_wconf 79' lang='lat' dir='ltr'><strong>An</strong></span> <span class='ocrx_word' id='word_1_370' title='bbox 1266 3245 1327 3300; x_wconf 84' lang='lat' dir='ltr'><strong>eiua</strong></span> <span class='ocrx_word' id='word_1_371' title='bbox 1352 3245 1524 3301; x_wconf 70' lang='lat' dir='ltr'><strong>animadrer</strong></span> 
     </span>
     <span class='ocr_line' id='line_1_42' title="bbox 346 3317 1524 3387; baseline -0.002 -15"><span class='ocrx_word' id='word_1_372' title='bbox 346 3323 477 3372; x_wconf 88' lang='lat' dir='ltr'><strong>curantes</strong></span> <span class='ocrx_word' id='word_1_373' title='bbox 494 3319 639 3378; x_wconf 80' lang='lat' dir='ltr'><strong>abortum,</strong></span> <span class='ocrx_word' id='word_1_374' title='bbox 657 3317 756 3371; x_wconf 79' lang='lat' dir='ltr'><strong>effecto</strong></span> <span class='ocrx_word' id='word_1_375' title='bbox 779 3321 908 3387; x_wconf 77' lang='lat' dir='ltr'><strong>aequato,</strong></span> <span class='ocrx_word' id='word_1_376' title='bbox 962 3317 1055 3372; x_wconf 84' lang='lat' dir='ltr'><strong>aiones</strong></span> <span class='ocrx_word' id='word_1_377' title='bbox 1073 3319 1103 3370; x_wconf 91' lang='lat' dir='ltr'><strong>iu</strong></span> <span class='ocrx_word' id='word_1_378' title='bbox 1119 3317 1293 3386; x_wconf 87' lang='lat' dir='ltr'><strong>processibus</strong></span> <span class='ocrx_word' id='word_1_379' title='bbox 1305 3317 1465 3370; x_wconf 75' lang='lat' dir='ltr'><strong>summariis</strong></span> <span class='ocrx_word' id='word_1_380' title='bbox 1475 3333 1524 3370; x_wconf 89' lang='lat' dir='ltr'><strong>eeu</strong></span> 
     </span>
     <span class='ocr_line' id='line_1_43' title="bbox 347 3387 1526 3459; baseline -0.002 -17"><span class='ocrx_word' id='word_1_381' title='bbox 347 3405 411 3459; x_wconf 87' lang='lat' dir='ltr'><strong>pag.</strong></span> <span class='ocrx_word' id='word_1_382' title='bbox 429 3389 472 3442; x_wconf 86' lang='lat'><strong>80.</strong></span> <span class='ocrx_word' id='word_1_383' title='bbox 485 3421 499 3433; x_wconf 93' lang='lat'><em>-</em></span> <span class='ocrx_word' id='word_1_384' title='bbox 512 3389 540 3442; x_wconf 92' lang='lat' dir='ltr'><strong>ln</strong></span> <span class='ocrx_word' id='word_1_385' title='bbox 559 3393 693 3456; x_wconf 89' lang='lat' dir='ltr'><strong>cogentes</strong></span> <span class='ocrx_word' id='word_1_386' title='bbox 711 3387 857 3442; x_wconf 89' lang='lat' dir='ltr'><strong>mulierem</strong></span> <span class='ocrx_word' id='word_1_387' title='bbox 876 3388 910 3442; x_wconf 86' lang='lat' dir='ltr'><strong>ad</strong></span> <span class='ocrx_word' id='word_1_388' title='bbox 962 3389 1148 3444; x_wconf 87' lang='lat' dir='ltr'><strong>oeconomicis</strong></span> <span class='ocrx_word' id='word_1_389' title='bbox 1163 3387 1283 3442; x_wconf 86' lang='lat' dir='ltr'><strong>debeant</strong></span> <span class='ocrx_word' id='word_1_390' title='bbox 1295 3393 1405 3442; x_wconf 87' lang='lat' dir='ltr'><strong>tantum</strong></span> <span class='ocrx_word' id='word_1_391' title='bbox 1418 3387 1446 3440; x_wconf 92' lang='lat' dir='ltr'><strong>in</strong></span> <span class='ocrx_word' id='word_1_392' title='bbox 1459 3388 1526 3442; x_wconf 85' lang='lat' dir='ltr'><strong>ecri-</strong></span> 
     </span>
     <span class='ocr_line' id='line_1_44' title="bbox 345 3459 1524 3530; baseline -0.003 -15"><span class='ocrx_word' id='word_1_393' title='bbox 345 3461 546 3515; x_wconf 88' lang='lat' dir='ltr'><strong>monastarium</strong></span> <span class='ocrx_word' id='word_1_394' title='bbox 571 3459 782 3528; x_wconf 88' lang='lat' dir='ltr'><strong>ingrediendum</strong></span> <span class='ocrx_word' id='word_1_395' title='bbox 800 3475 910 3513; x_wconf 87' lang='lat' dir='ltr'><strong>eorum·</strong></span> <span class='ocrx_word' id='word_1_396' title='bbox 962 3461 1019 3530; x_wconf 90' lang='lat' dir='ltr'><strong>ptis</strong></span> <span class='ocrx_word' id='word_1_397' title='bbox 1038 3459 1173 3526; x_wconf 89' lang='lat' dir='ltr'><strong>exhiberi,</strong></span> <span class='ocrx_word' id='word_1_398' title='bbox 1192 3475 1255 3530; x_wconf 83' lang='lat' dir='ltr'><strong>pag.</strong></span> <span class='ocrx_word' id='word_1_399' title='bbox 1274 3459 1335 3513; x_wconf 80' lang='lat'><strong>⁴05.</strong></span> <span class='ocrx_word' id='word_1_400' title='bbox 1355 3459 1397 3512; x_wconf 81' lang='lat' dir='ltr'><strong>cf.</strong></span> <span class='ocrx_word' id='word_1_401' title='bbox 1411 3459 1524 3515; x_wconf 68' lang='lat' dir='ltr'><strong>Rumo-</strong></span> 
     </span>
     <span class='ocr_line' id='line_1_45' title="bbox 346 3530 1141 3670; baseline -0.003 -12"><span class='ocrx_word' id='word_1_402' title='bbox 346 3530 911 3670; x_wconf 51' lang='lat' dir='ltr'><strong>tlttttlttttll..illiti</strong></span> <span class='ocrx_word' id='word_1_403' title='bbox 961 3541 1007 3586; x_wconf 64' lang='lat'><strong>‘⁰‘</strong></span> <span class='ocrx_word' id='word_1_404' title='bbox 1024 3533 1141 3602; x_wconf 49' lang='lat' dir='ltr'><strong>fi&#39;ffl‘ss‘</strong></span> 
     </span>
    </p>

    <p class='ocr_par' dir='ltr' id='par_1_18' title="bbox 339 3642 1522 4458">
     <span class='ocr_line' id='line_1_46' title="bbox 497 3642 505 3667; baseline 0 0"><span class='ocrx_word' id='word_1_405' title='bbox 497 3642 505 3667; x_wconf 70' lang='lat' dir='ltr'><strong>l</strong></span> 
     </span>
     <span class='ocr_line' id='line_1_47' title="bbox 346 3673 1522 3746; baseline -0.001 -17"><span class='ocrx_word' id='word_1_406' title='bbox 346 3691 500 3746; x_wconf 85' lang='lat' dir='ltr'><strong>eorumque</strong></span> <span class='ocrx_word' id='word_1_407' title='bbox 519 3673 669 3742; x_wconf 84' lang='lat' dir='ltr'><strong>complices</strong></span> <span class='ocrx_word' id='word_1_408' title='bbox 687 3678 717 3728; x_wconf 86' lang='lat' dir='ltr'><strong>et</strong></span> <span class='ocrx_word' id='word_1_409' title='bbox 734 3675 763 3728; x_wconf 91' lang='lat' dir='ltr'><strong>in</strong></span> <span class='ocrx_word' id='word_1_410' title='bbox 784 3674 911 3728; x_wconf 88' lang='lat' dir='ltr'><strong>dominos</strong></span> <span class='ocrx_word' id='word_1_411' title='bbox 1016 3673 1119 3729; x_wconf 80' lang='lat' dir='ltr'><strong>Fontes</strong></span> <span class='ocrx_word' id='word_1_412' title='bbox 1137 3677 1209 3727; x_wconf 75' lang='lat' dir='ltr'><strong>iuria</strong></span> <span class='ocrx_word' id='word_1_413' title='bbox 1222 3673 1379 3727; x_wconf 62' lang='lat' dir='ltr'><strong>caminata</strong></span> <span class='ocrx_word' id='word_1_414' title='bbox 1393 3675 1522 3728; x_wconf 74' lang='lat' dir='ltr'><strong>ecclesio-</strong></span> 
     </span>
     <span class='ocr_line' id='line_1_48' title="bbox 348 3743 1325 3816; baseline -0.004 -15"><span class='ocrx_word' id='word_1_415' title='bbox 348 3747 517 3816; x_wconf 86' lang='lat' dir='ltr'><strong>temporales</strong></span> <span class='ocrx_word' id='word_1_416' title='bbox 548 3745 707 3800; x_wconf 83' lang='lat' dir='ltr'><strong>libertatem</strong></span> <span class='ocrx_word' id='word_1_417' title='bbox 737 3745 910 3800; x_wconf 83' lang='lat' dir='ltr'><strong>matrimonii</strong></span> <span class='ocrx_word' id='word_1_418' title='bbox 978 3747 1025 3800; x_wconf 80' lang='lat' dir='ltr'><strong>tici</strong></span> <span class='ocrx_word' id='word_1_419' title='bbox 1042 3773 1078 3786; x_wconf 90' lang='lat'><em>-</em></span> <span class='ocrx_word' id='word_1_420' title='bbox 1096 3761 1159 3815; x_wconf 85' lang='lat' dir='ltr'><strong>pag.</strong></span> <span class='ocrx_word' id='word_1_421' title='bbox 1181 3743 1231 3798; x_wconf 88' lang='grc'><strong>146</strong></span> <span class='ocrx_word' id='word_1_422' title='bbox 1249 3751 1325 3799; x_wconf 87' lang='lat' dir='ltr'><strong>nota.</strong></span> 
     </span>
     <span class='ocr_line' id='line_1_49' title="bbox 347 3816 912 3888; baseline -0.002 -15"><span class='ocrx_word' id='word_1_423' title='bbox 347 3818 498 3884; x_wconf 84' lang='lat' dir='ltr'><strong>violantes,</strong></span> <span class='ocrx_word' id='word_1_424' title='bbox 515 3833 578 3886; x_wconf 91' lang='lat' dir='ltr'><strong>pag.</strong></span> <span class='ocrx_word' id='word_1_425' title='bbox 598 3817 633 3870; x_wconf 90' lang='grc'><strong>90</strong></span> <span class='ocrx_word' id='word_1_426' title='bbox 651 3833 691 3888; x_wconf 87' lang='lat' dir='ltr'><strong>sq.</strong></span> <span class='ocrx_word' id='word_1_427' title='bbox 704 3845 716 3858; x_wconf 93' lang='lat'><strong>·</strong></span> <span class='ocrx_word' id='word_1_428' title='bbox 729 3816 758 3870; x_wconf 90' lang='lat' dir='ltr'><strong>lu</strong></span> <span class='ocrx_word' id='word_1_429' title='bbox 778 3816 912 3872; x_wconf 86' lang='lat' dir='ltr'><strong>ecclesia-</strong></span> 
     </span>
     <span class='ocr_line' id='line_1_50' title="bbox 345 3887 1522 3958; baseline -0.001 -15"><span class='ocrx_word' id='word_1_430' title='bbox 345 3888 432 3943; x_wconf 86' lang='lat' dir='ltr'><strong>sticos</strong></span> <span class='ocrx_word' id='word_1_431' title='bbox 449 3895 480 3944; x_wconf 88' lang='lat' dir='ltr'><strong>et</strong></span> <span class='ocrx_word' id='word_1_432' title='bbox 498 3888 646 3957; x_wconf 83' lang='lat' dir='ltr'><strong>religiosos</strong></span> <span class='ocrx_word' id='word_1_433' title='bbox 663 3890 739 3942; x_wconf 87' lang='lat' dir='ltr'><strong>viros</strong></span> <span class='ocrx_word' id='word_1_434' title='bbox 762 3889 909 3943; x_wconf 85' lang='lat' dir='ltr'><strong>missione·</strong></span> <span class='ocrx_word' id='word_1_435' title='bbox 1016 3887 1087 3942; x_wconf 79' lang='lat' dir='ltr'><strong>Feri</strong></span> <span class='ocrx_word' id='word_1_436' title='bbox 1100 3887 1294 3958; x_wconf 74' lang='lat' dir='ltr'><strong>priuilegium.</strong></span> <span class='ocrx_word' id='word_1_437' title='bbox 1315 3914 1349 3929; x_wconf 92' lang='lat'><strong>·-</strong></span> <span class='ocrx_word' id='word_1_438' title='bbox 1368 3887 1409 3941; x_wconf 83' lang='lat' dir='ltr'><strong>Cf.</strong></span> <span class='ocrx_word' id='word_1_439' title='bbox 1431 3887 1522 3944; x_wconf 66' lang='lat' dir='ltr'><strong>Peer-</strong></span> 
     </span>
     <span class='ocr_line' id='line_1_51' title="bbox 346 3959 1079 4032; baseline -0.004 -17"><span class='ocrx_word' id='word_1_440' title='bbox 346 3961 404 4015; x_wconf 90' lang='lat' dir='ltr'><strong>rios</strong></span> <span class='ocrx_word' id='word_1_441' title='bbox 412 3967 576 4016; x_wconf 89' lang='lat' dir='ltr'><strong>exercentes</strong></span> <span class='ocrx_word' id='word_1_442' title='bbox 586 3966 770 4015; x_wconf 85' lang='lat' dir='ltr'><strong>mercaturam</strong></span> <span class='ocrx_word' id='word_1_443' title='bbox 783 3962 812 4014; x_wconf 92' lang='lat' dir='ltr'><strong>in</strong></span> <span class='ocrx_word' id='word_1_444' title='bbox 826 3959 911 4014; x_wconf 89' lang='lat' dir='ltr'><strong>indiis</strong></span> <span class='ocrx_word' id='word_1_445' title='bbox 965 3959 1079 4032; x_wconf 69' lang='lat' dir='ltr'><strong>legium</strong></span> 
     </span>
     <span class='ocr_line' id='line_1_52' title="bbox 348 4030 912 4100; baseline 0 -14"><span class='ocrx_word' id='word_1_446' title='bbox 348 4031 551 4097; x_wconf 89' lang='lat' dir='ltr'><strong>Orientalibus,</strong></span> <span class='ocrx_word' id='word_1_447' title='bbox 573 4048 635 4100; x_wconf 88' lang='lat' dir='ltr'><strong>pag.</strong></span> <span class='ocrx_word' id='word_1_448' title='bbox 657 4030 716 4085; x_wconf 82' lang='lat'><strong>110.</strong></span> <span class='ocrx_word' id='word_1_449' title='bbox 735 4061 747 4071; x_wconf 94' lang='lat'>-</span> <span class='ocrx_word' id='word_1_450' title='bbox 768 4031 798 4085; x_wconf 89' lang='lat' dir='ltr'><strong>ln</strong></span> <span class='ocrx_word' id='word_1_451' title='bbox 819 4031 912 4086; x_wconf 81' lang='lat' dir='ltr'><strong>absol·</strong></span> 
     </span>
     <span class='ocr_line' id='line_1_53' title="bbox 346 4099 1520 4171; baseline -0.002 -13"><span class='ocrx_word' id='word_1_452' title='bbox 346 4109 445 4159; x_wconf 77' lang='lat' dir='ltr'><strong>ventes</strong></span> <span class='ocrx_word' id='word_1_453' title='bbox 462 4104 523 4158; x_wconf 85' lang='lat' dir='ltr'><strong>siue</strong></span> <span class='ocrx_word' id='word_1_454' title='bbox 547 4103 684 4157; x_wconf 83' lang='lat' dir='ltr'><strong>facultate</strong></span> <span class='ocrx_word' id='word_1_455' title='bbox 701 4119 719 4155; x_wconf 92' lang='lat' dir='ltr'><strong>a</strong></span> <span class='ocrx_word' id='word_1_456' title='bbox 736 4105 863 4157; x_wconf 85' lang='lat' dir='ltr'><strong>censoria</strong></span> <span class='ocrx_word' id='word_1_457' title='bbox 881 4103 911 4158; x_wconf 91' lang='lat' dir='ltr'><strong>in</strong></span> <span class='ocrx_word' id='word_1_458' title='bbox 1016 4101 1186 4156; x_wconf 81' lang='lat' dir='ltr'><strong>Fornicatio.</strong></span> <span class='ocrx_word' id='word_1_459' title='bbox 1204 4129 1240 4140; x_wconf 91' lang='lat'>—</span> <span class='ocrx_word' id='word_1_460' title='bbox 1262 4100 1311 4154; x_wconf 77' lang='lat' dir='ltr'><strong>Est</strong></span> <span class='ocrx_word' id='word_1_461' title='bbox 1337 4099 1382 4156; x_wconf 89' lang='lat' dir='ltr'><strong>vel</strong></span> <span class='ocrx_word' id='word_1_462' title='bbox 1404 4101 1520 4171; x_wconf 85' lang='lat' dir='ltr'><strong>simplex</strong></span> 
     </span>
     <span class='ocr_line' id='line_1_54' title="bbox 347 4171 1520 4244; baseline -0.005 -14"><span class='ocrx_word' id='word_1_463' title='bbox 347 4175 442 4230; x_wconf 83' lang='lat' dir='ltr'><strong>const.</strong></span> <span class='ocrx_word' id='word_1_464' title='bbox 462 4175 672 4244; x_wconf 82' lang='lat' dir='ltr'><strong>‹Apostolicae</strong></span> <span class='ocrx_word' id='word_1_465' title='bbox 695 4173 804 4232; x_wconf 76' lang='lat' dir='ltr'><strong>Sedis»</strong></span> <span class='ocrx_word' id='word_1_466' title='bbox 822 4190 910 4229; x_wconf 85' lang='lat' dir='ltr'><strong>reeer·</strong></span> <span class='ocrx_word' id='word_1_467' title='bbox 963 4171 1009 4226; x_wconf 83' lang='lat' dir='ltr'><strong>uel</strong></span> <span class='ocrx_word' id='word_1_468' title='bbox 1030 4189 1093 4228; x_wconf 90' lang='lat' dir='ltr'><strong>cum</strong></span> <span class='ocrx_word' id='word_1_469' title='bbox 1111 4172 1260 4241; x_wconf 83' lang='lat' dir='ltr'><strong>sacrilegio</strong></span> <span class='ocrx_word' id='word_1_470' title='bbox 1283 4173 1444 4240; x_wconf 83' lang='lat' dir='ltr'><strong>coniuncta,</strong></span> <span class='ocrx_word' id='word_1_471' title='bbox 1462 4187 1520 4244; x_wconf 87' lang='lat' dir='ltr'><strong>pag.</strong></span> 
     </span>
     <span class='ocr_line' id='line_1_55' title="bbox 339 4243 1007 4316; baseline -0.01 -14"><span class='ocrx_word' id='word_1_472' title='bbox 339 4247 430 4313; x_wconf 65' lang='lat' dir='ltr'><strong>ratis,</strong></span> <span class='ocrx_word' id='word_1_473' title='bbox 450 4262 513 4316; x_wconf 89' lang='lat' dir='ltr'><strong>pag.</strong></span> <span class='ocrx_word' id='word_1_474' title='bbox 537 4246 594 4300; x_wconf 82' lang='grc'><strong>124.</strong></span> <span class='ocrx_word' id='word_1_475' title='bbox 615 4245 678 4298; x_wconf 90' lang='lat' dir='ltr'><strong>-ln</strong></span> <span class='ocrx_word' id='word_1_476' title='bbox 695 4247 809 4316; x_wconf 90' lang='lat' dir='ltr'><strong>eosqui</strong></span> <span class='ocrx_word' id='word_1_477' title='bbox 830 4263 911 4314; x_wconf 87' lang='lat' dir='ltr'><strong>prae·</strong></span> <span class='ocrx_word' id='word_1_478' title='bbox 963 4243 1007 4298; x_wconf 79' lang='lat'><strong>82.</strong></span> 
     </span>
     <span class='ocr_line' id='line_1_56' title="bbox 347 4317 911 4387; baseline -0.002 -15"><span class='ocrx_word' id='word_1_479' title='bbox 347 4323 474 4372; x_wconf 87' lang='lat' dir='ltr'><strong>eeutatoe</strong></span> <span class='ocrx_word' id='word_1_480' title='bbox 492 4323 541 4371; x_wconf 92' lang='lat' dir='ltr'><strong>aut</strong></span> <span class='ocrx_word' id='word_1_481' title='bbox 560 4317 718 4370; x_wconf 87' lang='lat' dir='ltr'><strong>nominatos</strong></span> <span class='ocrx_word' id='word_1_482' title='bbox 730 4318 765 4370; x_wconf 90' lang='lat' dir='ltr'><strong>ad</strong></span> <span class='ocrx_word' id='word_1_483' title='bbox 784 4319 911 4387; x_wconf 86' lang='lat' dir='ltr'><strong>regimen</strong></span> 
     </span>
     <span class='ocr_line' id='line_1_57' title="bbox 347 4387 1520 4458; baseline -0.003 -15"><span class='ocrx_word' id='word_1_484' title='bbox 347 4389 491 4444; x_wconf 86' lang='lat' dir='ltr'><strong>Ecclesiae</strong></span> <span class='ocrx_word' id='word_1_485' title='bbox 513 4389 652 4458; x_wconf 88' lang='lat' dir='ltr'><strong>recipiant</strong></span> <span class='ocrx_word' id='word_1_486' title='bbox 669 4393 735 4444; x_wconf 91' lang='lat' dir='ltr'><strong>ante</strong></span> <span class='ocrx_word' id='word_1_487' title='bbox 756 4389 911 4444; x_wconf 88' lang='lat' dir='ltr'><strong>institutio·</strong></span> <span class='ocrx_word' id='word_1_488' title='bbox 1017 4389 1186 4442; x_wconf 77' lang='lat' dir='ltr'><strong>Fomicctor</strong></span> <span class='ocrx_word' id='word_1_489' title='bbox 1203 4413 1240 4428; x_wconf 90' lang='lat'><em>-</em></span> <span class='ocrx_word' id='word_1_490' title='bbox 1251 4387 1415 4456; x_wconf 83' lang='lat' dir='ltr'><strong>sacrilegus,</strong></span> <span class='ocrx_word' id='word_1_491' title='bbox 1435 4387 1464 4441; x_wconf 92' lang='lat' dir='ltr'><strong>in</strong></span> <span class='ocrx_word' id='word_1_492' title='bbox 1481 4387 1520 4440; x_wconf 90' lang='lat' dir='ltr'><strong>iu·</strong></span> 
     </span>
    </p>
   </div>
   <div class='ocr_carea' id='block_1_5' title="bbox 0 0 1682 5100">
    <p class='ocr_par' dir='ltr' id='par_1_19' title="bbox 0 0 1682 5100">
     <span class='ocr_line' id='line_1_58' title="bbox 0 0 1682 5100; baseline 0 0"><span class='ocrx_word' id='word_1_493' title='bbox 0 0 1682 5100; x_wconf 95' lang='lat' dir='ltr'><strong> </strong></span> 
     </span>
    </p>
   </div>
  </div>
 </body>
</html>
