3350 5100
345 284 409 350 112
452 232 458 244 Ι
862 305 944 354 raas
968 304 990 350 1.
1012 315 1014 320 v
1094 321 1096 326 ·

342 428 435 493 docet
451 427 583 494 Garzias
605 434 639 492 et
661 428 847 492 Thesaurus
870 430 891 492 t.
916 428 981 508 ott,
1004 428 1149 511 quamvis
1168 427 1214 491 De
1230 428 1356 492 Ameno
1384 431 1512 492 coutra-

340 555 435 620 dicat.
453 590 472 604 -
497 556 539 619 Et
561 555 592 618 iu
610 555 706 640 praxi
728 560 804 639 puto
826 573 892 618 nou
916 552 1132 624 recedendum
1155 551 1195 618 ab
1219 553 1349 618 illorum
1367 553 1430 618 DD.
1447 555 1513 638 opi·

341 680 446 744 nioue.
465 715 482 728 -
501 681 694 745 Mouitiones
712 678 829 744 debent
845 699 916 744 esse
927 680 1148 763 personalem
1172 683 1205 743 at
1220 677 1344 744 dandae
1360 685 1435 744 sunt
1448 679 1515 744 edt-

341 802 521 889 molestet.
539 805 613 868 Vol.
632 805 656 877 Ι,
674 823 704 866 u.
722 802 800 887 404)
816 803 943 887 quaudo
962 822 1037 868 reus
1051 823 1116 868 non
1134 803 1296 889 reperitur
1311 809 1345 870 et
1360 803 1514 888 suspicari

340 928 482 1013 prudens
504 931 563 1010 sit,
587 949 679 994 reum
702 928 928 994 seoccultare
952 945 994 992 ne
1017 929 1200 993 monitionis
1222 927 1351 993 libellus
1374 927 1416 992 ad
1443 947 1514 992 eum

340 1055 518 1137 perveniat.
544 1091 558 1102 -
584 1055 694 1118 Poena
716 1059 826 1118 autem
842 1053 1025 1119 executioni
1048 1052 1275 1118 demandanda
1290 1059 1340 1118 est
1355 1058 1429 1136 post
1443 1072 1514 1120 mo-

341 1178 505 1245 nitionem
519 1178 705 1251 edictalem,
722 1177 855 1262 quando
870 1177 956 1243 haud
972 1176 1112 1242 dubitari
1127 1182 1232 1262 potest
1247 1195 1339 1243 reum
1353 1178 1515 1242 conscium

341 1323 412 1369 esse
432 1323 614 1387 processus
635 1305 789 1389 poenalis,
802 1276 805 1280 Δ
819 1309 851 1368 et
874 1304 971 1375 hunc,
988 1302 1063 1368 data
1085 1302 1357 1389 opera‚eii'uge1·e
1382 1322 1426 1367 ex
1441 1322 1515 1367 con·

341 1432 679 1496 tumacia.Fructuu1n
695 1436 802 1495 autern
816 1431 1031 1515 privationem
1048 1447 1216 1496 censemus
1232 1448 1294 1494 non
1313 1429 1437 1493 incurri
1455 1427 1514 1492 nisi

342 1561 413 1640 post
430 1561 609 1622 sententem
624 1556 898 1628 declaratoriam,
916 1557 963 1620 uti
986 1555 1080 1620 docet
1096 1556 1164 1640 ipse
1179 1555 1365 1618 Thesaurus
1389 1559 1423 1618 et
1446 1573 1517 1638 pro-

342 1679 487 1745 bavimus
510 1681 584 1746 Vol.
610 1681 669 1752 ΙΙΙ,
694 1701 725 1744 ιι.
749 1681 793 1745 70
808 1701 875 1764 seq.
901 1680 958 1764 (Ι).

432 1807 644 1890 Prosequitur
667 1808 764 1872 Cone.
782 1807 884 1872 Trid.:
903 1825 921 1870 t
939 1805 994 1871 Sin
1017 1807 1146 1870 veroin
1169 1803 1287 1874 delicto
1304 1805 1418 1870 eodem
1442 1825 1514 1871 cum

341 1928 453 1994 eadem
465 1929 517 1993 vel
532 1929 596 1994 alia
610 1929 752 1993 foemina
763 1935 1019 2014 perseverantes,
1033 1929 1203 1996 secundae
1214 1929 1395 1996 monitioni
1410 1928 1514 1994 adhuc

343 2072 407 2118 non
423 2041 600 2138 paruerint,
625 2073 689 2118 non
713 2060 835 2119 tantum
860 2054 985 2120 tructus
1007 2073 1119 2119 omnes
1134 2074 1173 2119 ac
1189 2059 1367 2138 proventus
1383 2073 1515 2118 suorum

343 2170 572 2238 beneficiorum
595 2179 626 2238 et
648 2175 817 2258 pensiones
842 2194 880 2238 eo
904 2175 972 2259 ipso
995 2175 1142 2240 amittant
1160 2173 1212 2256 qui
1237 2172 1414 2258 praedictis
1437 2173 1517 2237 iocis

343 2297 545 2383 applicentur
567 2297 622 2362 sed
650 2299 746 2362 etiam
769 2319 790 2362 a
812 2296 1042 2364 beneficiorum
1066 2299 1207 2384 ipsorum
1238 2297 1518 2364 administratione

342 2421 447 2504 quoad
470 2421 671 2494 Ordinarius,
696 2423 791 2495 etiam
816 2423 861 2486 uti
884 2422 1089 2508 Apostolicae
1114 2421 1205 2488 Sedis
1227 2420 1406 2506 delegatus,
1430 2419 1517 2486 arbi-

341 2546 491 2620 trabitur,
507 2547 743 2633 suspendantur
755 2572 785 2611 ».
804 2548 962 2615 Secundo
975 2547 1126 2620 monitio,
1143 2545 1182 2613 de
1198 2566 1260 2631 qua
1275 2546 1330 2612 hio
1345 2543 1382 2611 fit
1397 2566 1513 2619 sermo,

343 2678 393 2737 est
415 2672 471 2736 illa
497 2691 578 2755 quae
603 2673 751 2739 secundo
774 2674 845 2737 loco
869 2672 1021 2737 indicitur
1051 2691 1147 2755 quum
1175 2673 1208 2735 iu
1231 2690 1357 2736 cassum
1381 2671 1517 2736 cesserit

342 2796 513 2881 applicatio
525 2799 647 2882 primae
658 2816 791 2882 poenae.
801 2834 815 2845 -
829 2796 921 2863 Haeo
932 2796 1075 2863 secunda
1086 2798 1216 2861 monitio
1228 2798 1363 2881 praevia
1374 2798 1514 2861 omnium

342 2918 506 2985 fructuum
538 2921 707 3005 privationi
738 2940 886 2986 necnon
916 2920 954 2985 ab
979 2920 1254 2987 administratione
1284 2917 1514 2986 beneficiorum

343 3043 553 3127 suspensioni,
569 3041 662 3107 debet
677 3062 749 3108 esse
763 3045 855 3109 trino
870 3049 926 3110 aut
941 3043 1185 3127 peremptorie,
1202 3044 1247 3107 uti
1271 3042 1515 3127 explicavimus.

343 3168 467 3233 Verum
492 3188 534 3231 ex
555 3172 670 3233 tenore
693 3168 814 3233 decreti
838 3174 935 3252 patet,
959 3168 1170 3253 privationem
1187 3168 1328 3231 omnium
1351 3165 1514 3232 fructuum

344 3312 415 3357 esse
431 3294 488 3357 tot.
504 3298 585 3358 sent.
610 3293 666 3358 sed
682 3295 924 3379 suspensionem
947 3312 1017 3358 esse
1036 3291 1144 3374 feren.
1161 3297 1259 3375 sent.,·
1282 3312 1384 3376 quare
1409 3294 1513 3377 priva-

342 3419 423 3484 tioni
438 3417 599 3483 antecedit
614 3418 851 3489 dectaratoria,
869 3418 1068 3502 suspensioni
1092 3417 1372 3484 condemnatorio
1392 3424 1516 3483 senten·

344 3544 398 3608 tia.
417 3578 434 3591 -
453 3543 542 3619 Quae
565 3544 715 3609 secundo
738 3543 868 3606 monitio
895 3544 921 3607 si
948 3543 1042 3607 irrita
1064 3540 1157 3606 cedat
1179 3541 1261 3607 adeo
1285 3546 1319 3606 ut
1339 3560 1515 3625 poenarum

344 3665 400 3735 flat
415 3670 564 3733 executio
579 3666 636 3733 sed
651 3666 772 3751 absque
787 3668 878 3733 exitu
893 3666 1133 3739 emendationis,
1151 3666 1248 3731 Gouo.
1266 3665 1353 3731 Trid.
1370 3666 1517 3733 decernit

344 3800 380 3860 ut
401 3795 435 3859 hi
458 3794 587 3859 clerici:
613 3790 822 3873 «beneflciis,
845 3790 1045 3877 portionibus
1069 3810 1108 3855 ao
1128 3788 1240 3856 officiis
1262 3793 1296 3857 et
1311 3790 1518 3877 pensionibus

344 3916 594 4002 quibuscumque
616 3916 843 3982 ecclesiasticis
867 3920 1022 4001 perpetuo
1046 3915 1217 4000 priventur
1239 3920 1334 3998 atque
1357 3914 1516 3979 inhabiles

344 4060 383 4106 ao
405 4042 527 4129 indigni
550 4040 802 4127 quibuscumque
825 4041 1011 4113 honoribus,
1035 4037 1253 4125 dignitatibus,
1277 4038 1454 4113 beneficiis,
1478 4056 1517 4103 ao

433 4324 475 4396 (1)
494 4324 642 4379 Fructibus
661 4341 726 4379 vero
745 4324 845 4394 quibus
864 4322 995 4377 indicitur
1014 4321 1147 4391 privatio,
1161 4320 1353 4376 accensendae
1376 4336 1430 4374 non
1452 4322 1517 4372 sunt

344 4432 554 4488 distributiones
565 4434 753 4504 quotidianae,
767 4433 807 4486 uti
820 4436 902 4485 notat
914 4430 1026 4484 Gerzias
1039 4432 1058 4484 t.
1072 4432 1116 4485 cit.
1130 4431 1197 4501 quie
1209 4448 1352 4486 versamur
1365 4434 1393 4484 tn
1405 4429 1515 4483 odiosis.

1620 4742 1636 5053 t
