3350 5100
307 311 375 378 620
763 326 971 376 annnosrou
994 326 1029 374 v.

396 453 467 508 Dur,
493 452 555 506 vn.
574 450 698 507 Tandem
716 452 745 505 in
765 450 957 520 penultimas
976 449 1046 504 dicti
1063 448 1170 506 decreti
1192 447 1408 519 praescribitur:
1426 446 1493 499 «nt

306 573 325 614 ‹
337 558 471 614 eiusmodi
485 556 660 613 examinibus
672 556 808 611 iuteresse
821 555 943 610 debet...
954 559 1037 610 extra
1050 554 1148 609 urbem
1161 552 1208 609 rel
1219 552 1343 607 viarius
1354 550 1494 621 Episcopi,

306 684 322 720 e
335 663 381 721 vel
394 664 490 737 aliqua
502 680 622 735 persona
633 663 754 733 insignis
766 668 796 718 et
808 662 909 717 idonea
920 663 956 717 ab
970 662 1109 745 Episcopo
1120 659 1283 731 specialiter
1295 657 1455 729 deputanda
1466 671 1492 714 a.

307 772 363 827 Sub
382 772 496 827 nomine
512 784 531 827 a
545 786 681 841 personae
699 770 818 841 insignis
837 773 867 823 et
886 769 1005 825 idoneae
1016 785 1034 820 r
1051 767 1176 838 intelligi
1194 784 1231 822 ne
1249 770 1367 837 possunt
1387 762 1494 819 vicarii

306 878 413 934 foranei
432 882 572 933 eteorum
591 876 765 941 cancellarii,
780 876 833 930 etsi
847 875 896 930 isti
913 875 1050 930 facultate
1068 874 1186 945 rogandi
1204 846 1329 939 careant,
1340 887 1413 943 quaa
1424 885 1493 925 con·

307 986 415 1042 ceditur
433 990 543 1040 tantum
562 983 740 1039 cancellario
758 981 930 1055 episcopali?
948 982 985 1037 Bt
1002 988 1144 1054 quatenus
1155 982 1289 1052 negative
1301 985 1396 1035 utrum
1407 978 1496 1033 liceat

306 1092 384 1165 sequi
404 1092 576 1146 contrariam
598 1088 849 1145 consuetudinem?

621 1268 709 1325 Faria
728 1268 745 1321 1
751 1270 776 1321 V
789 1270 837 1323 die
858 1269 904 1321 25
921 1268 1077 1323 Februarii
1095 1266 1154 1320 184
1160 1266 1179 1318 7

398 1411 426 1467 ln
447 1412 548 1483 Gongr.
561 1411 629 1466 Gen.
642 1410 669 1465 S.
684 1411 716 1465 R.
731 1414 761 1466 et
773 1410 951 1465 Universalis
969 1410 1163 1481 Inquisitionis
1181 1407 1280 1461 babita
1297 1406 1327 1460 in
1345 1405 1493 1459 Conveutn

309 1520 335 1574 S.
349 1521 387 1575 bl.
406 1537 491 1590 supra
504 1520 672 1585 Minervam,
685 1534 779 1572 coram
793 1517 849 1571 EE.
862 1522 893 1571 et
905 1516 968 1572 th.
982 1517 1037 1571 Di).
1051 1516 1079 1571 S.
1092 1516 1125 1571 tt
1139 1516 1171 1569 E.
1185 1514 1382 1568 Cardinalibns
1393 1517 1493 1566 contra

306 1626 477 1682 haereticam
497 1626 665 1695 pravitatem
685 1624 871 1680 Generalibus
895 1623 1125 1694 inquisitoribus,
1151 1621 1301 1692 propositis
1323 1618 1494 1690 supradictis

307 1737 414 1803 septem
433 1732 525 1788 dubiis
543 1733 627 1788 iidem
646 1731 703 1787 Eu.
721 1748 754 1785 ac
775 1730 832 1783 litt
854 1730 1057 1799 responderunt
1074 1729 1110 1784 ed
1126 1728 1241 1799 singula
1258 1732 1291 1781 ut
1307 1727 1449 1797 sequitur:

397 1841 443 1894 Ad
462 1840 483 1893 Ι.
505 1839 600 1901 Quoad
618 1838 736 1908 primani
757 1842 881 1907 partem3
900 1836 1085 1902 adfirmative,
1103 1851 1158 1907 quo
1176 1835 1315 1890 tamenin
1327 1850 1395 1887 casu
1407 1848 1493 1902 appo·

308 1948 391 1999 natur
415 1946 547 2015 legaliter
566 1962 583 1997 a
607 1943 692 1997 Curia
718 1943 886 2013 Episcopali.
912 1942 1008 2005 Quoad
1032 1941 1181 1996 secundam
1207 1945 1325 2011 partem,
1349 1940 1493 2009 provisum

308 2048 336 2106 in
356 2053 453 2125 prima.

397 2161 444 2213 Ad
462 2160 501 2213 II.
519 2158 702 2214 Affirmative.

397 2268 443 2321 Ad
462 2265 517 2318 ΙΙΙ.
537 2264 670 2319 Servetur
688 2264 847 2319 instructio.

395 2373 442 2427 Λᾶ
462 2370 512 2425 lv.
532 2370 694 2427 Generatim
713 2370 892 2425 affirmative:
912 2370 940 2423 in
960 2369 1072 2424 casibus
1097 2385 1164 2424 vero
1189 2369 1408 2439 particularibus
1425 2382 1493 2436 pru·

308 2478 384 2533 denti
404 2478 523 2532 arbitrio
541 2476 678 2547 Episcopi.

397 2585 444 2639 Ad
469 2585 498 2637 V.
518 2583 700 2638 Affirmative.

397 2693 443 2744 Ad
468 2689 513 2743 VI.
532 2690 628 2751 Quoad
647 2691 766 2760 primam
785 2693 906 2760 partem:
926 2687 1079 2756 Negatire3
1099 2689 1190 2759 quoad
1208 2687 1358 2742 secundem
1371 2675 1493 2756 partem}

308 2797 491 2852 Affirmative.

397 2905 442 2958 Ad
468 2902 512 2955 VI.
531 2901 626 2964 Quoad
645 2900 764 2971 primam
784 2904 904 2976 partem:
927 2898 1110 2954 Affirmative.
1130 2897 1237 2954 Vicarii
1261 2903 1355 2953 maren
1380 2897 1489 2952 foranei

307 3009 503 3064 transmittant
521 3013 584 3064 acte
602 3008 636 3062 ad
656 3007 769 3062 Curiam
789 3006 992 3077 Episcopalem‚
1011 3007 1092 3061 cuius
1105 3014 1149 3062 est
1160 3008 1292 3078 expedire
1303 3006 1386 3060 fidem
1398 3009 1492 3060 status

309 3114 401 3170 liberi.
421 3114 515 3177 Quoad
535 3113 684 3169 sectandam
704 3117 825 3183 partem:
846 3111 985 3180 provisum
1004 3112 1033 3165 in
1052 3113 1142 3182 prima
1154 3127 1179 3170 r.
