3350 5100
413 342 457 387 nn
481 342 620 389 runicus
643 342 886 389 callirrlALlBUs
911 342 946 389 ns
969 341 1086 388 sanein
1271 322 1338 387 419

160 464 205 528 ita
227 463 422 529 determinat
452 465 627 529 Instructio
649 470 711 529 art.
736 464 848 531 XLll:
876 463 1023 535 «Quam
1049 453 1338 549 appellandaru-

159 588 297 654 daa'tar
319 608 342 653 a
364 589 530 655 sententia
553 590 699 655 attentas
721 590 838 655 canoa
869 589 1069 673 episcopatis
1099 590 1146 655 ad
1173 595 1338 673 metropo-

160 714 315 795 litanam,
339 714 625 797 archiepiscopus
654 714 693 778 ia
722 714 913 801 coqaitiaae
941 719 971 780 et
994 714 1188 801 aspiratione
1215 734 1339 783 causae

158 838 314 918 sequitur
334 857 496 904 normam
515 838 727 920 procedendi
741 838 779 903 ia
794 838 859 905 bac
879 838 1104 905 Instructioae
1128 838 1337 905 traditam».

162 964 313 1029 Attamen
337 984 401 1027 non
424 964 551 1051 singula
566 970 639 1029 acta
651 964 790 1047 primae
811 963 996 1031 instantiae
1010 934 1227 1031 observantur
1242 966 1339 1031 etiam

160 1092 193 1153 in
216 1089 378 1164 secanda,
402 1092 509 1175 prouti
532 1059 625 1155 modo
648 1089 891 1175 explicabimus.

250 1214 325 1279 360.
350 1215 430 1281 Tota
453 1234 528 1299 pars
547 1213 745 1299 inquisitiva
767 1233 833 1279 non
856 1212 1028 1279 adhibetur
1044 1215 1077 1279 in
1094 1212 1209 1281 iudioio
1229 1214 1338 1300 appel·

161 1338 306 1412 lationis;
338 1340 506 1422 quaeritur
529 1340 614 1403 enim
637 1358 679 1402 an
704 1338 787 1405 aeae
809 1338 862 1403 vel
886 1340 977 1404 mate
1005 1338 1193 1405 iudicatam
1222 1337 1338 1421 faerit.

163 1462 234 1527 Hoc
264 1469 473 1548 praeceptum
505 1464 538 1527 in
569 1462 638 1529 cod.
663 1464 717 1529 cit.
743 1463 842 1550 Greg.
874 1470 939 1529 art.
965 1462 1036 1529 46¹1
1067 1465 1111 1529 ita
1141 1464 1340 1548 coneipitur:

164 1610 182 1649 ‹
199 1586 356 1652 Iudicium
371 1588 594 1672 appellationis
608 1589 726 1673 quippe
740 1592 865 1653 tautum
882 1609 920 1653 eo
935 1592 1060 1673 spectat
1075 1593 1110 1653 ut
1126 1573 1341 1675 cognoscatur

161 1731 203 1776 an
219 1712 319 1777 fuerit
337 1713 481 1798 legitima
495 1712 671 1778 declaratio
688 1714 812 1779 roitatis
827 1720 883 1779 aut
903 1720 1011 1778 utrum
1027 1712 1169 1779 adfuerit
1189 1730 1342 1778 excessus

162 1836 194 1898 in
217 1836 432 1920 applicatione
450 1854 583 1921 poenae,
606 1854 778 1919 numquam
802 1842 908 1921 potest
929 1836 1023 1902 istam
1046 1846 1202 1920 asperare
1227 1836 1260 1901 in
1282 1854 1340 1901 suo

161 1962 264 2046 gradu
288 1966 345 2026 aut
367 1963 399 2025 in
426 1981 485 2026 sua
507 1963 706 2027 extensione.
738 1963 778 2027 Ei
802 1981 866 2027 non
890 1962 939 2027 fas
961 1974 1011 2027 est
1042 1964 1103 2027 nisi
1134 1958 1339 2033 confirmare,

161 2104 319 2151 revocare
340 2092 397 2152 aut
419 2084 599 2151 diminuere
621 2087 760 2170 primam
783 2085 1081 2152 condemnationem
1107 2107 1136 2148 ».
1162 2080 1266 2159 Reiffi,
1290 2086 1341 2151 Da

161 2212 285 2294 appell.
309 2232 344 2276 a.
359 2210 446 2282 232,
466 2208 635 2275 confirmat
658 2212 722 2277 hoc
744 2212 947 2296 principium,
971 2216 1079 2276 tamen
1103 2210 1254 2293 advertit,
1278 2208 1339 2275 ali·
1449 2222 1452 2237 ¹

161 2334 246 2419 qaid
266 2354 367 2417 posse
387 2336 472 2402 addi
486 2335 670 2401 sententiae
688 2336 879 2420 appellatae,
900 2335 999 2401 veluti
1023 2334 1179 2421 applicari
1203 2352 1339 2419 poenam

162 2475 185 2521 a
206 2457 291 2538 iure,
315 2473 410 2542 quarn
433 2456 531 2523 iudex
553 2459 678 2544 primae
701 2460 873 2523 instantiae
896 2478 960 2524 non
984 2456 1185 2532 decreverat,
1210 2456 1340 2521 minime

161 2602 241 2648 vero
264 2583 498 2651 arbitrariam.
515 2585 600 2651 Sane
622 2586 656 2649 in
680 2586 750 2649 iure
766 2604 841 2651 can.
858 2603 979 2650 comm.
996 2602 1059 2648 non
1077 2589 1126 2648 ast
1146 2584 1190 2648 ita
1211 2579 1338 2646 firmum

162 2709 225 2774 hoc
247 2698 450 2796 principium,
466 2709 523 2777 sed
546 2712 578 2776 in
602 2730 725 2801 genere
743 2711 784 2776 ab
808 2729 846 2775 eo
871 2730 935 2774 non
958 2715 1007 2775 est
1031 2706 1257 2775 discedendum
1277 2708 1338 2774 nisi

162 2833 255 2917 gravi
276 2832 469 2918 siqaifioata
492 2851 608 2898 caasa.

251 2957 327 3022 361.
351 2956 416 3024 Sub
438 2959 528 3022 initio
552 2959 724 3023 instantiae
745 2957 968 3042 appellationis
990 2954 1139 3023 facienda
1162 2961 1211 3021 est
1233 2961 1341 3023 coate-

160 3082 259 3148 statio
276 3090 310 3148 ut
325 3087 434 3168 pateat
445 3087 552 3147 utrum
565 3084 724 3147 sententia
739 3088 794 3148 aut
808 3082 955 3168 iateqra,
968 3087 1025 3146 aut
1035 3085 1158 3146 tantum
1170 3081 1338 3166 aliqua-in

157 3211 260 3285 parte
275 3207 317 3270 sit
328 3206 542 3290 appellatione
557 3207 702 3290 impetita
717 3210 750 3272 et
766 3210 874 3271 utrum
889 3204 1066 3270 accesserit
1077 3203 1248 3288 appellatio
1261 3201 1340 3268 iaci·
1376 3196 1379 3202 ’

162 3327 370 3395 dormitatus
385 3331 634 3397 contestationis
649 3328 818 3416 perficitur
833 3337 1002 3415 postquam
1014 3327 1112 3394 iudex
1124 3327 1339 3412 coguitionem

162 3454 335 3537 sumpserit
345 3451 385 3517 do
396 3453 478 3518 actis
489 3454 608 3538 prioris
620 3454 809 3535 instantia03
823 3454 856 3518 in
869 3473 965 3538 quem
977 3471 1118 3536 scopum,
1131 3451 1203 3515 looo
1218 3449 1341 3516 indicis

161 3575 385 3656 instructoris,
402 3575 608 3642 accommode
628 3576 797 3662 delegatur
815 3577 923 3644 iudea
938 3577 1077 3656 relator,
1098 3574 1146 3638 uti
1162 3572 1272 3640 statuit
1287 3571 1340 3638 ait.

163 3699 234 3764 aad.
261 3699 358 3786 Greg.
382 3705 444 3765 art.
468 3700 544 3766 456.
567 3703 725 3769 Nimirum
750 3701 889 3768 Praeses
912 3699 1084 3766 tribunalis
1106 3697 1340 3784 appellationis,

161 3823 310 3890 iudicem
325 3827 489 3891 coustituit
504 3829 697 3902 relatorem,
714 3829 767 3912 qui
783 3829 816 3892 in
831 3829 973 3894 termino
988 3827 1100 3892 decem
1116 3825 1252 3906 dierum,
1269 3828 1341 3890 acta

163 3949 336 4022 examinat
353 3949 529 4034 eademque
553 3952 687 4016 remittit
710 3953 917 4036 procuratori
940 3949 1052 4026 fiscali,
1069 3954 1101 4015 et
1121 3949 1250 4016 interim
1270 3947 1341 4012 aliis

162 4071 320 4137 iudicibus
342 4072 502 4139 diribetur
520 4076 613 4160 copia
627 4075 802 4141 restrictas
820 4093 1002 4158 processus
1016 4073 1157 4138 confecti
1180 4072 1213 4135 in
1237 4073 1341 4156 prima

157 4196 323 4261 instantia.
348 4197 461 4263 Sinon
486 4200 593 4265 valeat
614 4200 764 4267 constitui
788 4199 886 4266 iudex
911 4199 1041 4273 relator,
1061 4199 1130 4284 ipse
1145 4196 1243 4262 iudex
1260 4197 1340 4262 rela-

161 4321 281 4386 tionem
305 4320 434 4388 conficit
459 4329 616 4400 actorum,
641 4325 755 4410 quibus
785 4328 912 4392 constat
938 4325 1090 4390 instantia
1113 4323 1339 4409 appellationis

3 4548 4 4593 1
162 4451 197 4512 ut
217 4452 326 4532 pateat
347 4450 476 4532 quinam
499 4451 564 4517 sint
586 4453 830 4530 controversiae
852 4451 980 4516 limites.
1006 4450 1127 4516 Deinde
1150 4449 1338 4537 proceditur
