3350 5100
861 318 943 365 PARS
977 318 1024 365 111.

440 434 505 491 431.
530 436 650 497 Quinum
666 438 706 491 eit
723 438 805 494 iudex
829 438 1030 509 appellationis
1053 457 1071 493 u
1094 440 1242 495 sententiis
1266 438 1475 509 Episcopcrum.
1498 470 1530 484 —

441 544 503 598 432.
523 544 562 599 De
580 545 769 601 tribunalibus
785 562 860 619 quoe
877 547 929 601 hes
947 563 1045 603 censes
1063 554 1235 619 cognoscunt
1254 548 1325 617 epud
1339 548 1366 602 S.
1379 548 1484 604 Sedem.
1497 578 1532 592 -

440 650 501 704 433.
513 650 665 706 ineuntiue
674 651 709 705 de
718 652 926 723 dispensatione
938 670 957 705 c
968 662 1051 706 matr.
1065 664 1126 707 rato
1137 663 1163 707 et
1178 670 1233 707 non
1244 666 1433 709 consummato
1447 657 1530 709 intro·

439 759 583 815 ducendae
594 766 660 814 suut
670 764 699 813 et
707 759 882 815 definiendus
894 760 966 829 epud
978 760 1004 812 S.
1016 760 1123 823 sedem,
1133 762 1260 831 quamvis
1270 778 1414 831 processus
1423 762 1532 833 delege-

441 874 487 921 tur
505 867 693 922 conficiendos
711 868 747 921 sb
765 866 921 922 Ordiueriis
939 868 1072 921 locorum.
1092 896 1125 909 -
1145 866 1206 921 434.
1227 867 1266 923 De
1282 870 1468 939 competentis
1487 888 1532 924 ru-

442 975 518 1029 tione
536 977 685 1029 territorii.
703 1004 740 1016 -
757 973 818 1028 435.
839 974 982 1035 Quomodo
1001 974 1159 1043 applicetur
1177 975 1290 1043 regule:
1309 986 1388 1031 octor
1406 978 1531 1057 sequtus·

439 1086 536 1151 fotum
553 1082 605 1135 rei.
623 1110 660 1120 -
678 1078 739 1134 436.
759 1083 803 1134 An
816 1080 979 1135 attendetur
999 1081 1078 1135 locun
1097 1092 1264 1136 concoctos.
1278 1108 1311 1123 -
1324 1081 1530 1139 innoeentes

441 1188 536 1256 ptione
554 1186 788 1258 incompetentius
807 1192 857 1241 eut
875 1190 1050 1259 suspicionis.
1063 1217 1097 1229 -
1109 1187 1171 1243 438.
1191 1188 1293 1245 Utrum
1305 1188 1388 1243 iudex
1402 1206 1530 1245 rocueere

439 1295 527 1366 possit
544 1298 750 1349 acemancnem
768 1290 898 1365 excipere
917 1295 945 1348 iu
964 1294 1182 1351 matrimonium.

438 1557 513 1631 427.
540 1557 645 1631 Quum
669 1558 762 1621 modo
785 1558 1032 1643 determinando
1054 1559 1096 1623 sit
1117 1524 1242 1624 iudicis
1263 1560 1481 1643 competentia
1496 1560 1527 1623 in

349 1681 411 1744 hes
432 1700 557 1761 causas,
573 1681 758 1747 ordinarius
773 1680 963 1747 adhibemus
978 1687 1047 1747 trec
1062 1682 1215 1748 rationes
1236 1682 1529 1749 determinationis

349 1806 436 1889 (Vol.
462 1807 486 1878 Ι,
511 1807 577 1871 318
600 1806 671 1890 sq.);
696 1818 730 1873 et
752 1808 785 1871 in
808 1809 920 1891 primis
944 1808 1186 1873 consideramus
1208 1807 1377 1873 rotmnom
1399 1806 1527 1875 obieci.

351 1966 369 1979 -
387 1929 554 2004 Quodnam
570 1932 613 1994 sit
635 1930 700 1996 hoc
718 1930 884 1998 obiectum
907 1934 970 1996 ism
993 1931 1237 2005 delineavimus
1253 1936 1287 1997 ei
1301 1930 1439 1997 vidimus
1454 1932 1528 1995 heic

348 2054 458 2140 ugido
481 2056 942 2128 matrimonio-suernmenio,
963 2055 1003 2122 de
1019 2056 1217 2139 sponsalitio
1241 2060 1417 2121 contractu
1440 2058 1473 2119 et
1488 2052 1528 2119 de

348 2177 487 2262 negotiis
510 2179 540 2243 ei
556 2178 746 2243 incidenter
760 2179 947 2259 connenis;
969 2179 1125 2261 quocirca
1140 2177 1181 2243 ud
1197 2179 1342 2262 apposite
1365 2178 1445 2243 iura
1461 2178 1527 2241 viu-

349 2299 488 2365 dicundu
502 2306 536 2365 et
549 2299 669 2365 tuenda
683 2298 796 2365 fideles
811 2300 932 2367 habent
947 2307 1152 2385 comparatus
1167 2302 1265 2367 cunm
1280 2300 1425 2366 actiones
1440 2300 1527 2365 indi-

349 2426 454 2491 ciuies
475 2424 690 2509 experiendus
716 2425 800 2509 apud
826 2424 950 2491 iudices
973 2425 1089 2491 eccles.
1117 2426 1206 2491 Haeo
1234 2427 1450 2509 competentis
1478 2430 1527 2488 est

346 2548 502 2617 abscintu
517 2556 551 2615 et
561 2551 765 2625 montana,
779 2557 890 2636 utpote
903 2553 1071 2637 pertinens
1082 2553 1128 2618 ad
1139 2552 1194 2618 ins
1205 2550 1384 2634 pubiicum
1395 2548 1485 2634 (Vol.
1499 2548 1525 2616 1.

347 2691 379 2736 n.
402 2671 482 2758 320)
505 2691 611 2756 neque
633 2678 739 2756 potest
753 2674 889 2757 privetis
909 2672 1109 2759 pactionibus
1133 2672 1295 2757 derogari.
1314 2670 1376 2738 Sed
1400 2670 1526 2756 agimus

345 2797 388 2862 de
409 2796 863 2864 mustuosis-sacramento
880 2817 937 2863 seu
953 2798 1038 2862 inter
1053 2797 1181 2882 fideles,
1196 2815 1270 2862 unm
1286 2795 1525 2860 matrimonium

346 2923 380 2984 in
410 2925 497 2986 stetu
526 2925 664 2985 neturus
686 2922 829 3005 pertinet
851 2920 892 2984 ad
916 2920 1038 2986 iudices
1060 2921 1170 2992 laicos,
1195 2921 1249 3003 qui
1273 2925 1383 2984 umen
1405 2916 1526 3002 aliquid

345 3044 524 3110 decernere
540 3063 606 3109 nou
621 3045 733 3109 velent
755 3046 956 3110 contrarium
978 3046 1042 3110 iuri
1067 3051 1214 3124 naturae,
1238 3045 1461 3126 interpretato
1484 3040 1526 3108 ab

345 3170 414 3253 ipso
437 3168 553 3235 divino
576 3170 648 3234 iure
670 3178 727 3235 eut
741 3171 929 3235 authentice
944 3169 988 3236 ab
1008 3169 1168 3236 Ecclesia.
1187 3168 1234 3234 of.
1253 3168 1422 3252 Gavegnis,
1441 3168 1524 3232 inst.

344 3293 412 3356 inr.
433 3292 515 3375 pub.
541 3294 613 3364 ΙΙΙ,
636 3292 714 3359 edit.
738 3293 789 3369 3⁰,
812 3283 848 3359 n.
872 3293 938 3358 184
959 3313 1027 3379 seq.
1053 3292 1110 3379 (l).

434 3467 474 3539 (1)
493 3467 569 3524 Haec
581 3469 770 3539 competentis
782 3469 986 3524 determinetur
1005 3469 1114 3524 ratione
1128 3470 1233 3535 obiecti,
1248 3467 1380 3540 quocirca
1393 3467 1415 3520 si
1429 3465 1526 3518 conin-

344 3590 412 3642 gum
431 3591 503 3628 unus
521 3575 558 3628 sit
576 3576 678 3645 fidelis,
697 3574 772 3630 ulter
789 3577 923 3646 infidelis,
941 3575 1043 3646 quippe
1056 3591 1090 3629 ex
1104 3580 1183 3644 perte
1201 3575 1296 3644 fidelis
1314 3571 1524 3628 matrimonium

345 3681 470 3750 pertinet
481 3681 516 3736 sd
528 3681 691 3749 Ecclesium,
702 3682 863 3752 pertinebit,
874 3699 923 3752 per
935 3698 1116 3753 consequens,
1128 3682 1214 3736 etiem
1228 3697 1263 3736 ex
1276 3683 1355 3750 purte
1365 3677 1498 3748 infidelis.
1507 3707 1525 3717 -

343 3787 385 3840 of.
405 3787 537 3856 Geepsrri
557 3789 599 3841 De
616 3797 700 3842 niutr.
716 3805 747 3842 n.
767 3787 851 3841 1164.
871 3787 955 3843 Iudex
976 3789 1065 3842 lutcus
1084 3787 1158 3843 inter
1176 3786 1274 3842 fideles
1297 3785 1325 3839 in
1350 3783 1402 3838 hes
1425 3798 1525 3838 musas

343 3892 414 3946 nihil
427 3897 529 3963 potest,
542 3897 573 3947 si
585 3911 620 3948 ex
628 3897 817 3964 permissione
828 3894 953 3966 aliquem
965 3902 1079 3950 exercet
1091 3897 1268 3964 potestatem.
1281 3919 1294 3933 ·
1305 3891 1347 3946 Gi.
1361 3905 1524 3960 responsum

343 4001 370 4054 S.
383 3999 415 4053 c.
430 4001 461 4054 C.
477 4000 507 4054 iu
520 4001 711 4072 Neapolitana
728 4019 779 4058 seu
796 4003 910 4071 Lycion.
926 4001 1125 4056 onasi1837
1143 3999 1228 4070 (apud
1241 3999 1359 4070 Lingen.
1377 4003 1406 4054 et
1427 3996 1522 4051 Reuss.

343 4134 357 4146 ·
379 4105 486 4161 &uoce
510 4109 605 4177 selem.
627 4125 695 4178 pop.
716 4107 803 4171 8871.
822 4105 1012 4178 Neapolitana
1035 4123 1084 4160 seu
1104 4106 1184 4162 nom.
1203 4115 1284 4160 moin
1303 4119 1391 4174 super
1415 4119 1524 4171 compe·

341 4215 428 4267 tentia
445 4229 495 4268 eeu
509 4217 673 4268 coomnone
690 4241 704 4253 -
719 4214 763 4266 30
778 4213 848 4278 Iun,
865 4217 888 4266 5
900 4213 963 4268 lun.
977 4213 1069 4280 1858,
1083 4217 1113 4266 et
1132 4213 1312 4267 Veneriorum
1331 4209 1523 4285 Separationie

342 4321 399 4372 tori
415 4321 508 4390 quood
526 4331 641 4390 compet.
654 4320 698 4374 28
711 4319 771 4374 iun
785 4321 877 4374 1865.
898 4319 936 4376 De
948 4319 1096 4390 discipline
1115 4319 1188 4390 spud
1206 4315 1372 4380 Orientale,
1391 4315 1425 4369 ci.
1442 4313 1523 4368 Men·

341 4425 421 4493 selle,
441 4429 483 4482 De
501 4430 604 4498 imped.
622 4438 705 4483 mutr-
724 4431 779 4482 dir.
798 4439 826 4483 et
845 4430 880 4483 de
899 4444 1023 4498 process.
1042 4429 1100 4484 iud.
1118 4444 1183 4498 puy.
1204 4425 1267 4479 175
1285 4441 1324 4494 sp.
