3350 5100
396 346 400 353 ·
519 322 562 369 nn
588 320 726 369 marcus
751 321 993 369 carninamnos
1278 302 1343 365 3:37

167 448 337 512 retulimus
363 447 425 510 vol.
452 448 463 509 Ι
490 466 521 530 p.
546 446 622 510 6l8.
650 445 700 527 Cf.
730 445 854 509 Giraldi
882 446 952 509 lur.
981 444 1081 511 Pont.
1111 448 1129 511 l
1158 454 1233 512 sect.
1259 445 1349 521 30&

166 580 199 638 et
215 571 387 637 blonacelli
411 590 465 653 op.
484 571 536 637 cit.
557 590 594 653 p.
609 571 656 650 ll,
682 570 768 634 tituli
791 570 842 643 15,
859 569 962 652 form
979 565 1063 649 2,‘n.
1082 570 1140 635 8.-
1159 572 1225 637 Has
1248 592 1345 657 prae-

167 689 359 791 scriptiones
381 710 521 769 renorat
543 705 596 769 cit.
622 704 704 769 lust.
729 710 794 767 art.
819 702 877 768 37.

253 832 329 897 265.
357 831 537 898 Nonnullae
560 850 677 895 causae
701 829 854 895 dicuntur
871 848 1032 913 nunquam
1049 833 1190 895 transire
1206 830 1243 895 in
1268 851 1340 896 rem

168 956 354 1021 iudicatam
378 963 410 1019 et
433 956 496 1019 bae
519 960 594 1019 sunt
617 959 807 1037 sequentes:

258 1083 288 1167 l)
313 1082 498 1147 Sententiae
521 1082 590 1165 ipso
613 1082 684 1145 iure
709 1080 817 1145 nullae
842 1101 899 1145 sen
923 1056 1108 1148 laborantes
1131 1080 1344 1147 substantiali

167 1205 304 1277 defectu,
323 1226 381 1288 per
396 1212 515 1290 partes,
532 1204 740 1290 appellationi
756 1206 997 1284 renunciantes
1015 1224 1078 1269 non
1094 1204 1240 1278 sanabili,
1253 1211 1343 1269 tran·

168 1334 232 1395 sire
256 1350 321 1393 non
343 1330 454 1394 valent
476 1331 513 1395 in
535 1350 609 1395 rem
628 1331 825 1402 iudicatam,
843 1328 899 1395 sed
916 1350 974 1413 per
990 1332 1163 1413 querelam
1180 1332 1346 1397 nullitatis

166 1456 329 1521 obtinetur
344 1456 530 1521 declaratio
545 1456 718 1521 nullitatis.
737 1454 829 1519 Haeo
846 1454 1080 1539 explicavimus
1097 1454 1171 1519 Vol.
1185 1456 1210 1528 1,
1224 1477 1253 1519 n.
1268 1455 1344 1521 663.

255 1578 289 1664 2)
315 1580 396 1644 item
412 1598 529 1643 causae
547 1579 819 1645 matrimoniales
835 1585 867 1642 et
883 1578 1103 1663 beneficiales,
1121 1581 1228 1663 pronti
1244 1579 1347 1663 expli-

169 1709 312 1772 cavimus
335 1706 410 1770 Vol.
436 1706 460 1776 l,
486 1726 515 1769 n.
541 1704 615 1770 666.
640 1741 656 1753 -
680 1706 724 1768 lle
747 1704 1057 1771 matrimonialibus
1081 1706 1167 1770 inira
1190 1704 1343 1770 dicemus.

256 1832 289 1913 3)
302 1830 468 1896 Sententia
479 1830 655 1894 criminalis
664 1830 954 1908 condemnatoria
964 1830 1226 1913 quotiescumque
1238 1835 1346 1913 pateat

170 1958 332 2029 immerita
343 1955 608 2021 condemnatione
632 1955 731 2019 fuisse
752 1956 935 2039 perculsum
953 1960 985 2020 et
1000 1954 1105 2020 adhuc
1129 1957 1231 2040 premi
1255 1957 1345 2021 inno·

168 2086 306 2152 centem,
320 2078 505 2145 revocanda
520 2084 577 2149 est,
599 2098 703 2162 neque
719 2078 823 2143 obstat
840 2080 988 2162 exceptio
1004 2080 1055 2144 rei
1069 2080 1251 2160 iudicatae,
1271 2080 1346 2164 qnia
1411 2160 1413 2164 ,

169 2209 299 2272 iustitia.
317 2226 360 2271 ne
384 2205 530 2270 videatur
551 2204 724 2287 aliquando
748 2204 887 2289 probare
909 2206 1067 2285 iniuriam,
1084 2211 1172 2269 vetat
1196 2206 1347 2269 innocen·

169 2340 235 2395 tem
259 2351 362 2416 poena
384 2329 529 2393 damnari
553 2328 761 2411 eamdemque
785 2330 933 2393 revocari
956 2327 1053 2394 iubet.
1081 2330 1146 2392 Pro
1173 2328 1345 2395 obtinenda

170 2463 277 2519 autem
299 2453 466 2521 recisione
489 2473 668 2537 processus,
685 2454 798 2517 saltem
813 2473 973 2519 recursus
997 2458 1085 2538 patet
1099 2454 1139 2519 ad
1157 2454 1342 2539 Principem

154 2557 234 2664 qui,
256 2599 353 2645 cansa
376 2581 515 2663 cognita,
532 2580 623 2643 istam
642 2599 705 2642 non
729 2579 929 2644 detrectabit.
949 2579 997 2644 Gi.
1016 2576 1109 2645 Reiff.
1127 2580 1157 2643 b.
1177 2585 1196 2644 t.
1212 2599 1246 2644 n.
1263 2575 1341 2645 129.

259 2705 292 2786 t)
317 2704 483 2768 Sententia
505 2703 695 2768 criminalis
718 2703 926 2770 absolutoria
950 2724 972 2768 a
992 2704 1138 2770 crimine
1167 2705 1284 2770 transit
1308 2703 1345 2767 in

170 2846 244 2891 rem
268 2826 462 2899 iudicatam,
487 2826 571 2892 unde
594 2827 756 2891 accusatio
784 2827 824 2891 de
848 2828 958 2892 eodem
984 2829 1119 2894 crimine
1143 2830 1176 2890 in
1199 2825 1346 2892 eumdem

164 2957 355 3038 ¹accusatum
386 2950 581 3018 instaurata,
610 2938 681 3014 etsi¹
697 2951 898 3034 argumentis
929 2957 1040 3034 postea
1070 2949 1204 3015 detectis
1235 2950 1347 3014 forsan

172 3070 448 3156 comprobaretur,
472 3079 579 3136 tamen
605 3073 773 3156 repellitur
796 3075 987 3158 exceptione
1008 3073 1061 3138 rei
1083 3073 1263 3139 iudicatae.

260 3198 293 3276 5)
308 3197 473 3262 Sententia
484 3217 564 3262 vero
576 3195 784 3263 absolutoria
797 3198 840 3264 ab
852 3198 1014 3264 instantia
1023 3217 1087 3262 nun
1097 3199 1214 3262 transit
1226 3199 1260 3262 in
1273 3217 1348 3262 rem

172 3321 367 3392 iudicatam,
385 3323 596 3405 quianullum
621 3321 766 3386 habitum
790 3329 838 3386 est
862 3321 1011 3388 iudicium
1027 3322 1067 3389 de
1082 3322 1202 3388 merito
1219 3341 1346 3396 causae,

172 3465 255 3528 quae
276 3445 383 3510 adhuc
405 3448 534 3532 integra
556 3447 693 3511 dicenda
708 3454 773 3522 est;
793 3447 849 3511 sed
867 3447 989 3513 utiliter
1005 3448 1177 3532 opponitur
1200 3449 1349 3530 exceptio

170 3571 460 3653 praescriptionis,
476 3575 503 3636 si
519 3573 559 3637 ab
579 3575 693 3638 ultima
709 3575 860 3638 instantia
875 3573 1032 3658 dilapsum
1050 3575 1091 3638 sit
1105 3580 1231 3656 tempus
1248 3575 1350 3655 requi·

174 3695 269 3758 situm
291 3694 332 3757 ad
351 3695 668 3778 praescriptionem.
697 3696 729 3761 Si
758 3715 836 3759 vero
861 3697 1021 3759 sententia
1044 3697 1085 3760 sit
1109 3695 1208 3768 nulla,
1234 3694 1286 3758 vel
1310 3694 1350 3758 ab

175 3819 304 3884 crimen
327 3821 528 3895 collunonis,
553 3827 608 3885 aut
631 3819 671 3884 ob
695 3819 1034 3902 fraudemfalsorum
1057 3821 1349 3897 documentorum,

176 3950 223 4007 est
247 3944 336 4007 locus
359 3947 518 4028 querelae
539 3947 715 4012 nuditatis.

263 4069 297 4148 6)
321 4069 507 4133 Sententiae
522 4070 894 4144 excommunicationis,
912 4069 1152 4150 suspensionis,
1169 4067 1350 4148 interdicti,

175 4211 239 4255 non
262 4197 431 4256 transeunt
456 4193 489 4255 in
514 4211 582 4256 rem
601 4194 784 4273 iudicatam,
800 4193 876 4275 quia
890 4199 965 4255 sunt
980 4209 1103 4276 poenae
1120 4189 1350 4260 medicinales,

175 4339 311 4402 quarum
334 4318 491 4383 absolutio
514 4339 643 4405 semper
666 4321 730 4405 peti
754 4319 851 4392 valet,
870 4315 1044 4399 eademque
1057 4318 1120 4380 imo
1137 4315 1276 4400 petenda
1292 4325 1351 4390 est,

176 4445 396 4527 quodcumque
419 4446 542 4529 lapsum
567 4448 608 4510 sit
629 4452 764 4528 tempus,
782 4443 823 4508 ab
847 4444 932 4508 edita
956 4442 1231 4507 condemnatione.
1256 4443 1299 4507 Et
1325 4443 1351 4505 si

251 4587 310 4637 sac.
335 4585 408 4646 bran
438 4585 496 4638 Lib.
517 4585 549 4641 ll.
569 4585 622 4636 vol.
643 4585 687 4637 lV.
1247 4585 1281 4634 ⁴22
