3350 5100
828 316 911 362 PARS
944 316 978 361 11.

797 564 921 631 Carnu.
949 565 1008 627 111.

573 740 619 794 DE
639 739 865 794 DEFENSIONE
886 739 956 793 REO
976 740 1231 793 CONCEDENDA.

314 932 531 992 summatim
550 964 583 979 -·
602 938 663 989 244
684 936 759 990 Reus
778 936 940 991 renuntiare
959 936 1057 1005 nequit
1075 950 1142 989 suae
1161 935 1323 991 defensioni.
1336 964 1372 978 -
1385 938 1447 991 245.
1463 939 1491 991 ln

402 1057 531 1110 processu
555 1044 615 1097 sive
633 1043 791 1113 inquisition
810 1043 870 1096 sive
889 1045 976 1095 mixto
996 1057 1044 1096 reo
1066 1041 1243 1097 concedenda
1261 1048 1305 1097 est
1322 1043 1444 1099 fecultss
1462 1061 1491 1101 se

400 1148 562 1203 defendendi
589 1150 618 1201 in
637 1164 812 1219 quacumque
834 1154 914 1216 parte
940 1165 1091 1217 processus.
1112 1178 1146 1191 -
1165 1150 1227 1203 246.
1247 1150 1338 1203 Etiam
1358 1166 1405 1205 reo
1424 1167 1492 1204 con·

401 1256 474 1309 fesso
493 1257 634 1325 integrum
653 1262 696 1309 est
708 1272 739 1309 se
750 1254 906 1310 defendere.
920 1284 953 1296 -
966 1257 1026 1310 247.
1041 1256 1070 1309 ln
1084 1272 1140 1327 quo
1153 1258 1288 1311 consistat
1300 1258 1380 1311 favor
1398 1258 1491 1311 defen-

400 1359 494 1411 sionis.
506 1387 543 1401 ·-
555 1358 615 1411 248.
629 1359 688 1412 Reo
707 1358 881 1427 deputandus
900 1364 943 1414 est
960 1359 1088 1413 defensor
1102 1376 1136 1415 ne
1156 1360 1314 1415 indefensus
1327 1360 1492 1415 condemne-

401 1472 456 1529 tur,
474 1466 601 1537 quamvis
627 1482 676 1535 per
699 1482 728 1519 se
753 1466 844 1534 ipsum
869 1482 898 1520 se
923 1466 1069 1521 defendere
1089 1466 1191 1521 valeat.
1219 1496 1252 1508 -
1278 1468 1338 1520 249.
1364 1467 1492 1521 Libertus

402 1572 583 1643 relinquenda
603 1578 646 1626 est
664 1588 712 1627 reo
731 1572 888 1643 alloquendi
915 1588 996 1627 suum
1015 1572 1197 1655 defensorem.
1218 1602 1252 1615 -
1271 1574 1331 1628 250.
1352 1573 1381 1625 ln
1402 1574 1492 1642 agite·

402 1678 478 1732 tione
502 1693 604 1731 musae
628 1678 788 1732 immediate
809 1684 877 1732 ante
901 1678 1070 1733 sententiam
1088 1678 1276 1743 definitivam,
1295 1686 1425 1733 accusato
1447 1680 1492 1733 vel

400 1786 461 1839 eius
484 1784 622 1839 defensori
649 1783 831 1855 relinquenda
856 1790 913 1850 eet,
934 1786 1034 1839 ultimo
1052 1786 1123 1851 loco,
1146 1787 1267 1841 facultas
1292 1786 1433 1856 loquendi.
1457 1814 1492 1829 -·

398 1894 460 1946 251.
476 1892 604 1946 Defensio
616 1892 746 1946 ordinate
758 1893 793 1945 ad
805 1892 996 1961 repellendum
1009 1899 1200 1948 accusatorem
1213 1901 1256 1949 est
1270 1893 1314 1949 vel
1327 1898 1434 1949 directa
1447 1894 1492 1947 vel
1522 1874 1527 1885 ’

399 2002 546 2055 indirecta.
560 2000 644 2054 ludex
657 2002 780 2054 recusari
794 2000 870 2055 valet
889 2002 974 2055 etiam
987 2002 1017 2053 in
1029 2003 1108 2055 crim
1121 2028 1157 2042 -
1170 2002 1232 2054 252.
1247 2001 1412 2067 Positiones,
1425 2003 1492 2054 arti·

400 2106 468 2169 culi,
481 2106 615 2174 capitula.
627 2136 663 2147 -
673 2105 733 2159 253.
749 2107 786 2161 De
799 2106 991 2175 publicatione
1007 2124 1150 2176 processus
1163 2108 1291 2177 offensioi
1302 2112 1331 2162 et
1344 2108 1490 2163 deferrsici.

402 2304 477 2368 244.
505 2305 542 2368 ln
562 2304 679 2368 iudicio
698 2304 859 2367 criminali
882 2304 922 2369 lis
945 2306 1133 2385 instituitur,
1150 2306 1225 2388 quis
1249 2307 1281 2369 in
1306 2304 1491 2369 discrimine

311 2436 387 2492 sunt
412 2426 475 2491 duo
502 2429 583 2497 iura,
608 2446 691 2510 pene
718 2428 804 2490 inter
826 2448 862 2491 se
885 2428 1060 2501 contraria,
1085 2448 1223 2511 quorum
1251 2434 1359 2492 tamen
1388 2446 1490 2510 aeque

312 2555 448 2618 interest
460 2552 666 2637 reipublicae.
681 2550 845 2617 Videlicet
861 2551 1058 2636 reipublicae
1070 2573 1135 2617 uon
1152 2555 1257 2618 minus
1269 2554 1406 2617 interest
1417 2571 1490 2617 reos

312 2677 480 2744 concines
502 2679 614 2762 poenis
638 2677 789 2740 mulctari
812 2695 907 2759 quarn
931 2695 1005 2741 reos
1028 2683 1204 2743 aemulos
1231 2678 1368 2762 protegi,
1393 2679 1489 2742 etiam

313 2802 519 2873 iudicialiter,
547 2801 705 2865 adversus
736 2801 1005 2866 calumniatorum
1037 2802 1274 2866 insectationes.
1302 2837 1319 2848 -
1348 2801 1491 2865 Proinde

312 2947 376 2991 non
400 2928 526 2990 minore
553 2925 702 2990 libertate
729 2933 901 2991 accusator
927 2928 972 2991 uti
999 2925 1095 2992 debst
1125 2929 1157 2990 in
1187 2925 1368 2992 accusando
1395 2945 1489 3009 quam

209 3056 212 3064 '
312 3058 481 3118 accusatus
511 3053 544 3115 in
575 3071 611 3116 se
638 3050 852 3116 defendendo.
882 3052 991 3134 Neque
1016 3051 1065 3114 fas
1088 3057 1138 3117 est
1163 3070 1219 3115 reo
1251 3059 1325 3115 seu'.
1338 3057 1488 3115 accusato

312 3178 508 3241 renunciare
530 3177 595 3241 iuri
617 3175 827 3247 defensionis,
853 3177 928 3259 quia
950 3195 970 3239 a
993 3176 1128 3260 privatis
1152 3177 1275 3240 civibus
1304 3177 1489 3242 renunciari

312 3320 377 3365 non
404 3305 539 3386 possunt
567 3319 650 3383 quae
677 3300 756 3364 iuris
783 3299 902 3384 publici
929 3309 1014 3364 sunt.
1043 3301 1119 3364 Iure
1150 3302 1265 3368 merito
1292 3301 1346 3366 ius
1372 3300 1489 3382 desen·

311 3426 416 3492 sionis
442 3426 561 3492 dicitur
583 3429 632 3490 ius
654 3425 882 3491 inalienabile.
910 3460 927 3472 -
954 3425 1025 3489 Hac
1048 3425 1088 3490 de
1116 3445 1214 3490 causa
1245 3425 1432 3511 iampridem
1457 3427 1489 3489 in

312 3551 411 3616 curiis
423 3550 538 3614 eccles.
552 3550 715 3614 constituti
731 3555 806 3613 sunt
818 3567 883 3613 non
896 3550 1021 3612 minore
1033 3547 1249 3614 sollicitudine
1262 3557 1491 3634 procuratores

311 3670 379 3738 fisci
397 3692 492 3757 quem
507 3671 696 3738 defensores
711 3691 854 3737 reorum.
876 3673 1025 3764 Ecclesia
1039 3691 1121 3736 vero
1141 3691 1240 3755 usque
1263 3672 1322 3736 sibi
1346 3673 1490 3738 attribuit
1553 3677 1557 3684 '

312 3817 442 3864 causam
459 3817 635 3883 pauperum
659 3803 693 3862 st
715 3797 943 3862 miserabilium
961 3816 1187 3882 personarum.
1205 3797 1325 3863 eisdem
1340 3800 1389 3862 ius
1413 3817 1489 3861 con-

312 3923 430 3988 cedens
445 3921 612 3988 deferendi
628 3943 703 3988 suas
719 3941 844 4002 causas,
858 3923 949 4004 quasi
965 3923 996 3984 vi
1013 3923 1184 4007 privilegii,
1197 3921 1237 3987 ad
1253 3922 1360 3986 forum
1374 3921 1489 3987 eccles.

312 4044 366 4110 ubi
389 4045 546 4111 adversus
568 4047 766 4130 potentiores
781 4064 946 4130 personas,
964 4045 1060 4124 facile
1083 4055 1116 4110 et
1140 4043 1256 4110 efficax
1276 4045 1490 4130 patrocinium

311 4173 581 4235 nanciscerentur
604 4170 660 4254 (l).

399 4327 440 4395 (l)
455 4327 576 4382 Maxime
590 4327 664 4379 laudi
678 4329 763 4379 vertit
775 4325 916 4380 Ecclesiae
930 4327 1017 4394 ipsam
1032 4343 1141 4395 semper·
1154 4325 1229 4378 cordi
1246 4287 1376 4379 habuisse
1390 4339 1492 4393 paupe·

313 4451 373 4486 rum
384 4433 584 4488 defensionem:
599 4434 632 4486 cf.
644 4432 669 4485 S.
685 4433 846 4486 Ambrosius
855 4435 886 4500 (†
896 4431 960 4488 cett
973 4433 1014 4486 De
1023 4431 1092 4502 offic.
1106 4432 1144 4484 II.
1156 4431 1211 4490 29:
1225 4449 1287 4486 can.
1300 4433 1344 4494 10,
1354 4447 1429 4485 cous.
1440 4431 1490 4494 23,
