3350 5100
408 308 452 353 DE
477 306 616 354 Idmone
640 308 882 355 calamannus
907 307 941 355 ΙΝ
966 308 1082 355 SPEGIE
1270 290 1335 355 349

96 496 99 500 ,
158 434 361 513 exponentes
391 448 455 494 non
486 432 555 495 sine
585 426 726 495 fidelium
756 429 970 495 admiratione
1000 431 1053 497 vel
1081 432 1184 517 culpis
1211 434 1274 498 iam
1301 453 1336 497 se

160 556 348 625 maculasse.
374 556 434 621 hos
457 560 605 620 materna
626 554 843 620 sollicitudine
865 556 1080 639 amplectitur,
1098 555 1249 621 hortatur
1273 558 1335 621 Ec·
1398 548 1400 555 ’

160 679 259 743 clesia
282 685 318 745 ut
332 698 352 743 a
367 679 492 745 lubrico
514 682 646 745 tramite
661 701 697 745 se
714 680 884 746 retrabant
898 680 951 745 vel
967 682 1064 747 etiarn
1088 688 1123 746 ut
1146 702 1164 744 e
1187 682 1278 765 lapsu
1301 701 1337 745 se

162 804 321 888 recipiant
351 805 384 866 in
413 810 536 870 rectam
559 808 656 876 riam,
680 803 739 869 sibi
763 811 794 869 et
818 802 957 867 fidelium
982 800 1195 869 aedificationi
1220 822 1336 868 consu·

161 929 274 993 lentes.
295 964 312 976 -
329 928 485 1012 Equidem
509 929 563 993 bic
585 931 710 1013 egimus
730 929 770 994 de
793 929 943 994 remediis
965 928 1006 994 ab
1023 930 1171 995 Ecclesia
1186 927 1338 993 adhibitis

64 1137 67 1142 4
161 1072 226 1133 pro
250 1052 329 1133 foro
353 1058 506 1133 entend,
531 1072 614 1136 qnae
637 1052 780 1118 remedia
806 1054 1008 1138 prospiciunt
1034 1058 1198 1117 antennae
1220 1051 1337 1116 eccles.

163 1174 352 1259 disciplinae
364 1176 503 1240 tuendae
520 1182 552 1239 et
569 1176 805 1249 restituendae;
820 1176 1020 1261 proindeque
1036 1176 1150 1241 horum
1168 1176 1339 1262 applicatio

164 1300 341 1365 mediorum
365 1320 430 1365 non
460 1307 509 1367 est
531 1302 674 1387 legitima
697 1302 759 1366 nisi
782 1301 877 1367 iudici
906 1307 1053 1387 suppetat
1079 1302 1237 1385 apposita
1259 1318 1339 1382 pro·

166 1427 254 1512 batia
278 1427 319 1491 de
342 1425 566 1513 ingruentibus
582 1426 712 1497 morbis.
730 1426 844 1511 quibas
858 1428 928 1491 vult
943 1425 1099 1491 medelam
1116 1421 1246 1490 allerre.
1264 1426 1339 1490 Ete-

166 1555 229 1617 nim
253 1552 335 1617 baec
360 1551 502 1617 remedia
525 1550 668 1617 adbibita
685 1550 737 1615 vel
752 1550 792 1615 ad
816 1552 954 1615 crimina
976 1549 1201 1633 praecavenda
1223 1550 1276 1614 vel
1300 1548 1339 1613 ad

165 1677 288 1761 aliquas
304 1676 422 1761 publici
437 1677 560 1741 ordinis
576 1675 735 1740 laesiones
750 1674 950 1759 reparandas
973 1675 1091 1739 famam
1116 1674 1244 1739 illorum
1268 1693 1341 1739 one

166 1813 241 1871 rant
262 1806 377 1890 quibus
397 1806 609 1891 applicantur.
634 1801 727 1876 Quod
745 1803 852 1865 sinon
874 1799 1008 1883 publice
1030 1799 1085 1865 sed
1109 1804 1235 1865 secreto
1259 1798 1342 1863 haee

166 1928 389 2008 adhibeantur,
406 1934 513 1992 tamen
530 1944 680 2011 eosquos
699 1922 844 1989 afficiunt
858 1923 1037 1988 deteriores
1060 1923 1184 1987 faciunt
1199 1924 1230 1986 in
1247 1922 1341 1985 aesti-

167 2057 306 2121 matione
331 2054 445 2119 iudicis
467 2052 623 2117 ordinarii
647 2050 847 2133 aliorumque
874 2049 1065 2134 prudentum
1090 2049 1245 2117 virorum,
1270 2066 1342 2110 cum

168 2201 232 2245 non
255 2180 319 2245 levi
343 2184 446 2245 status
477 2176 603 2242 iuridici
635 2173 843 2260 praeiudicio.
873 2174 945 2238 Huc
976 2175 1123 2257 spectant
1154 2171 1344 2255 gravissima

169 2306 270 2372 verba
300 2304 493 2370 blelcbiadis
519 2301 629 2387 Papae
659 2301 696 2365 in
726 2318 800 2365 can.
826 2296 878 2367 13.
903 2316 994 2364 caus.
1018 2297 1052 2367 2.
1077 2316 1108 2380 q.
1136 2296 1162 2359 1.
1189 2294 1344 2361 «Primo

168 2452 303 2515 semper
329 2432 511 2517 diliqenter
537 2426 700 2512 inquirite
726 2432 762 2491 ut
789 2444 867 2490 eam
894 2422 1022 2488 iustitia
1048 2428 1079 2487 et
1102 2420 1241 2486 veritate
1264 2418 1344 2504 defi-

113 2589 120 2602 ·
170 2561 281 2626 niutis.
299 2559 469 2624 neminem
485 2552 714 2622 condemnetis
730 2557 809 2616 ante
827 2567 948 2614 uerum
964 2553 996 2613 et
1009 2546 1146 2613 iuratum
1166 2544 1346 2624 iudicium;

170 2687 304 2752 nullum
318 2682 520 2766 suspicionis
535 2679 679 2745 arbitrio
698 2677 873 2756 iudicetis;
896 2673 1129 2755 sedprimum
1150 2669 1293 2752 probate
1315 2674 1348 2734 et

168 2816 286 2892 postea
309 2804 549 2873 charitativam
570 2799 723 2885 proferte
744 2796 947 2864 sententiam
964 2817 994 2857 ›.

261 2932 336 2996 279.
362 2931 456 2995 Hanc
488 2930 645 2992 rationem
675 2922 791 3008 agendi
819 2921 993 2986 instructio
1025 2915 1260 2984 commendare
1283 2934 1347 2978 non

174 3019 390 3142 praetermisit
406 3052 589 3118 Ordinariis
605 3051 639 3113 in
655 3051 715 3110 art.
731 3044 771 3107 V.
792 3066 810 3104 e
827 3042 901 3108 Has
914 3040 1124 3124 proaimones
1140 3036 1349 3120 praecedere

175 3185 268 3249 debet
298 3179 490 3246 summaria
519 3174 604 3258 facti
627 3169 784 3257 capnitio.
813 3169 856 3233 de
879 3185 947 3252 qua
974 3163 1179 3230 ordinarius
1209 3159 1349 3246 aliquod

175 3309 414 3373 documentum
442 3299 597 3384 conficiat
624 3300 753 3378 oportet
781 3298 818 3356 ut
841 3311 885 3356 sn
909 3307 1114 3357 darsumas,
1137 3285 1167 3350 si
1189 3302 1275 3366 opus
1297 3281 1349 3362 sil,

172 3431 358 3516 procedere
370 3435 400 3494 et
414 3425 591 3494 certiorem
605 3420 750 3486 reddere
766 3422 867 3502 queat
878 3414 1091 3499 superiorem
1106 3407 1350 3476 Auctoritatem

178 3559 213 3622 in
235 3575 318 3622 casu
338 3551 478 3638 lepitimi
493 3567 654 3615 recursus
669 3569 687 3606 s
707 3543 762 3630 (Ι).
783 3544 913 3607 Revera
936 3536 1088 3604 eiusmodi
1114 3533 1257 3600 remedia
1279 3532 1350 3595 iure

178 3683 293 3747 merito
312 3677 449 3743 dicenda
472 3681 546 3739 sunt
564 3669 729 3755 poenalia
744 3668 889 3752 quamvis
905 3665 945 3730 ab
962 3662 1179 3729 instructione
1194 3660 1352 3722 vocentur

266 3909 306 3977 (Ι)
326 3907 397 3961 Sane
416 3902 550 3960 eiusmodi
571 3907 636 3955 acta
654 3895 796 3953 rorrdenda
816 3865 885 3947 birni
905 3893 932 3945 in
951 3891 1076 3944 archivio
1098 3897 1212 3941 secreto.
1233 3884 1352 3938 Narmae

178 4020 277 4091 quibus
297 4013 423 4085 Episcopi
449 4029 500 4065 sua
524 4008 650 4064 archivis
669 4019 781 4061 servare
805 4003 908 4055 debent
931 3997 1117 4068 praescriptae
1139 3999 1204 4047 sunt
1223 3998 1306 4045 antea
1324 3992 1353 4046 in

179 4130 255 4180 motu
275 4123 386 4193 proprio
405 4119 476 4173 Sixti
496 4117 520 4168 V
539 4145 553 4158 ·
572 4115 695 4169 Provida
714 4141 729 4152 -
749 4110 802 4163 diei
822 4107 864 4160 29
885 4105 992 4174 Aprilis
1012 4101 1097 4155 1587
1116 4129 1129 4141 -
1149 4105 1176 4152 et
1197 4095 1354 4165 expressius

178 4229 380 4286 determinatae
393 4243 409 4278 a
422 4222 572 4278 Benedieto
583 4217 647 4272 ΙΙΙΙΙ
660 4217 688 4270 in
699 4217 793 4268 Cenat.
803 4213 930 4266 Maoeima
941 4207 1088 4278 pipilantia
1100 4221 1124 4257 a.
1138 4203 1214 4258 1727.
1229 4200 1269 4256 Gi.
1283 4197 1354 4269 apud

180 4335 276 4392 Lucidi
296 4336 337 4388 De
357 4336 427 4386 cisia
446 4329 508 4382 Vol.
529 4328 573 4392 ΙΙΙ,
593 4327 659 4378 Dor.
679 4321 755 4376 xxi.
775 4319 835 4374 Hae
854 4315 1074 4372 constitutiones
1099 4310 1191 4366 editae
1215 4313 1281 4362 sunt
1306 4323 1355 4376 pro

181 4445 269 4498 ltalia.
