3350 5100
533 337 576 382 nn
600 337 754 384 nationis
778 337 821 384 ar
846 337 964 383 nonum
1300 317 1342 383 13

161 457 256 524 docet
276 460 371 523 etiam
390 459 594 542 Thesaurus,
607 457 646 524 P.
660 460 708 524 ll.
725 479 756 524 a.
769 461 1002 533 matrimonia,
1019 480 1094 544 cap.
1108 461 1136 526 Ι.
1151 496 1169 508 -
1184 461 1341 527 &cundo

161 584 338 665 quaeritur,
352 602 394 647 an
407 585 585 666 suspectata
601 583 747 649 absolute
763 585 836 656 lata,
851 584 1062 669 intelligenda
1078 587 1120 649 sit
1134 591 1200 649 tum
1216 583 1257 649 ab
1273 584 1340 669 offi-

161 707 218 780 cio,
236 714 307 774 tum
323 728 343 772 a
359 707 525 793 beneficio.
544 709 587 774 Et
602 709 688 782 item,
707 709 798 774 iuxta
813 708 934 774 tradita
944 709 1019 775 Vol.
1034 709 1097 792 Ill,
1116 730 1146 773 n.
1164 709 1236 781 157,
1251 729 1341 795 repo

160 832 276 903 nimus,
301 834 542 917 suspensionem
566 835 611 897 ita
634 833 742 912 latam,
760 833 803 899 ab
826 838 973 917 utroque
994 833 1208 908 interdicere;
1226 833 1342 918 probat

162 955 255 1018 etiam
281 955 474 1022 Thesaums
491 957 550 1022 loc.
569 958 621 1022 cit.
641 993 658 1004 -
681 957 806 1022 Verum
832 957 963 1032 Suareu,
988 958 1038 1023 Dc
1058 977 1146 1024 cute.
1167 957 1219 1038 31,
1236 957 1270 1031 3,
1288 957 1339 1032 18,

161 1087 277 1142 contra
298 1081 466 1165 opinatur;
490 1082 564 1165 quia
588 1083 621 1145 in
653 1101 791 1166 genere,
816 1083 984 1167 suspensio
1012 1081 1118 1147 fertur
1148 1083 1340 1147 indiscrimi-

161 1205 260 1266 natim
285 1205 355 1268 sive
378 1206 409 1268 in
433 1205 601 1290 parochos,
619 1207 687 1271 sive
711 1208 743 1271 in
767 1206 964 1278 secerdotes,
983 1213 1015 1271 et
1031 1207 1109 1270 hinc
1131 1205 1341 1292 intelligenda
1359 1243 1363 1252 ι

162 1335 209 1392 est
234 1329 280 1394 de
302 1329 412 1413 efficto
434 1329 655 1404 sacerdotali,
681 1330 763 1414 quod
788 1332 933 1414 utrisque
957 1346 1128 1396 commune
1154 1337 1212 1397 est.
1237 1332 1342 1413 Sane,

162 1469 225 1514 non
249 1457 301 1516 est
323 1452 505 1536 spernenda
528 1455 629 1519 ratio:
654 1455 686 1517 in
710 1457 803 1538 praxi
829 1455 1007 1538 Episcopus
1033 1453 1121 1519 dabit
1147 1457 1341 1520 sententiam

162 1574 439 1650 declat-moriam,
464 1577 621 1643 edicendo
644 1577 718 1662 qnid
742 1575 862 1642 afficiat
885 1577 1039 1643 eiusmodi
1062 1581 1239 1663 suspensio.

253 1695 306 1761 10.
333 1697 493 1780 Prospioit
514 1697 624 1762 decori
649 1694 806 1762 Sacrificii
825 1696 945 1761 Missae
968 1697 1126 1762 articulus
1149 1699 1215 1764 XII
1240 1698 1340 1762 eiusd.

164 1815 283 1889 Const,
301 1817 473 1883 declarans
488 1827 683 1922 censuratos·
701 1839 825 1884 excom.
850 1823 941 1905 simp.
966 1822 1004 1885 Ρ.
1021 1828 1209 1886 reservata:
1228 1840 1246 1881 e
1267 1821 1341 1888 Cot·

165 1941 303 2026 lt'pentes
318 1944 548 2028 eleemosynas
559 1944 701 2011 mauro
714 1945 817 2027 pretii
827 1964 896 2027 pro
910 1945 1034 2024 Missis,
1050 1951 1081 2010 et
1097 1964 1143 2011 etc
1152 1944 1195 2011 iis
1207 1945 1342 2011 tucrum

165 2071 349 2148 captantes,
371 2068 532 2149 fouendo
555 2089 613 2134 eas
637 2068 802 2134 celebrari
828 2070 866 2134 t'u
885 2070 967 2135 loces
988 2069 1047 2135 ubi
1073 2069 1261 2134 Missurum
1285 2069 1342 2134 sti-

162 2187 292 2266 pendia
318 2188 463 2254 minoris
481 2190 587 2272 pretii
616 2208 687 2256 esse
713 2190 819 2256 solent
836 2211 868 2251 ›.
898 2189 1064 2256 Anniculus
1094 2197 1268 2274 excerptus
1294 2195 1344 2254 est

167 2329 206 2374 ex
229 2311 338 2377 Opust.
363 2313 482 2378 Bened.
507 2314 590 2379 XIV
615 2349 633 2361 -
661 2314 794 2385 Quanto
817 2333 904 2379 cura
928 2349 947 2360 -
971 2322 1004 2380 et
1026 2317 1116 2396 patet
1141 2313 1196 2378 hic
1218 2315 1272 2398 agi
1303 2313 1343 2377 de

169 2435 267 2500 missis
291 2437 424 2520 proprie
447 2435 666 2502 manualibus
690 2455 733 2500 ex
751 2435 919 2508 vocabulo.
944 2437 1145 2521 cottipeutea
1161 2437 1207 2522 (1)
1231 2441 1344 2500 notant

169 2564 432 2651 dury-Ballerini
455 2564 503 2637 ΙΙ,
523 2564 604 2638 975,
627 2562 683 2628 sed
706 2564 761 2628 alii
786 2570 901 2628 contra
927 2568 1041 2648 putant
1069 2561 1123 2646 (cl.
1146 2560 1342 2634 Pennacchi‚

175 2688 262 2785 Pom.
282 2688 311 2761 Ι,
328 2707 412 2774 puy.
431 2688 513 2773 958)
530 2688 666 2773 intelligi
682 2688 722 2752 de
737 2688 958 2754 meantibus
973 2722 989 2735 -
1001 2689 1068 2753 tute
1079 2723 1094 2735 -
1112 2686 1214 2759 dictis,
1231 2684 1345 2770 quales

170 2819 238 2879 sunt
251 2815 371 2878 missae
387 2812 549 2885 fundatae,
567 2832 650 2896 quae
666 2817 775 2877 tamen
795 2818 928 2897 possunt
947 2811 1110 2877 celebrari
1127 2818 1223 2877 extra
1238 2812 1344 2877 locum

171 2936 380 3009 fundationis,
406 2944 438 3003 et
461 2956 481 3001 a
502 2936 653 3021 quolibet.
681 2939 759 3002 Nam
788 2938 821 3002 in
853 2956 930 3001 casu
961 2937 1152 3023 prohibetur
1175 2939 1345 3003 missarum

171 3061 330 3137 collectio;
349 3081 430 3126 sane
453 3080 518 3124 non
541 3063 643 3144 potuit
666 3061 833 3146 legislator
848 3061 1031 3145 percellere
1048 3062 1111 3126 hac
1126 3060 1346 3146 prohibitione

255 3380 296 3447 (l)
316 3381 419 3447 Agitur
437 3379 512 3433 euim
530 3380 564 3433 de
582 3380 673 3433 missis
691 3396 763 3449 quae
782 3395 837 3433 non
856 3378 961 3432 habent
979 3386 1087 3432 certum
1105 3378 1277 3432 sacerdotem
1296 3379 1344 3449 qui

171 3502 223 3552 eas,
241 3505 276 3541 ex
294 3486 465 3551 fundatione,
479 3486 621 3541 celebrare
639 3485 748 3551 debeat,
761 3486 808 3539 sed
826 3502 876 3539 eas
890 3486 1046 3540 celebrabit
1063 3484 1194 3538 sacerdos
1212 3484 1248 3537 ad
1266 3486 1345 3538 cuius

172 3608 266 3644 mamm
286 3590 461 3659 perveniunt.
475 3589 577 3643 Verum
597 3590 651 3643 dici
671 3590 744 3643 solet
755 3591 898 3662 utonualt's
917 3589 1000 3641 missa
1019 3605 1091 3658 quae
1109 3604 1125 3640 a
1141 3587 1217 3641 fidoli
1229 3588 1345 3641 affertur

172 3699 236 3752 certi
249 3698 404 3761 sacerdoti3
416 3702 447 3750 at
459 3696 511 3750 hoc
523 3703 575 3762 eet,
587 3699 665 3767 quasi
680 3715 728 3767 pei·
741 3699 880 3761 occidens,
890 3696 993 3767 quippe
1008 3697 1094 3748 missa
1112 3699 1232 3766 fundato
1245 3701 1346 3748 natura

172 3820 227 3870 sua
238 3816 283 3859 est
294 3805 435 3859 manualis
450 3804 474 3857 si
487 3821 541 3857 nou
555 3809 598 3858 est
611 3805 718 3858 adirem
731 3811 807 3858 certo
822 3803 965 3857 beneficio.
979 3802 1070 3864 Quare
1084 3801 1165 3870 plane
1178 3801 1346 3854 assentimur
1396 3848 1399 3852 .

173 3907 204 3960 cl.
218 3907 375 3963 Pennacchi
390 3909 409 3960 l.
423 3926 455 3975 c,
465 3908 510 3978 qni
521 3923 570 3961 eas
578 3912 708 3962 accenset
720 3907 899 3961 manualibus
910 3907 1002 3959 missis
1013 3922 1089 3975 quaa,
1105 3908 1215 3974 utputa,
1228 3909 1347 3959 testator

175 4016 304 4086 relinquit
316 4022 395 4069 certo
407 4031 521 4071 numero
534 4032 551 4068 a
563 4016 685 4086 quolibet
695 4015 877 4071 celebrandas
889 4014 1038 4085 quotannis
1050 4019 1080 4065 et
1092 4028 1147 4065 ncn
1159 4012 1348 4066 determinato

175 4120 240 4175 loco.
253 4152 268 4162 -
282 4122 312 4175 ln
325 4139 442 4187 summa,
459 4123 505 4176 hic
523 4126 617 4191 agitur
636 4123 669 4177 de
682 4123 773 4175 missis
785 4138 857 4191 quae
876 4122 921 4175 vel
940 4128 1113 4187 naturasua,
1130 4120 1176 4173 vel
1189 4136 1223 4173 ex
1236 4120 1346 4188 diapan-

176 4227 288 4293 sationa,
299 4244 355 4281 non
367 4226 503 4281 habentes
521 4242 612 4298 neque
623 4227 714 4281 locum
733 4236 841 4281 certum
853 4242 943 4296 neque
956 4241 1102 4294 personam
1115 4224 1282 4278 destinatam
1295 4242 1348 4293 pro

176 4330 367 4400 celebratione,
386 4334 524 4389 obnoxiae
541 4338 607 4388 sunt
625 4334 824 4388 condemnatae
843 4332 1001 4386 collectioni
1022 4338 1051 4385 et
1069 4332 1187 4386 nefando
1206 4332 1345 4401 quaestui.

177 4408 1346 4509 (Cfreppositaresponsas.C.Concitap'udActaS.Sedis‚1v,p.39‚·vlll‚p.84).
