3350 5100
399 328 487 383 Quart
513 329 549 375 lli
573 329 707 383 Quanto
731 328 905 376 l'OLUlssNE
929 327 1170 378 GON'l'lNENTUR

195 456 287 507 tentes
307 456 498 520 praesentatos
523 457 572 505 aut
597 452 755 505 nominatos

194 524 227 576 ad
263 523 388 591 regimen
422 523 565 577 Ecclesiae
599 520 754 577 Catbedra-

194 594 229 649 lia
240 599 306 648 ante
323 594 577 663 praesentationem
596 593 755 648 litterarum

195 665 421 735 apostolicarum,
427 682 490 736 pag.
500 664 642 727 l3l-·Qui
655 665 677 717 ai
692 664 757 734 Epi·

192 737 268 807 scopi
287 737 344 791 sint
355 736 562 807 suspenduntur
573 739 609 791 ab
622 736 757 791 exercitio

194 808 409 873 Pontificalium‚
429 824 494 878 pag.
515 808 574 863 136.
592 836 605 849 ·
624 808 678 861 Per
695 822 757 861 sen-

195 881 297 934 tentiae
310 896 344 934 ex
357 881 508 933 informata
517 880 689 935 conscientia
700 894 755 933 non

193 952 237 1005 ias
249 958 292 1007 est
304 952 377 1006 ferre
390 952 586 1021 suspensiones
599 954 756 1021 perpetuae,

195 1039 256 1092 pag.
270 1024 323 1075 448
335 1040 376 1093 eq.
388 1050 401 1065 ·
414 1022 516 1077 Utrum
529 1023 599 1077 haec
612 1023 757 1091 suspensio

193 1096 228 1148 ab
247 1093 343 1147 ordine
362 1100 411 1149 aut
429 1096 464 1148 ab
480 1095 571 1150 officio
590 1094 627 1147 sit
639 1110 757 1149 censura

194 1168 245 1219 aut
262 1180 362 1235 poena,
379 1165 432 1219 450
451 1182 491 1236 sq.
509 1196 522 1208 -
540 1165 601 1219 Non
621 1165 689 1219 licet
708 1180 757 1235 per

195 1235 245 1290 bas
263 1237 418 1291 sententiae
438 1236 588 1293 decernere
601 1236 758 1305 suspensio-

193 1324 256 1362 nem
276 1324 293 1360 a
311 1307 455 1373 beneficio,
470 1326 532 1379 pag.
543 1308 605 1363 452.
617 1336 630 1349 -
643 1308 757 1362 Violan-

195 1384 236 1433 tes
255 1382 348 1433 tamen
374 1380 446 1434 hene
465 1396 610 1437 censuram
633 1380 705 1433 dunt
721 1380 756 1433 ir-

197 1450 351 1519 regulares,
370 1452 435 1505 ibid.

249 1594 398 1665 Sacpcrrsio
416 1621 453 1633 -
472 1594 700 1663 praescriptionis
728 1594 755 1645 in

195 1679 224 1717 re
242 1664 391 1730 criminali,
410 1680 472 1740 pag.
492 1663 552 1717 261.

248 1806 383 1877 Suspicio.
404 1834 438 1849 ·-
458 1805 497 1859 Cf.
519 1808 664 1877 Exceptio.

249 1949 417 2019 spiritualer
436 1966 482 2003 res
504 1964 693 2030 -quaenam
717 1948 757 2003 di·

198 2024 297 2072 cantur
316 2020 406 2075 relate
425 2020 458 2074 ad
477 2019 755 2089 simoniam,pag.3l.

248 2161 415 2231 spiritualia
434 2166 578 2217 cavatis.
593 2188 627 2205 -
642 2160 757 2223 Quando

194 2231 263 2285 baec
282 2231 426 2288 redoleant
445 2248 594 2303 poenarum
619 2239 758 2297 naturam,

195 2318 257 2372 pag.
282 2302 343 2357 300.
361 2332 375 2345 -
392 2307 435 2359 An
461 2304 526 2359 huic
550 2305 672 2360 remedio
694 2320 759 2375 poe-

195 2374 252 2427 nali
272 2376 414 2443 praemitti
432 2380 579 2446 oporteat,
597 2381 682 2431 antea
700 2392 758 2430 mo-

195 2446 324 2513 nitiones,
333 2451 429 2515 postea
439 2453 627 2517 praeceptum,
637 2450 703 2503 ibid.
717 2464 755 2518 sq.

251 2591 407 2660 &upratoa
427 2619 463 2631 -
483 2592 584 2647 Poenis
603 2591 757 2645 mulctatur

196 2667 225 2713 ct
255 2661 341 2715 variis
371 2661 592 2731 obligationibus
629 2668 757 2726 tenetur,

196 2747 257 2800 rau·
278 2733 321 2786 85·

249 2874 393 2944 Stuprum.
412 2903 448 2916 -
467 2875 619 2945 Multiplici
651 2875 758 2944 signifi·

195 2946 306 2999 catione
318 2946 446 3012 sumitur,
459 2963 523 3016 pag.
537 2948 580 3000 84.
594 2975 628 2988 -
643 2947 758 3016 Proprie

195 3022 238 3070 est
257 3023 336 3070 actus
353 3017 548 3071 fornicationis
562 3035 624 3072 cum
641 3019 758 3086 virgine,

196 3090 262 3142 ibid.
280 3117 294 3128 ·
313 3087 363 3140 llst
382 3089 535 3143 violentum
550 3089 593 3144 vel
615 3106 679 3156 non,
691 3091 756 3144 ibid.

193 3159 285 3212 -Eius
304 3159 428 3224 effectus,
447 3162 512 3214 ibid.

251 3303 384 3370 Syrtenra.
403 3329 440 3344 -
460 3302 574 3356 Diversa
602 3307 758 3373 systemate

196 3373 385 3440 processuralia
398 3373 512 3426 inducte
524 3380 589 3428 sunt
602 3391 635 3428 ex
649 3373 758 3427 diverso

196 3443 349 3513 modoque
368 3445 572 3498 consideratum
600 3445 655 3498 fuit
682 3445 759 3499 obie-

195 3520 269 3568 ctum
291 3519 445 3570 mediatum
471 3516 565 3570 iudicii
594 3516 758 3580 criminalis,

197 3603 258 3655 pag.
281 3589 338 3641 142.

453 3723 496 3834 r

254 3943 340 3996 Tatio.
361 3972 394 3985 -
415 3944 454 3998 De
480 3957 569 4010 poena
595 3943 709 3997 talionis
728 3944 756 3996 in

197 4013 411 4069 calumniatores
439 4012 511 4083 apud
537 4029 673 4079 romanos,
694 4030 755 4084 pag.

201 4084 259 4149 149,
275 4114 289 4127 -
307 4103 340 4140 ca
366 4101 454 4154 poena
480 4101 534 4138 non
558 4086 673 4154 punitur
697 4088 757 4141 iure

187 4157 331 4211 'canonico
356 4172 490 4210 accusans
514 4171 562 4224 per
581 4157 691 4211 modum
711 4173 758 4211 ex·

196 4228 332 4295 captionis
344 4229 366 4280 si
380 4227 492 4282 deficiat
505 4227 533 4279 in
550 4229 700 4296 probando,
709 4229 756 4283 sed

197 4298 250 4352 iste
278 4298 677 4366 extraordinarie'puuiendus
705 4304 755 4362 eet,

196 4385 259 4438 pag.
282 4370 340 4424 172.
359 4396 373 4410 -
391 4369 491 4422 Murali
521 4369 602 4424 modo
628 4371 671 4424 ius
696 4387 756 4424 can.

197 4443 309 4510 excepit
327 4455 443 4510 poenam
458 4440 578 4508 talionis,
597 4459 659 4512 pag.
680 4443 738 4498 190.

1255 305 1372 369 out

867 451 1029 504 Taurorum
1046 452 1214 521 spirationes
1226 476 1261 489 -
1279 444 1373 517 probi·

810 522 872 574 buit
884 520 951 573 Pina
964 520 989 573 V
1007 524 1059 576 snb
1078 538 1168 591 poena
1184 519 1373 575 excommuni-

809 591 929 645 cationis
947 592 1023 648 latae
1040 594 1209 657 sententiae,
1224 606 1308 663 quam
1327 605 1375 659 po·

810 669 873 718 stea
899 664 1113 719 moderareruut
1139 664 1223 733 Greg.
1253 661 1316 717 Xlll
1344 665 1374 716 et

810 734 940 789 Clemens
959 735 1031 801 Vlll,
1051 752 1113 805 pag.
1132 736 1176 787 77,

869 877 1028 947 l'cmpus-
1036 878 1126 932 relate
1134 878 1170 931 ad
1180 874 1375 946 praescriptio-

811 964 883 1012 nem,
902 950 936 1002 cf.
957 949 1153 1021 lbacsoriptio.

870 1092 1064 1145 raetiarum.
1077 1120 1113 1133 -
1128 1090 1167 1145 De
1185 1087 1375 1159 competentia

810 1162 911 1215 iudicis
920 1164 948 1216 in
958 1165 1051 1217 causis
1059 1162 1253 1217 criminalibus
1264 1158 1375 1214 ratione

810 1234 956 1300 territorii,
969 1250 1032 1305 pag.
1044 1235 1106 1289 231,
1117 1265 1128 1275 -
1143 1234 1182 1289 lle
1190 1232 1288 1288 eadem
1300 1245 1374 1284 oom-

811 1306 937 1375 potentia
959 1307 988 1359 in
1011 1308 1102 1360 causis
1121 1302 1375 1359 matrimonialibus

810 1392 873 1447 pag.
893 1378 954 1431 470.

870 1520 966 1574 Tertia.
986 1548 1019 1561 -
1039 1519 1078 1574 De
1103 1518 1185 1573 modo
1209 1533 1258 1571 seu
1275 1516 1311 1570 de
1330 1531 1375 1568 ra-

813 1590 888 1645 ticos
908 1591 1076 1660 processuali
1110 1606 1146 1645 na
1157 1590 1187 1644 in
1205 1587 1310 1642 iudicio
1322 1586 1376 1641 cri·

811 1661 910 1715 minati
935 1666 1023 1717 testu
1049 1678 1100 1733 pro
1118 1664 1243 1716 ationem
1267 1658 1375 1713 iaciant

812 1750 874 1803 pag.
894 1732 955 1787 300.
966 1762 979 1775 -
991 1733 1110 1794 Quinam
1128 1737 1215 1788 testea
1232 1746 1294 1787 esse
1310 1744 1375 1854 ppe-

810 1805 868 1858 sint
887 1804 915 1857 in
935 1805 1038 1860 iudicio
1055 1804 1205 1868 criminali,
1224 1818 1290 1873 pag.
1349 1800 1373 1854 l.

783 1910 787 1917 -
810 1904 823 1916 ·
840 1874 940 1931 Testes
956 1876 1070 1931 aliunde
1079 1878 1217 1931 irritabiles
1235 1873 1373 1944 praebent

811 1948 924 2014 indicia,
951 1962 1007 2001 non
1035 1949 1147 2018 proprie
1174 1947 1372 2007 aarum,

810 2020 847 2072 ib.
872 2018 974 2074 Utrum
1002 2024 1032 2074 et
1059 2018 1169 2089 quando
1196 2034 1270 2073 aaut
1293 2014 1374 2071 testis

810 2090 899 2143 iaciat
909 2090 1019 2159 plenam
1030 2092 1233 2161 probationem,
1243 2104 1305 2158 pag.
1311 2086 1374 2140 302.

809 2189 822 2201 -
841 2161 935 2215 Testis
958 2162 992 2215 ad
1016 2178 1134 2218 examen
1161 2160 1290 2215 citandus
1317 2161 1375 2220 est,

811 2233 878 2302 quia
895 2235 977 2287 testis
995 2233 1140 2289 ultroneus
1158 2238 1203 2288 est
1219 2233 1373 2300 suspectus,
1399 2301 1402 2307 Ι

811 2318 875 2373 pag.
892 2304 956 2359 303.
975 2333 989 2345 -
1006 2304 1133 2372 Regulae
1150 2302 1242 2375 quoad
1260 2300 1374 2359 testium

811 2375 984 2439 citationem,
1001 2377 1067 2429 ibid.
1086 2404 1099 2417 -
1117 2376 1208 2431 Testis
1226 2388 1282 2428 non
1301 2374 1375 2426 iura·

811 2450 857 2499 tue
876 2462 930 2499 non
950 2447 1058 2515 probat,
1078 2462 1140 2516 pag.
1160 2446 1221 2501 304.
1238 2473 1253 2487 -
1269 2444 1299 2497 ln
1319 2442 1376 2512 pri·

811 2517 864 2570 mis
883 2518 979 2589 quaeri
999 2524 1110 2588 oportet
1131 2535 1148 2573 a
1173 2532 1293 2590 quonam
1312 2530 1375 2585 pro·

810 2589 929 2643 ducatur
947 2591 1028 2644 testie
1048 2596 1077 2645 et
1100 2588 1272 2660 exquirenda
1289 2603 1375 2642 causa

811 2675 859 2714 seu
879 2662 1096 2725 scaramantico,
1109 2678 1172 2731 pag.
1182 2661 1244 2715 3⁰5.
1253 2689 1267 2702 ·
1275 2660 1374 2714 Testes

811 2733 901 2797 citati,
920 2733 943 2786 si
961 2733 1059 2789 venire
1078 2737 1216 2798 recusent,
1229 2731 1292 2800 cogi
1312 2745 1374 2799 pos·

811 2805 987 2868 santilia-
999 2803 1028 2857 lu
1049 2821 1179 2873 processu
1197 2801 1374 2857 accusatorio

811 2879 898 2929 testes
912 2875 997 2944 recipi
1011 2890 1066 2930 non
1080 2879 1196 2944 manunt
1214 2875 1266 2928 nisi
1285 2873 1375 2927 citata

812 2952 892 3014 parte
909 2953 1049 3014 accusate,
1069 2964 1131 3017 pag.
1151 2947 1205 3001 306
1231 2973 1245 2988 ·
1263 2945 1293 2998 ln
1312 2959 1376 3013 pro·

810 3033 889 3070 cassu
902 3018 1066 3088 inquisitiva
1079 3023 1165 3075 testes
1177 3017 1375 3073 examinantur

811 3104 862 3158 pro
879 3088 1079 3144 informatione
1102 3090 1198 3144 cunae
1221 3093 1288 3142 aute
1306 3087 1375 3141 cita-

811 3160 917 3213 tionem
936 3159 1068 3230 inquisiti,
1088 3177 1151 3231 pag.
1165 3159 1227 3213 307.
1247 3187 1261 3201 ·
1278 3158 1374 3213 Diver-

811 3231 917 3284 simode
931 3232 1105 3300 recipiuntur
1117 3237 1204 3286 testes
1215 3236 1245 3285 ot
1256 3235 1373 3286 attesta-

812 3303 903 3356 tiones
920 3302 949 3356 in
971 3319 1099 3372 processu
1124 3320 1191 3372 pure
1210 3302 1374 3372 iaquisitivo

811 3377 841 3427 et
860 3373 889 3426 in
908 3389 1038 3442 processu
1058 3375 1235 3439 aristallio.
1254 3391 1293 3443 sq.
1311 3401 1325 3412 ·
1343 3373 1372 3424 ln

812 3461 941 3514 processu
961 3447 1049 3499 mixto
1074 3447 1165 3500 locum
1191 3444 1277 3500 babet
1295 3459 1373 3512 repe·

811 3517 876 3569 titio
894 3517 1009 3570 testium
1026 3533 1076 3586 pro
1094 3517 1300 3586 legitimatione
1312 3531 1375 3584 pro·

811 3603 913 3651 omaus,
933 3603 994 3656 pag.
1010 3587 1071 3641 309.
1091 3615 1104 3629 ·
1121 3591 1165 3642 An
1184 3586 1314 3656 repetitio
1333 3590 1375 3640 tc·

811 3659 895 3712 stium
914 3659 952 3712 sit
970 3659 1004 3712 ad
1023 3660 1218 3722 substantiam,
1237 3673 1299 3727 pag.
1310 3656 1372 3711 311.

811 3758 825 3771 ·
844 3729 936 3789 Quare
955 3732 1143 3800 coafroatatio
1167 3734 1262 3785 teneat
1281 3729 1373 3784 locum

811 3802 994 3870 repetitionis,
1020 3803 1085 3857 ibid.
1104 3831 1117 3844 ·
1134 3799 1291 3872 Aliquando
1310 3817 1374 3854 coa·

811 3877 946 3941 frontalia
964 3878 1007 3927 est
1026 3875 1191 3938 necessaria,
1212 3888 1273 3942 pag.
1286 3870 1347 3926 313.
1360 3900 1372 3910 ·

810 3943 927 4004 Quando
935 3950 965 4000 et
973 3945 1111 4015 quomodo
1121 3946 1149 3998 in
1160 3958 1290 4012 processu
1302 3944 1374 3996 fiant

811 4014 999 4069 confrontatio
1026 4021 1068 4069 et·
1085 4017 1216 4085 repetitio
1243 4014 1372 4075 testium,

810 4086 877 4140 ibid.
885 4102 924 4156 sq.
936 4115 950 4128 ·
962 4086 1001 4142 De
1014 4087 1127 4156 repulsa
1139 4087 1254 4142 testium
1272 4101 1321 4140 seu
1339 4085 1374 4139 de

811 4159 1022 4227 exceptionibus
1039 4160 1067 4211 in
1089 4163 1184 4223 testes,
1202 4173 1264 4228 pag.
1283 4156 1345 4210 314,
1361 4185 1374 4197 ·

811 4228 995 4296 Explicantur
1008 4229 1122 4299 regulae
1139 4229 1333 4284 Instructionis
1346 4227 1373 4280 S.

812 4299 841 4352 0.
862 4301 917 4354 ult.
936 4307 965 4355 et
985 4301 1044 4355 RR.
1066 4317 1116 4370 pro
1134 4301 1309 4355 examinibus
1333 4304 1374 4354 ts-

811 4373 905 4438 stinm,
915 4388 978 4441 pag.
988 4371 1050 4426 373.
1059 4403 1073 4418 -
1082 4373 1180 4428 Testes
1192 4371 1296 4426 citandi
1308 4377 1373 4424 sunt

810 4443 1375 4513 antecursoreautperlitterascommcn·
