3350 5100
363 246 428 312 114
881 267 966 314 unns
990 269 1012 314 1.

358 391 524 457 Sententia
543 409 625 474 quae
641 388 747 455 editur
761 391 962 475 privationis,
975 393 1159 457 executioni
1175 392 1216 458 ab
1233 393 1392 479 Episcopo
1409 394 1540 460 deman-

354 510 427 581 dari
446 520 551 601 potest
565 535 632 580 non
646 514 793 581 obstante
808 516 1034 604 appellatione,
1052 536 1134 600 quae
1149 517 1248 584 habet
1266 514 1417 584 effectum
1432 517 1537 586 deuo·

355 643 509 724 tatinum,
533 663 598 707 oon
626 642 872 725 susspenstaum.
900 677 917 691 -
948 643 1160 708 Nihilominus
1182 643 1356 712 advertere
1380 650 1536 729 praestat,

354 767 553 849 facultatem
566 765 689 832 trabere
700 766 886 851 Episcopos,
901 765 1081 850 exequendi
1095 785 1240 852 poenam,
1256 767 1417 852 pendente
1429 769 1538 853 appel·

355 891 484 972 latione,
494 892 600 975 prouti
613 889 709 955 edicit
721 889 808 954 Trid.
818 889 952 970 concil,
960 889 1017 954 sed
1029 890 1092 955 hoc
1104 893 1214 976 rigore
1227 892 1273 958 uti
1285 898 1537 976 noncoguntur,

354 1020 388 1078 et
410 1013 506 1079 hodie
526 1014 665 1078 maxime
689 1032 762 1077 cum
784 1011 942 1098 appellari
964 1013 1066 1078 soleat
1088 1013 1271 1078 immediate
1294 1014 1334 1079 ad
1358 1016 1390 1080 S.
1407 1014 1536 1088 Sedem,
1610 1101 1612 1105 ι

346 1141 388 1202 in
411 1156 502 1202 more
525 1142 575 1203 est
596 1135 777 1202 concedere
800 1137 1048 1222 appellationem
1072 1140 1168 1204 etiam
1192 1139 1457 1220 insuspensivo.
1484 1139 1535 1204 Cf.
1647 1201 1648 1204 ,

354 1285 381 1329 c.
406 1283 433 1329 c.
458 1261 510 1334 13,
534 1261 585 1334 111,
610 1263 662 1337 15,
688 1262 737 1326 De
759 1262 828 1326 vita
853 1261 1032 1328 albonesi.
1058 1263 1167 1328 cleric.
1192 1263 1227 1328 X
1247 1261 1320 1346 (ΙΙΙ,
1348 1262 1389 1348 Ι).
1448 1283 1451 1289 ·

443 1387 587 1470 Denique
611 1386 686 1469 quia
708 1384 803 1450 hodie
826 1387 1019 1470 praesertim
1043 1405 1149 1450 mores
1172 1385 1386 1466 sacerdotum,
1404 1392 1439 1451 ut
1462 1387 1534 1473 plu·

354 1514 479 1585 rimam,
504 1531 569 1576 nou
593 1510 766 1576 foedantur
788 1509 935 1574 facinore
954 1511 1197 1582 concubinatus,
1216 1512 1321 1596 prouti
1346 1531 1410 1577 non
1434 1511 1535 1584 infre-
1646 1569 1648 1580 ,

352 1655 454 1720 quens
476 1642 549 1702 erat
572 1656 665 1701 casus
688 1641 832 1719 tempore
850 1635 946 1700 Cone.
965 1635 1070 1711 Trid.;
1095 1635 1150 1700 sed
1174 1655 1216 1700 ex
1239 1636 1302 1700 alia
1318 1642 1412 1720 parte
1434 1637 1533 1703 etiam

352 1763 490 1848 suspicio
510 1761 618 1826 delicti
641 1761 864 1826 fornicationis
887 1761 920 1823 in
944 1759 1124 1841 sacerdote,
1146 1759 1230 1844 apud
1245 1760 1346 1825 laicos
1361 1761 1444 1826 solet
1460 1781 1532 1826 esse

353 1906 470 1971 magna
500 1885 643 1951 scandali
675 1892 708 1950 et
738 1885 983 1969 vituperationis
1007 1886 1151 1957 occasio,
1180 1885 1298 1951 exinde
1331 1901 1533 1970 magnopere

301 2083 305 2092 ¹
353 2011 422 2075 usui
445 2016 521 2074 sunt
545 2009 690 2075 remedia
711 2008 941 2092 suspensionis
969 2014 1025 2072 aut
1046 2007 1249 2090 privationis
1276 2009 1530 2082 oeconomicac.

350 2155 434 2219 quae
457 2134 600 2199 remedia
624 2133 857 2216 explicavimus
881 2131 955 2197 Vol.
982 2133 1042 2206 ΙΙΙ,
1067 2152 1099 2198 n.
1126 2131 1199 2198 173.

488 2258 521 2343 4)
546 2259 592 2322 De
615 2261 741 2342 quarta
763 2255 868 2320 classe
892 2275 949 2320 seu
972 2255 1012 2320 de
1035 2257 1212 2340 Episcopis,
1238 2257 1415 2321 Concilium
1439 2257 1530 2322 Trid.

348 2400 428 2448 sess.
445 2381 505 2452 25,
530 2399 605 2462 cap.
622 2377 665 2443 14
687 2376 783 2449 iubet,
801 2382 837 2442 ut
860 2377 886 2440 si
910 2378 1070 2462 Episcopi,
1091 2376 1175 2460 quod
1197 2376 1288 2451 absit,
1310 2378 1350 2442 ab
1374 2379 1531 2444 eiusmodi

348 2507 486 2572 crimine
502 2523 567 2569 non
581 2502 773 2575 abstineant,
790 2506 823 2566 et
843 2521 862 2565 a
879 2499 1008 2587 Synodo
1026 2501 1224 2567 Provinciali
1243 2500 1397 2569 admoniti
1412 2522 1478 2569 non
1494 2523 1530 2569 se

347 2626 602 2703 emendaverint,
614 2630 689 2713 ipso
700 2628 791 2711 facta
805 2629 869 2693 siut
881 2628 1035 2713 suspensi,
1049 2633 1083 2692 et
1094 2628 1120 2691 si
1133 2634 1354 2711 perseverent,
1367 2627 1409 2693 ad
1420 2628 1529 2695 SSffl¹¹¹¹¹

350 2759 388 2822 a.
415 2753 605 2821 Pontificem
629 2753 836 2825 deierantur,
862 2728 915 2835 qui
939 2752 1035 2817 etiam
1057 2770 1119 2836 per
1142 2752 1373 2835 privationem,
1397 2753 1425 2815 si
1448 2771 1529 2837 opus

347 2870 456 2955 fuerit,
480 2879 727 2945 animadvertat.
745 2912 762 2926 -
781 2877 813 2942 Si
837 2875 986 2962 Synodus
1003 2875 1220 2941 Prouincialis
1243 2894 1308 2939 nnn
1329 2874 1527 2948 celebretur,

346 3005 614 3089 Metropolitanus
643 3002 794 3067 admonet
816 2998 1079 3085 suffraganeum,
1104 3007 1137 3065 et
1159 3001 1193 3064 in
1217 3004 1441 3065 contumacem
1473 2999 1528 3065 dat

345 3129 540 3195 sententiam
556 3126 821 3194 declaratomam
829 3146 843 3207 ;
858 3131 914 3190 aut
929 3126 1091 3209 antiquior
1106 3121 1337 3210 Suffraganeus
1351 3125 1414 3190 isla
1429 3145 1527 3210 prae·

344 3258 424 3326 stat,
449 3254 476 3317 si
499 3252 661 3337 agendum
684 3252 726 3315 sit
748 3251 783 3313 in
805 3248 1100 3335 Metropolitanum.
1127 3283 1144 3296 -
1169 3249 1213 3313 nt
1235 3248 1330 3313 hodie
1353 3250 1453 3313 satius
1478 3254 1528 3313 est

346 3377 527 3443 immediate
551 3396 621 3442 rem
643 3375 776 3441 deferre
798 3373 848 3438 ad
864 3374 955 3438 Rom.
984 3371 1175 3439 Pontificem
1199 3372 1254 3456 (l).

435 3498 581 3586 Simplex
595 3498 746 3563 delictum
761 3495 1008 3579 fornicationis,
1025 3513 1084 3560 seu
1103 3496 1282 3561 seiunctum
1298 3514 1318 3557 a
1333 3494 1525 3581 sacritepio,

344 3624 397 3690 vel
413 3624 454 3688 ab
469 3624 541 3688 aliis
556 3621 724 3708 speciebus
735 3620 850 3687 delicti
864 3618 998 3685 venerei
1011 3617 1066 3704 (ci.
1079 3619 1200 3705 supra),
1214 3618 1254 3683 ab
1272 3620 1339 3704 ipso
1352 3618 1524 3703 Episcopo,

344 3769 404 3835 pro
427 3768 485 3813 suc
507 3746 658 3833 prudenti
675 3746 820 3818 arbitrio,
837 3742 1057 3810 mulctandum
1080 3750 1130 3813 est
1153 3746 1264 3829 poenis
1284 3743 1478 3809 arbitrariis.

434 3872 487 3939 82,
512 3868 683 3937 Sodomiae
705 3871 839 3942 crimen,
858 3870 965 3935 Gonst
984 3868 1217 3950 Horrendum,
1242 3869 1273 3933 S.
1292 3868 1370 3932 Pius
1387 3869 1419 3931 V
1436 3887 1523 3933 com·
1647 3850 1648 3853 ¹

344 3998 477 4080 pascuit,
490 3997 708 4082 praecipiens:
727 4016 746 4058 ‹
763 3994 884 4061 Omnes
900 3998 933 4059 et
943 4012 1160 4077 quoscumque
1172 3992 1381 4078 presbyteros
1394 3996 1428 4059 et
1437 3993 1525 4059 alios

433 4275 472 4346 (l)
491 4276 543 4330 Hic
561 4276 722 4331 disserimus
740 4275 773 4329 de
792 4273 902 4329 clericis
921 4274 1141 4341 concubinarum
1153 4274 1186 4328 de
1206 4272 1317 4328 clericis
1334 4276 1468 4344 apostatas
1487 4275 1523 4327 ab

340 4379 445 4435 ordine
458 4385 536 4435 autc
553 4381 689 4451 religione
700 4380 748 4451 qni
761 4379 970 4434 matrimonium
983 4389 1127 4446 attentant,
1139 4380 1268 4445 diximus,
1283 4378 1346 4433 Vol.
1360 4378 1406 4446 ΙΙΙ,
1419 4396 1448 4433 n.
1459 4376 1521 4433 328.
