3350 5100
164 251 167 261 '
296 257 317 323 8
812 275 897 323 raas
928 274 950 321 1.

299 397 384 463 hauc
406 399 531 483 praxim
557 402 738 480 sequentes.
764 397 807 462 Hi
831 402 940 462 tamen
963 417 1006 461 ex
1025 397 1134 479 (10001.
1157 416 1175 458 ‹
1198 395 1261 462 Ubi
1279 397 1469 480 phorum»

298 521 331 588 S.
349 519 465 588 Officio
488 521 702 587 denunciandi
720 527 805 588 suut.
836 517 1112 602 0100000010,
1132 518 1258 587 comm.
1281 541 1316 586 0.
1334 523 1401 588 106
1415 522 1471 607 (1).

388 647 418 711 7.
444 647 578 712 Demum
602 649 687 712 inter
711 666 869 712 excomm.
884 648 1005 711 nemini
1030 651 1214 713 reservatas
1236 647 1348 712 eadem
1364 648 1471 714 Gonet.

300 769 363 854 Ap.
378 769 454 837 Sed.
471 769 531 836 sub
547 790 578 834 0.
597 771 647 836 IV
663 764 853 836 censuratos
868 768 1030 835 declarat:
1055 768 1305 856 ‹Neptiqeuteu
1323 771 1474 837 0100001-

295 895 458 978 patititur
488 895 674 962 omittentes
703 895 914 960 denunciare
936 893 1033 979 infra
1056 912 1205 972 mensem
1231 895 1473 978 Confaoearios,

297 1018 367 1084 see
389 1017 588 1086 Sacerdotes
610 1037 634 1084 a
656 1018 778 1104 quiae
793 1017 964 1084 001000
984 1017 1116 1095 suerint
1138 1019 1186 1084 aa
1205 1019 1330 1101 rapu,
1346 1017 1384 1083 a
1397 989 1474 1103 qur-

299 1141 438 1210 buelibet
460 1142 593 1210 casibus
616 1143 787 1226 empreooic
805 1160 829 1207 α
845 1141 972 1207 Praed.
992 1141 1128 1208 Nostris
1153 1141 1473 1227 0001110000.

211 1291 212 1294 ¹
298 1269 318 1301 “
334 1265 519 1334 110100νεί”
532 1267 740 1352 20009000·
755 1265 860 1341 1622,
869 1271 902 1332 et
911 1266 1091 1334 Benedicta
1100 1267 1154 1331 Xl
1162 1267 1311 1334 VCorut.
1324 1270 1344 1302 “
1354 1267 1476 1334 Sacra·

299 1397 450 1458 menum
473 1391 705 1460 poenitentiae
721 1389 740 1413 ’⁹
764 1392 781 1456 1
806 1392 903 1458 Iunii
923 1392 1006 1457 1711
1024 1412 1042 1454 a
1060 1388 1116 1478 (2).

389 1516 520 1597 Mensis,
532 1514 572 1580 de
589 1534 651 1598 quo
663 1516 717 1581 hic
728 1513 927 1587 decernitur,
940 1519 991 1579 eet
1003 1519 1128 1599 tempus
1140 1513 1227 1588 utile,
1242 1513 1325 1598 quod
1340 1513 1476 1599 proinde

302 1658 368 1703 non
383 1637 528 1703 decurrit
550 1639 713 1723 ignoranti
731 1639 818 1704 hanc
835 1636 1073 1723 obligationem,
1089 1638 1141 1702 vel
1156 1638 1301 1724 legitime
1315 1637 1475 1723 impedito.

302 1759 373 1835 Quo
384 1759 477 1825 modo
490 1779 555 1825 uon
568 1759 722 1826 decurrat
732 1760 910 1845 ignoranti
919 1762 962 1825 ita
970 1761 1114 1846 explicat
1126 1757 1335 1842 D'Annibale,
1347 1761 1474 1827 Comm.

301 1902 334 1948 n.
355 1883 433 1949 182:
454 1884 609 1949 «Verum
625 1885 700 1966 quia
716 1889 844 1969 tempus
859 1903 924 1948 non
944 1885 1048 1948 currit
1062 1885 1235 1969 ignoranti,
1251 1885 1372 1950 mensis
1386 1905 1475 1950 com·

299 1977 459 2093 putandus
480 2013 530 2074 001
551 2027 594 2073 ex
617 2027 680 2092 quo
703 2009 806 2081 scivit,
831 2014 865 2074 et
895 2003 926 2072 1ο
945 2007 1171 2093 obligationem
1194 2008 1418 2091 denunciandi,
1443 2016 1476 2075 et

299 2127 334 2199 2⁰
357 2133 722 2198 excommunicationem
744 2134 906 2214 adnexam
930 2133 1007 2198 huic
1031 2132 1228 2219 obligationi,
1245 2140 1277 2200 et
1299 2131 1334 2200 3⁰
1349 2140 1475 2221 tempus

300 2257 503 2343 obligationis
521 2257 755 2344 adimplendae.
771 2257 921 2333 Quandiu
937 2259 1036 2344 igitur
1052 2260 1190 2345 primum
1207 2260 1345 2344 ignorat,
1361 2262 1474 2344 culpa,

300 2379 450 2464 quamdiu
473 2381 622 2456 alterum,
640 2383 859 2448 commarceio
882 2385 996 2447 cessat.
1018 2380 1101 2455 Quid
1124 2383 1151 2446 01
1174 2383 1305 2448 tertium
1328 2381 1475 2448 tantum?

300 2506 342 2571 Et
364 2505 519 2590 siquidem
542 2505 624 2571 10100
647 2507 845 2572 existimavit
873 2505 1153 2571 denunciationem
1180 2507 1326 2591 protinus
1352 2505 1473 2572 lacien-

300 2630 373 2696 dam
398 2650 479 2710 esse,
495 2632 784 2697 excommunicatio
808 2650 884 2696 eum
907 2649 971 2695 non
995 2636 1084 2695 tenet
1098 2629 1212 2714 quoad
1225 2633 1345 2697 mensis
1359 2630 1473 2696 decur-

300 2754 397 2827 rerit,
422 2754 472 2819 010
498 2751 762 2837 quandocumque
785 2753 845 2837 ipsi
878 2751 1018 2825 libuerit,
1043 2770 1114 2816 eam
1145 2772 1206 2817 nec
1234 2759 1306 2839 post
1331 2772 1475 2819 mensem

300 2880 447 2954 incurrit,
471 2877 621 2963 quamdiu
644 2875 813 2943 bonafide
837 2878 1001 2943 existimat
1024 2876 1130 2943 adhuc
1152 2898 1247 2964 posse
1269 2874 1393 2943 differri
1410 2900 1440 2943 ›.

388 3004 427 3067 ln
458 3002 520 3067 boc
552 3003 749 3088 propositum
784 3001 983 3067 attendenda
1017 3008 1066 3068 est
1097 3002 1277 3069 laetnmtio
1313 3002 1387 3068 data
1421 3004 1476 3070 die

299 3127 350 3192 26
364 3125 442 3194 Feb.
458 3127 558 3200 1867,
575 3127 616 3192 ad
639 3147 750 3193 omnes
773 3128 920 3193 locorum
943 3127 1137 3195 Ordinarioa
1159 3148 1179 3192 a
1202 3128 1232 3193 S.
1251 3128 1287 3195 U.
1306 3129 1331 3192 1.
1357 3130 1389 3193 10
1412 3148 1476 3213 qua

301 3258 467 3338 postquam
497 3253 649 3318 admoniti
684 3253 806 3318 fuerint
837 3253 1029 3319 confessarii
1063 3254 1105 3318 ad
1135 3254 1341 3320 instruendos
1371 3258 1476 3340 poeni·

302 3384 408 3446 tentes
431 3380 520 3445 circa
542 3379 628 3443 hanc
651 3378 889 3464 obligationem,
906 3381 958 3444 cui
982 3381 1009 3444 si
1025 3398 1143 3465 parcre
1166 3381 1269 3445 nolint
1291 3380 1476 3447 absolvendi

302 3514 369 3567 non'
391 3508 506 3576 essent,
532 3502 589 3568 sub
613 3522 644 3566 n.
661 3502 693 3576 6,
713 3502 796 3567 haec
812 3502 926 3567 babet:
946 3502 1261 3569 ‹Denundoliones
1283 3522 1477 3589 anonymae

390 3748 429 3817 (l)
448 3746 636 3802 Nihilominus
657 3747 807 3819 aliquando
829 3749 890 3817 ipsc
909 3748 1055 3817 poenitens
1079 3752 1192 3802 tenetur
1213 3745 1377 3818 complicem
1396 3766 1476 3804 reve-

301 3858 375 3920 lare;
393 3860 421 3909 01
440 3860 507 3909 1000
525 3856 709 3909 confessarius
729 3855 920 3924 poenitentem
939 3854 1128 3908 inabsolutum
1147 3855 1274 3920 dimittit,
1289 3857 1342 3909 0101
1361 3855 1476 3922 revelet,

301 3962 367 4033 quia
384 3976 440 4012 non
459 3964 504 4015 eat
516 3959 673 4029 (1100001100.
686 3959 712 4013 S.
727 3959 862 4029 Alpbone.
878 3958 922 4027 Vl,
938 3960 1007 4024 491;
1021 3960 1184 4024 Bucceroui,
1198 3960 1300 4015 000100
1312 3979 1340 4015 a.
1352 3962 1405 4016 38.
1417 3961 1476 4017 Hoc

301 4061 394 4117 innuit
409 4062 539 4115 Pontifex
557 4060 622 4114 dum
635 4062 745 4131 excepit
758 4080 849 4127 00000,
861 4063 971 4132 quibua,
984 4062 1064 4115 iuxta
1075 4078 1160 4115 sanas
1177 4067 1205 4117 01
1224 4080 1307 4118 varas
1324 4068 1476 4128 00001000,

301 4168 445 4238 complicis
463 4184 564 4221 nomen
582 4168 728 4238 exquirere
748 4167 822 4222 licet.

390 4274 429 4347 (2)
449 4274 491 4328 Ad
511 4290 569 4328 rem
591 4276 672 4329 modo
690 4276 769 4329 iuvat
789 4273 1310 4339 000000000011101101100101001110001
1326 4278 1476 4343 notionem,

301 4400 372 4455 quae
397 4389 452 4439 est:
470 4388 546 4456 sacta
571 4402 589 4437 a
613 4386 770 4449 sacerdota,
790 4397 931 4444 renouari
956 4396 1161 4450 counaeeaaro,
1179 4385 1311 4438 nimirum
1330 4384 1374 4440 val
1393 4400 1478 4441 occa·
