3350 5100
524 304 569 349 un
592 302 731 350 1un1cr1s
755 302 1000 351 commeamus
1288 283 1354 348 287

163 423 252 508 quod
272 430 387 491 tamen
403 446 532 491 omnem
547 426 613 489 vim
629 425 755 498 amittit,
772 427 800 489 si
815 430 985 492 accusatus
1000 422 1125 511 probet,
1140 423 1228 487 hauc
1246 444 1353 489 macu-

163 552 233 617 lam
256 556 291 619 iu
313 558 408 633 peste
430 572 467 618 se
488 554 628 639 gessisse
651 572 671 617 a
694 550 818 617 dnobus
849 550 1013 616 mensibus
1036 558 1112 617 ante
1135 552 1354 617 homicidium.

259 678 293 763 4)
322 678 553 743 «Plurimum
576 677 752 762 fidendum
766 696 839 744 non
862 682 910 742 est
934 676 1071 743 indiciis
1085 696 1175 761 qnae
1193 678 1354 760 multipli-

164 822 246 869 cem
260 808 292 868 et
305 802 429 885 forsan
444 802 657 869 contrariom
672 801 831 869 ambient
846 802 1161 885 interpretationem
1172 823 1203 866 a.
1221 803 1273 867 lta
1289 803 1356 867 vul-

164 931 223 993 tus
238 926 353 1011 pallor,
369 925 499 991 habitus
521 926 670 1010 corporis
689 926 741 991 vel
757 925 902 1011 trepidus
918 925 970 989 vel
987 924 1166 1011 impavidus
1182 924 1354 1003 diversam,

165 1053 237 1117 imo
266 1052 465 1116 contrariam
496 1050 670 1116 admittunt
699 1052 1014 1135 interpretationem.
1047 1050 1209 1134 Siquidem
1241 1050 1355 1120 haberi

166 1180 307 1260 possunt
327 1163 404 1240 ‘tum
427 1177 460 1239 in
483 1180 637 1242 accusato
666 1175 856 1249 innocente,
882 1178 1015 1261 propter
1045 1194 1124 1239 suae
1150 1176 1356 1244 innocentiae

167 1300 403 1365 conscientiam
425 1305 523 1383 atque
544 1301 725 1366 immeritae
748 1319 872 1385 poenae
899 1300 1090 1385 periculum,
1116 1304 1181 1365 tum
1205 1302 1237 1365 in
1262 1307 1356 1377 sonte

166 1428 335 1495 accusato,
359 1429 494 1509 propter
516 1426 735 1491 conscientiae
759 1424 906 1489 stimulos
929 1428 962 1489 et
984 1442 1108 1508 poenae
1131 1426 1291 1490 timorem.

562 1711 585 1792 ἓ
607 1709 639 1775 3.
665 1709 715 1775 De
741 1707 967 1791 Confessione.
1003 1808 1006 1815 ι

169 1900 395 1977 sumniam.
420 1930 454 1943 —
478 1903 539 1956 220.
565 1902 607 1957 Ex
631 1902 692 1971 ipsa
717 1902 831 1956 notione
857 1902 1038 1957 confessionis
1062 1904 1205 1957 iudicialis
1231 1904 1358 1975 sequitur

263 1982 466 2063 contessionem
480 2009 684 2079 provocandam
697 2024 757 2063 esse
770 2024 820 2079 per
833 2008 1052 2079 interrogatoria
1061 2025 1110 2063 seu
1125 2026 1174 2079 per
1183 2026 1308 2065 examen.
1323 2038 1357 2051 -

263 2116 326 2169 221.
347 2115 386 2169 De
404 2117 578 2171 confessione
601 2116 745 2172 ultronea.
767 2119 851 2169 tacita
869 2131 918 2169 seu
934 2126 1130 2187 praesumpta.
1151 2116 1189 2171 De
1208 2117 1358 2172 scindenda

264 2222 448 2275 confessione.
467 2250 504 2263 -
522 2223 583 2275 222.
603 2221 733 2275 Examini
756 2222 797 2275 rei
823 2222 938 2291 praevia
956 2222 994 2275 ait
1015 2226 1128 2291 oportet
1146 2222 1290 2291 inquisitio
1309 2240 1358 2278 ssu

263 2326 422 2395 exploratio
446 2332 573 2399 corporis
595 2328 701 2383 delicti.
721 2356 755 2369 -
774 2326 835 2381 223.
857 2328 896 2383 De
923 2328 1098 2383 confessione
1120 2329 1285 2383 incidentali
1309 2334 1358 2383 aut

263 2436 480 2491 extraiudiciali.
498 2465 536 2479 -
559 2437 812 2491 mansuetasse
836 2435 927 2490 libera
948 2452 997 2491 seu
1023 2452 1080 2490 nou
1104 2440 1210 2489 coacta.
1230 2436 1269 2490 De
1294 2452 1359 2507 sug·

264 2542 383 2612 gestivis
406 2541 684 2614 interrogationibus.
708 2572 746 2586 -
763 2542 826 2598 225.
846 2542 886 2598 De
908 2546 1015 2597 tortura
1034 2559 1158 2598 reorum.
1176 2569 1212 2584 —
1234 2542 1295 2597 226.
1313 2544 1358 2597 An

263 2650 321 2704 reis
339 2650 518 2706 deferendum
537 2652 574 2706 sit
592 2652 791 2707 iuramentum.
805 2679 841 2692 -·
858 2652 919 2706 227.
931 2651 975 2704 Au
988 2667 1037 2705 reo
1049 2650 1148 2705 dilatio
1159 2649 1273 2706 concedi
1292 2665 1357 2720 pos·

263 2757 303 2810 sit
320 2757 355 2810 ad
374 2757 603 2827 respondendum.
617 2786 652 2800 -·
665 2758 726 2811 228.
740 2756 869 2828 Regulos
888 2756 1079 2812 observandae
1098 2757 1128 2812 in
1149 2757 1278 2812 examine
1296 2773 1359 2812 reo·

264 2880 336 2915 rum.
356 2891 390 2904 -
409 2863 470 2917 229.
494 2864 535 2918 De
559 2864 785 2918 controntatioue
804 2864 845 2918 rei
865 2881 928 2918 cum
952 2864 1080 2918 testibus.
1099 2891 1133 2904 —
1153 2861 1213 2916 230.
1233 2863 1358 2920 Examen

264 2968 394 3040 inquisiti
412 2970 519 3040 pluries
537 2971 627 3041 repeti
645 2970 731 3026 ualet.

263 3167 342 3234 220.
368 3167 534 3235 Confessio
557 3170 592 3234 in
614 3167 848 3242 criminalibus,
867 3187 931 3233 nou
955 3169 1060 3233 minus
1079 3187 1173 3252 quam
1197 3169 1230 3232 in
1254 3167 1358 3233 civili·

170 3291 246 3364 bus
267 3297 318 3356 est
332 3310 568 3378 quaecumque
582 3292 787 3359 asseveratio
804 3292 983 3358 contario
998 3311 1058 3358 sen
1072 3311 1143 3358 non
1156 3289 1359 3373 favorabilia

169 3415 243 3499 ipsi
253 3417 428 3482 mermi.
443 3415 558 3491 -Quia
573 3417 628 3482 hic
642 3419 769 3502 munus
784 3416 824 3480 de
840 3417 1046 3482 confessione
1058 3415 1209 3488 iudiciali,
1223 3415 1358 3500 proinde

173 3540 339 3606 confessio
360 3540 448 3608 facia
470 3561 490 3606 a
512 3561 571 3607 reo
594 3541 684 3608 favet
706 3543 877 3609 intentioni
901 3542 1110 3606 accusatoris.
1123 3575 1138 3588 -
1154 3541 1254 3605 Nemo
1278 3560 1359 3606 vero

172 3663 368 3749 perducitur
380 3664 421 3730 ad
436 3665 645 3731 asserendam
661 3685 753 3731 suam
765 3666 894 3751 culpam
913 3666 973 3730 uisi
990 3665 1091 3730 veluti
1106 3663 1172 3729 huc
1186 3665 1359 3749 pertraha-

171 3794 231 3856 tur
252 3789 307 3854 vel
334 3789 498 3855 evidentia
526 3789 605 3857 facti
636 3791 689 3856 vel
720 3789 1034 3877 interrogationibus
1066 3807 1149 3873 quae
1180 3789 1316 3870 sensim,
1341 3809 1360 3854 e

173 3913 308 3998 cognito
330 3913 372 4007 ad
394 3915 594 4000 incognitum
618 3915 889 3991 discurrentesa
914 3935 971 3981 reo
994 3915 1150 3980 hauriunt
1172 3913 1358 3990 veritatem

173 4057 275 4123 quum
297 4039 390 4104 illum
405 4045 529 4125 ponant
551 4043 584 4106 in
607 4060 647 4107 ea
670 4041 854 4107 conditione
871 4046 907 4107 ut
927 4041 989 4106 nisi
1006 4041 1137 4106 veritati
1152 4039 1359 4116 obsecundet,

172 4165 355 4250 persentiat
376 4164 529 4250 proferre
552 4166 754 4232 mendacium
771 4167 846 4232 dein
862 4166 960 4232 facile
984 4165 1200 4251 detegendum
1223 4187 1266 4231 ex
1288 4167 1361 4233 aliis
1425 4139 1430 4148 Ι

175 4287 325 4352 collectis
340 4285 593 4374 probationibus.
609 4325 626 4338 ·
642 4289 723 4356 Inde
738 4294 836 4376 patet,
854 4291 888 4354 in
904 4289 1031 4370 iudicio,
1047 4289 1284 4354 contessionem
1299 4292 1359 4364 rei,

175 4411 332 4480 videlicet
354 4411 577 4498 probationum
600 4415 762 4501 optimam,
779 4414 920 4482 obtineri
945 4433 1005 4500 per
1027 4414 1281 4499 interrogatoria
1304 4435 1359 4481 seu
