3350 5100
326 229 371 296 22
848 253 933 299 raas
958 253 980 298 1.

325 373 380 437 die
405 374 427 439 9
451 374 540 458 Sept.
558 373 649 441 1893
667 377 701 439 in
718 375 887 449 Firmana;
904 377 1085 460 iterumque
1106 374 1312 441 confirmavit
1333 379 1367 441 in
1385 376 1500 463 Urgel-

325 495 390 560 len.
414 498 470 563 die
491 498 550 571 26,
563 499 724 563 Ianuarii
747 499 860 581 1895,
875 496 921 587 (1)
934 504 1087 572 statuens,
1105 500 1319 586 supplendum
1345 522 1416 567 esse
1437 521 1503 584 per

324 622 558 689 iuramentum
572 625 829 707 suppletorium,
844 645 908 689 non
924 645 1017 690 secus
1028 646 1067 690 ac
1079 623 1114 690 fit
1127 625 1169 690 sd
1184 625 1384 711 probandam
1397 633 1500 694 status

324 746 506 812 libertatem
526 767 584 833 pro
608 749 811 814 matrimonio
835 748 983 821 ineundo,
1000 749 1126 834 quando
1142 751 1372 815 testimoniales
1395 752 1501 837 repeti

325 891 389 936 non
405 873 544 936 valeant.
562 873 652 947 Quae
667 872 786 938 decisio
810 879 860 938 est
882 892 960 938 sane
976 875 1083 958 magni
1098 873 1260 958 ponderis,
1273 881 1308 939 at
1322 887 1387 938 non
1405 894 1500 940 secus

325 1016 364 1061 ac
393 1003 499 1078 antea,
523 1017 543 1061 a
566 997 596 1063 S.
623 996 737 1063 Officio
767 996 1002 1083 expostulanda
1032 1003 1082 1063 est
1113 1019 1173 1084 pro
1204 1001 1331 1084 singula
1361 999 1501 1065 dioecesi

324 1119 462 1186 facultas
485 1120 652 1186 deferendi
674 1123 889 1186 iuramentum
911 1123 1168 1204 suppletorium.
1193 1122 1256 1189 Sed
1279 1124 1361 1189 haec
1383 1128 1503 1188 statuta

324 1253 406 1318 sunt,
431 1249 465 1312 in
488 1247 615 1332 primis,
640 1266 698 1330 pro
723 1249 769 1311 eis
792 1247 846 1329 qui
869 1247 1001 1310 militari
1023 1247 1156 1312 servitio
1179 1247 1299 1313 addicti
1322 1249 1455 1312 luerint.
1483 1283 1501 1296 ·

325 1371 556 1437 Consideratur
581 1390 661 1436 vero
685 1372 908 1444 commoratio,
928 1391 1023 1456 quam
1047 1372 1117 1454 quis
1140 1371 1252 1438 habuit
1269 1380 1348 1455 post
1369 1378 1500 1455 septen-

323 1497 430 1577 nium,
455 1497 550 1559 etiam
581 1501 660 1560 ante
685 1495 909 1578 pubertatem.
938 1495 1110 1578 Equidem,
1142 1496 1339 1579 ordinario,
1371 1501 1497 1561 tantum

321 1617 477 1701 puberes,
493 1636 649 1682 censuras
663 1623 720 1683 aut
734 1618 992 1702 irregularitates
1008 1618 1204 1683 contrahere
1217 1618 1342 1694 valent;
1358 1623 1502 1683 attamen

323 1745 420 1811 etiam
438 1743 622 1829 impuberes
638 1764 681 1809 ex
696 1746 761 1809 suis
777 1745 920 1810 moribus
942 1744 1114 1811 ostendunt
1128 1766 1221 1810 suum
1245 1746 1419 1831 ingenium,
1436 1745 1503 1810 ido·

412 1921 451 1990 (l)
477 1920 507 1975 ln
533 1921 579 1974 cit.
606 1919 752 1989 Urgellen.
780 1919 850 1974 hsec
878 1921 1020 1990 proposita
1043 1926 1109 1974 suot
1132 1921 1230 1974 dubia:
1254 1933 1272 1977 tt
1296 1922 1316 1975 Ι.
1348 1922 1447 1974 Utrtan
1470 1922 1501 1975 in

323 2029 449 2082 omnibus
466 2043 585 2097 prorsus
604 2029 712 2080 casibus
730 2027 768 2081 ad
787 2029 976 2081 ordinandum
993 2031 1133 2082 subditum
1147 2029 1300 2099 proprium
1320 2029 1498 2082 necessariae

322 2138 377 2190 sint
390 2135 500 2189 litterae
512 2135 713 2190 testimoniales
731 2150 845 2189 onntnu
860 2136 1058 2191 Ertscorosuu
1072 2137 1207 2202 locorum,
1218 2137 1248 2190 in
1260 2138 1361 2206 quidus
1371 2146 1499 2191 mmmm

321 2245 417 2314 stanit,
435 2243 483 2297 cel
500 2242 625 2312 relinqui
639 2245 728 2312 possit
744 2243 879 2311 prudenti
894 2243 1010 2297 arbitrio
1029 2243 1161 2312 Episcopi
1170 2233 1298 2312 proprii,
1310 2246 1422 2297 attentis
1441 2247 1499 2297 cir-

322 2349 494 2404 cumstantiis
506 2347 609 2401 subditi
621 2347 779 2400 ordinandi.
800 2345 831 2399 ll.
851 2347 950 2401 Utrum
964 2346 1118 2416 Episcopus
1130 2349 1266 2400 ordinans
1278 2348 1421 2401 subditum
1429 2365 1499 2418 pro·

321 2454 415 2524 prium
439 2453 542 2521 absque
565 2452 642 2505 hisce
670 2451 771 2503 litteris
793 2451 1024 2504 testimonialibus
1047 2452 1137 2504 alieni
1161 2449 1301 2520 Episcopi,
1319 2455 1349 2503 in
1370 2453 1497 2506 omnibus

321 2577 439 2633 prorsus
458 2561 567 2614 casibus
585 2561 713 2613 incurrat
731 2560 791 2627 ipso
810 2562 872 2612 iure
890 2560 1099 2627 suspensionem
1115 2576 1170 2629 per
1187 2576 1293 2613 annum
1311 2562 1346 2613 ab
1364 2561 1497 2613 ordinum

321 2669 570 2722 administratione.
590 2665 632 2719 ΙΙΙ.
658 2666 756 2720 Utrum
773 2663 940 2735 sufficientes
953 2667 1108 2719 cernendae
1125 2668 1181 2718 sint
1200 2666 1311 2720 litterae
1329 2668 1502 2722 testimonia·

321 2775 362 2828 les
379 2774 469 2828 alieni
475 2774 626 2843 Episcopi,
639 2764 750 2843 quando
770 2782 888 2827 testatur
905 2773 977 2826 nihil
996 2783 1124 2827 constare
1143 2774 1179 2826 de
1197 2775 1364 2839 ordinando,
1380 2790 1413 2828 aa
1431 2776 1498 2843 quia

321 2894 402 2933 nemo
421 2880 458 2931 sit
469 2880 517 2947 qui
529 2880 564 2931 de
577 2878 732 2931 ordinando
745 2880 934 2931 testimonium
951 2880 1031 2947 serre
1047 2881 1143 2946 possit,
1157 2894 1221 2931 curn
1239 2880 1281 2945 sit,
1295 2888 1326 2931 ut
1342 2881 1497 2944 iudicatur,

322 2987 448 3041 omnibus
466 2986 584 3055 ipnotus.
605 2983 649 3037 1v.
676 2985 774 3039 Utrum
793 2989 821 3037 in
840 3002 907 3039 casse
925 2984 1044 3055 sufficiat
1061 3002 1205 3055 apponere
1222 2988 1260 3040 ad
1277 2986 1376 3039 calcas
1395 2988 1500 3057 pansus·

322 3092 497 3164 Episcopalis
516 3093 624 3147 litteras
644 3092 777 3163 Episcopi
794 3094 960 3159 dioecesani,
970 3095 1171 3165 praecipientis
1190 3097 1317 3149 omniosn
1333 3105 1359 3150 et
1376 3096 1497 3165 sinpulis

321 3217 368 3255 eas
386 3202 562 3270 inspecturis,
575 3208 606 3252 ut
619 3202 773 3264 ostendant,
784 3210 880 3252 utrum
898 3201 965 3271 ipsis
978 3209 1082 3255 constet
1100 3202 1135 3255 de
1154 3202 1249 3271 aliquo
1262 3204 1395 3256 canonico
1407 3203 1495 3272 impe·

321 3310 441 3363 dimento
461 3308 651 3362 ordinandi».
672 3306 708 3359 Et
721 3322 882 3375 responsum
897 3306 1013 3375 prodiit:
1031 3320 1049 3362 t<
1062 3307 1118 3361 Pro
1138 3309 1250 3361 clericis
1263 3310 1428 3362 ordinandis
1440 3310 1499 3362 iam

320 3415 437 3467 militiae
455 3414 582 3479 addictis,
595 3415 646 3466 sub
661 3430 753 3483 poena
772 3432 789 3466 a
810 3414 901 3469 Consi.
923 3418 1021 3482 Apost.
1037 3412 1117 3469 Sedis
1135 3416 1311 3480 comminata,
1324 3416 1434 3486 requiri
1452 3416 1497 3468 lit·

320 3530 396 3575 teras
413 3518 614 3573 testimoniales
636 3517 789 3583 Ordinarii,
801 3520 831 3571 in
847 3520 926 3572 cuius
944 3520 1066 3573 dioecesi
1086 3538 1141 3589 per
1166 3523 1309 3573 trimestre
1333 3522 1498 3575 commorati

320 3628 440 3700 fuerint3
459 3635 486 3679 et
503 3636 639 3696 quatenus
661 3624 806 3679 Ordinarii
825 3626 935 3681 litterae
954 3626 1070 3696 plenum
1088 3628 1277 3681 testimonium
1295 3645 1351 3680 non
1368 3628 1497 3696 reddant,

320 3731 484 3803 Episcopus,
494 3732 604 3785 obtenta
613 3731 651 3783 ad
660 3733 710 3784 loc
723 3732 860 3801 facultate
871 3734 907 3785 ab
920 3732 1081 3801 apostolica
1096 3733 1176 3798 Sede,
1183 3733 1333 3803 procident
1346 3750 1403 3804 per
1416 3748 1497 3789 tuat·

321 3855 443 3893 unsrun
462 3853 679 3893 surrnsromuu
691 3850 716 3894 tt.
737 3838 812 3892 Haec
830 3838 960 3903 facultas,
977 3840 1016 3891 uti
1037 3843 1116 3907 petet
1134 3854 1169 3893 ex
1188 3842 1284 3893 tencre
1303 3840 1448 3908 petitionis
1466 3844 1496 3894 et

320 3946 515 4014 responsionis,
530 3945 681 4015 implorare
705 3946 818 4015 expedit
842 3946 927 3999 etism
947 3960 996 4013 pro
1015 3944 1125 3999 clericis
1149 3946 1270 4001 militiae
1294 3962 1350 4000 non
1368 3946 1497 4012 addictis,

319 4057 413 4107 tamen
438 4052 528 4123 quoad
553 4054 799 4107 commorationem
823 4051 925 4106 saltem
948 4053 1150 4106 semestralem.
1174 4080 1187 4093 ·
1214 4054 1360 4107 ordinarii
1382 4054 1496 4108 nomine

319 4157 527 4226 intelliguntur,
544 4158 573 4209 in
592 4174 705 4226 genere,
724 4157 858 4222 Praelati,
876 4158 956 4211 iuxta
973 4158 1141 4227 rescriptum
1160 4158 1186 4210 S.
1212 4158 1302 4211 Officii
1320 4160 1362 4211 20
1379 4160 1497 4230 februa·

319 4267 358 4320 rii
377 4264 465 4321 1888.
480 4294 492 4307 ·
506 4265 721 4319 Testimoniales
739 4268 833 4320 autem
851 4266 1032 4336 requiruntur
1049 4268 1134 4321 etiam
1151 4282 1200 4335 pro
1214 4267 1381 4321 conferenda
1397 4269 1492 4337 prima

320 4384 452 4427 tonsura:
471 4370 497 4425 S.
517 4371 603 4440 Cong.
624 4370 728 4424 Concil.
747 4372 780 4423 11
797 4372 858 4425 iun.
877 4370 964 4425 1881.
