3350 5100
312 295 356 360 58
835 312 919 360 runs
944 313 966 358 1.

312 435 429 500 dieitur
439 435 665 511 introducere,
676 435 790 500 saltem
797 433 1116 518 propriaetstricto
1127 431 1371 518 significatione,
1382 435 1488 518 prouti

312 563 343 624 in
368 559 535 645 penalibus
558 559 694 644 intelligi
718 557 822 624 debet.
848 559 1037 625 Admittere
1061 577 1140 623 vero
1163 577 1229 622 non
1251 564 1403 623 censetur
1425 559 1487 622 nisi

311 687 364 770 qui
392 705 436 751 eu
459 685 577 770 officie,
594 685 694 751 veluti
718 685 909 770 Superioris,
934 652 990 748 aut
1012 684 1174 765 ostiariae,
1198 682 1293 748 debet
1315 683 1488 767 invigilare

311 830 353 875 ne
376 810 601 895 ingrediantur
624 808 646 873 ii
671 807 783 892 quibus
799 809 863 874 hoc
882 808 932 873 sas
949 828 1017 873 non
1040 814 1098 872 est.
1125 807 1230 872 ‹Atii
1248 814 1363 872 autem
1383 804 1488 891 (docet

311 934 521 1008 D'Annibale,
548 935 676 1002 Corum.
702 933 784 1018 123)
809 942 940 1018 praeter
962 933 1202 1020 ingredientes,
1226 933 1487 1014 introducentes,

311 1061 534 1134 admittentes,
552 1059 878 1126 excommunicationi
894 1078 957 1122 non
974 1065 1048 1122 sunt
1063 1058 1213 1132 obnoxii3
1237 1077 1302 1122 non
1317 1057 1487 1123 consulen-

311 1191 368 1257 tes,
385 1203 450 1248 non
474 1182 671 1255 mandantes,
689 1183 785 1247 immo
808 1201 871 1246 nec
893 1181 1038 1247 locorum
1055 1181 1223 1248 Ordinarii
1239 1183 1293 1264 qui
1313 1180 1486 1246 indebitam

310 1309 512 1397 ingrediendi
534 1309 696 1375 licentiam
720 1307 900 1374 concedant
923 1329 952 1370 ›.
978 1308 1043 1392 Ipsi
1068 1306 1234 1374 Ordinarii
1265 1313 1372 1373 autem
1402 1309 1487 1379 hanc

311 1455 480 1502 censuram
504 1437 677 1500 incurrunt
700 1435 726 1498 si
750 1432 976 1518 ingrediantur
993 1453 1071 1498 ‘non
1095 1435 1223 1498 ratione
1247 1456 1272 1499 s.
1296 1435 1487 1499 visitationis

310 1568 366 1628 aut
388 1561 590 1649 necessitatis
613 1579 719 1625 causa,

401 1685 578 1751 Prohibitio
602 1692 708 1751 autem
733 1684 882 1770 percellit
903 1684 1133 1770 ingredientes
1154 1685 1224 1749 sive
1247 1685 1406 1752 arbitratu
1429 1706 1487 1750 suo

310 1813 535 1898 ingrediantur
557 1814 625 1876 sive
648 1812 915 1878 introducantur
936 1812 1005 1875 sive
1021 1811 1248 1876 admittuntur
1264 1845 1282 1859 -
1300 1812 1486 1878 cuiuscum-

310 1957 376 2022 que
406 1938 541 2024 pencris
571 1941 631 2002 unt
662 1936 874 2011 conditionis,
901 1971 918 1984 -
946 1936 1082 2020 proinde
1110 1938 1205 2002 etiarn
1231 1936 1399 2002 Praelatos
1429 1957 1485 2002 seu

310 2063 485 2146 Episcopos
509 2063 562 2144 qui
585 2067 692 2126 nmen
712 2062 739 2125 si
762 2062 826 2126 sint
842 2059 1008 2128 Ordinarii
1032 2061 1104 2133 loci,
1121 2063 1168 2126 uti
1183 2061 1341 2134 duximus,
1359 2061 1485 2146 ingredi

310 2194 442 2272 possunt
471 2207 585 2253 sacrae
615 2188 807 2252 visitationis
837 2191 871 2251 et
900 2186 1101 2251 necessitatis
1131 2205 1229 2251 causa
1257 2221 1274 2234 -
1304 2206 1347 2250 ex
1378 2186 1484 2250 Const.

310 2313 407 2398 Greg.
426 2314 508 2376 Xlll
528 2311 727 2378 «Dubiis».
752 2311 859 2377 Ceteri
887 2317 994 2375 autern
1019 2311 1163 2377 Praelati
1187 2311 1307 2396 quaeis
1326 2310 1485 2393 praeful-

308 2441 410 2522 peout
428 2435 600 2522 dipuitute,
618 2435 728 2501 statuit
749 2433 867 2498 Bened.
884 2433 961 2503 XV,
984 2433 1018 2498 Ο.
1039 2433 1248 2500 Grauissim
1264 2433 1374 2497 unicui
1393 2452 1485 2499 ntoe·

308 2581 397 2633 rore,
410 2567 533 2629 tantum
546 2559 672 2645 ingredi
688 2566 820 2645 possunt
837 2580 879 2624 ex
895 2560 1087 2625 necessitate
1103 2560 1143 2624 de
1157 2560 1291 2626 licentia
1306 2559 1482 2626 Ordinarii.

310 2685 357 2753 Cf.
375 2686 484 2768 Caput
494 2685 584 2750 unic.
599 2684 652 2749 De
664 2688 754 2749 statu
764 2704 835 2769 rep.
848 2684 886 2749 in
898 2684 929 2748 6.
940 2718 955 2729 -
966 2683 1144 2748 Praeterea
1157 2705 1175 2745 t
1189 2682 1335 2749 cuiusuis
1346 2702 1481 2749 senus»

309 2812 382 2893 quia
406 2816 472 2877 tum
495 2828 610 2875 mares
631 2816 699 2874 tum
722 2807 894 2891 foeminae
915 2814 1069 2873 tenentur
1084 2810 1158 2894 lege
1176 2812 1358 2875 clausurae
1381 2809 1485 2892 quoad

308 2936 503 3000 monasteria
525 2934 727 3009 monialium;
753 2933 826 2999 dum
850 2936 1047 2999 monasteria
1065 2936 1212 2999 virorum
1228 2954 1335 2999 mares
1357 2933 1484 3019 ingredi

309 3080 372 3124 non
397 3058 609 3144 prohibentur
632 3079 650 3122 a
673 3059 747 3143 lege
771 3058 951 3124 clausurae.
970 3060 1112 3143 Denique
1131 3058 1312 3125 «cuiusuis
1327 3058 1482 3124 aetatis»

307 3185 381 3267 quia
403 3183 498 3248 etiam
516 3182 747 3266 impuberibus
763 3182 890 3267 ingredi
914 3202 979 3247 non
1002 3185 1052 3247 fas
1076 3190 1125 3247 est
1148 3184 1345 3250 monasteria
1360 3183 1483 3246 monia·

306 3308 394 3388 lium,
418 3326 482 3370 non
505 3308 581 3371 item
604 3304 803 3387 infantibus,
826 3304 859 3370 id
883 3311 932 3372 est
953 3306 1121 3390 septennio
1152 3305 1347 3381 minoribus;
1372 3325 1483 3389 quam·

307 3450 402 3515 quam
431 3430 576 3496 nonnulli
608 3430 671 3495 DD.
704 3435 737 3494 et
767 3430 827 3495 hos
856 3449 980 3514 poenae
1013 3429 1219 3505 submittant}
1249 3434 1284 3493 at
1313 3448 1484 3493 versamur

306 3557 338 3619 in
356 3555 449 3621 dubio
465 3556 552 3620 iuris.
571 3554 618 3620 of.
641 3554 846 3635 Thesaurus,
862 3554 912 3620 De
926 3554 1048 3638 poenis
1064 3555 1111 3619 ll.
1129 3574 1159 3619 υ.
1175 3554 1358 3634 clausura,
1375 3574 1403 3619 c.
1418 3555 1439 3620 1
1447 3554 1480 3619 V.

306 3680 414 3755 Quare
446 3698 509 3743 non
539 3680 617 3745 licet
648 3678 742 3744 hodie
774 3681 922 3764 recipere
953 3680 985 3743 in
1015 3681 1211 3744 monasterio
1242 3679 1386 3763 puellas,
1411 3679 1480 3743 sive

305 3804 451 3877 famulas,
468 3806 538 3869 sive
556 3803 750 3884 educandae,
767 3805 836 3869 sine
857 3804 986 3869 licentia
1002 3804 1074 3870 Sed.
1092 3807 1201 3889 Apost.
1219 3790 1261 3869 er
1277 3806 1482 3890 praescripto

306 3929 425 3993 Bened.
450 3930 542 4002 XIV,
568 3930 601 3995 C.
628 3929 696 3994 Per
719 3928 826 3994 binos.

394 4054 527 4117 Demum
557 4052 769 4118 subiiciuntur
800 4072 922 4138 poenae
955 4055 1163 4121 ‹Moniutes
1190 4061 1353 4122 eucuutes
1382 4060 1483 4121 cntra

305 4194 403 4242 ansus
435 4182 464 4241 et
495 4196 635 4243 sonuum
668 4195 690 4240 o
722 4176 756 4243 S.
781 4176 845 4243 Pio
878 4176 966 4241 Viu
999 4178 1109 4244 Consi.
1136 4213 1154 4227 -
1179 4180 1307 4246 Decem
1336 4215 1352 4228 -
1374 4197 1480 4263 prae-

304 4300 468 4383 scriptum
483 4323 513 4365 a.

396 4423 501 4490 Casus
524 4444 543 4487 a
566 4424 597 4489 S.
616 4424 675 4487 Pio
691 4424 722 4488 V
747 4426 926 4491 enumerati
950 4431 1039 4491 sunt:
1064 4427 1098 4513 a)
1118 4448 1268 4514 magnum
1286 4425 1478 4499 incendium,
