3350 5100
366 317 454 372 ousn
479 320 515 366 ns
540 320 673 374 ausano
698 323 875 371 vononins
898 324 1137 395 conrrussroa
1273 308 1334 373 681

144 439 321 507 procedendi
340 440 374 493 ad
391 441 560 495 mumntiam
579 442 719 497 absoluto·
774 459 847 510 oum,
866 460 929 513 pag.
949 446 1009 497 446.
1029 444 1068 497 cf.
1085 444 1212 503 Crimen.
1225 475 1237 486 ·
1250 448 1339 507 Quae-

145 510 227 564 riam
245 528 294 565 seu
313 508 569 566 condemnatoriam
588 513 720 569 adversus
775 532 839 569 nam
852 520 880 569 et
893 516 972 571 cuius
984 516 1140 570 durationis
1153 533 1258 585 pnenm
1270 517 1337 573 ferri

143 587 358 648 contumacem,
372 600 433 653 pag.
453 583 513 636 428.
533 611 546 623 -
567 587 589 637 Α
609 590 721 639 senten·
775 586 975 655 possunlbisce
988 588 1143 655 sententiis,
1158 604 1219 658 pag.
1233 588 1285 641 448
1298 606 1338 659 sq.

143 652 196 707 tia
216 654 412 709 contumaciali
433 671 487 709 non
504 654 586 708 datur
598 655 722 725 appella·
775 657 851 713 llaec
869 660 1010 713 sententia
1029 658 1073 714 rel
1093 660 1184 713 fertur
1203 661 1232 715 in
1251 661 1337 715 laicos

148 724 209 789 tio,
221 742 284 795 pag.
298 726 359 779 429.
372 754 409 769 -·-
421 726 461 781 De
472 727 622 781 sententiis
634 728 722 783 inter·
774 730 820 800 qui
831 730 944 784 arcendi
958 736 1024 785 sunt
1033 747 1051 783 a
1060 746 1140 785 sacra
1152 731 1339 797 ordinatione,

145 796 302 851 locutoriis
312 798 340 851 in
354 799 446 851 carreis
458 799 722 863 matrimonialibus,
775 818 838 870 pag.
858 802 926 869 4543
945 829 958 842 ·
980 802 1024 857 rel
1049 803 1138 856 fertur
1164 804 1191 855 in
1219 804 1340 859 clericos

147 884 220 937 pag.
233 869 286 921 5111
299 886 338 939 sq.
352 898 366 911 ·
380 869 524 931 Quomodo
541 870 607 924 sarri
620 871 722 925 debeat
775 873 861 926 etiam
886 882 1008 927 arctatos
1033 872 1067 927 ad
1092 874 1203 929 ordines
1228 875 1338 929 ratione

146 940 300 994 sententie
322 940 469 995 definitiva
492 942 520 993 in
545 942 638 995 causis
665 959 722 997 ma·
776 944 914 1010 beneficii,
927 946 993 998 ibid.
1006 972 1018 983 -
1032 947 1074 997 An
1094 950 1123 998 et
1142 946 1251 1015 quando
1270 947 1338 999 ferri

148 1011 243 1075 trina,
256 1028 318 1081 pag.
331 1012 393 1067 508.
406 1040 440 1053 -
453 1012 482 1065 ln
496 1013 621 1067 censorie
638 1014 723 1068 aliter
776 1016 864 1084 possit
874 1016 901 1068 in
912 1016 1029 1070 clericos
1042 1016 1194 1085 regulares,
1205 1032 1267 1085 pag.
1278 1017 1338 1071 455.

148 1081 318 1151 proceditur
330 1084 364 1137 ad
376 1084 544 1139 sententiam
558 1086 724 1139 condemno·
776 1116 786 1126 ·
801 1086 829 1140 lu
849 1086 971 1141 ferendis
983 1086 1027 1139 his
1039 1087 1187 1142 sententiis
1207 1089 1340 1157 praemit·

149 1155 270 1218 torimn,
280 1154 365 1210 aliter
374 1155 408 1208 ad
421 1158 649 1221 &curator-ium,
660 1172 721 1226 pag.
776 1158 860 1214 tende
879 1162 922 1213 est
940 1158 1084 1228 inquisitio
1097 1159 1227 1228 specialis
1238 1165 1268 1214 et
1280 1176 1342 1229 spe-

148 1226 184 1278 5l
197 1229 220 1278 l.
238 1255 251 1265 -
271 1226 309 1281 [le
327 1227 469 1281 sententia
487 1230 723 1295 condemnatoris,
776 1228 928 1283 cialissima
945 1230 978 1283 ad
998 1229 1223 1285 informationem
1236 1232 1339 1295 curiae,

149 1300 225 1352 ibid.
244 1313 284 1367 sq.
299 1325 313 1337 -
331 1296 405 1353 llaec
423 1300 514 1353 fertur
534 1305 647 1369 propter
666 1300 725 1354 cul·
776 1303 842 1355 ibid.
853 1310 914 1354 -an
925 1301 1066 1355 sententia
1076 1302 1226 1370 inscriptis
1236 1302 1341 1357 menda

151 1385 223 1436 pam
242 1384 358 1436 gravem
378 1387 432 1424 non
451 1370 567 1425 omnino
589 1372 724 1441 praeteri·
777 1372 824 1437 eit,
844 1389 905 1441 pag.
925 1373 986 1426 456.
1001 1401 1012 1413 ·
1030 1372 1171 1433 Quaenam
1192 1373 1342 1441 prudenter

150 1448 227 1506 mm,
244 1441 311 1495 ibid.
325 1470 339 1482 ·
353 1440 383 1494 ln
401 1442 514 1510 seriptis
530 1442 725 1497 denuncianda
777 1444 961 1513 significanda
973 1444 1031 1499 sint
1044 1445 1071 1497 in
1085 1442 1136 1497 hac
1149 1445 1291 1499 sententia
1304 1450 1342 1509 et,

101 1560 112 1573 ,
151 1516 211 1575 est,
232 1528 294 1580 pag.
307 1512 369 1565 513.
382 1542 396 1553 ·
411 1512 450 1565 De
469 1516 611 1568 sententia
630 1515 726 1568 decla·
778 1516 807 1570 in
826 1516 986 1585 primissa
1005 1514 1196 1569 denuncianda
1208 1517 1246 1570 sit
1258 1532 1342 1571 cauea

150 1587 269 1637 raterio
281 1600 424 1648 censurae,
441 1599 503 1653 pag.
515 1585 569 1639 514
581 1603 621 1655 sq.
634 1615 645 1627 ·
658 1587 726 1639 Sen-
778 1587 977 1655 suspensionis,
990 1586 1055 1641 ibid.
1073 1614 1086 1627 ·
1105 1588 1148 1641 Ab
1161 1584 1213 1641 hac
1232 1592 1343 1643 senten·

152 1654 251 1709 tentia
272 1656 465 1710 declaratorio
483 1656 512 1710 in
531 1658 644 1726 scriptis
663 1672 726 1727 pro-
779 1657 820 1712 tia
848 1658 925 1711 nulla
953 1658 1087 1725 competit
1114 1658 1268 1727 appellatio
1294 1658 1341 1713 sed

151 1725 273 1780 ferenda
299 1733 343 1781 est
372 1728 424 1781 nisi
460 1726 537 1781 aliud
567 1728 726 1797 expostulet
778 1733 889 1783 tentum
908 1727 1087 1784 recursnsad
1101 1728 1128 1781 S.
1142 1729 1342 1798 Apostolicam,

153 1798 324 1864 necessitas,
345 1815 407 1867 pag.
426 1800 490 1854 515.
507 1828 522 1841 ·
540 1801 565 1853 A
583 1800 726 1855 sententia
779 1815 843 1869 pag.
862 1802 922 1855 457.
936 1799 1015 1855 -Sed
1034 1800 1214 1868 appellationi
1235 1802 1344 1855 ordina-

154 1869 352 1924 decloretorie
365 1871 725 1941 appellatorcomutroque
779 1873 837 1926 riae
856 1876 900 1927 est
919 1871 997 1927 locus
1016 1872 1039 1924 si
1058 1870 1155 1942 aliqua
1173 1873 1262 1925 subsit
1275 1872 1344 1925 inci·

153 1941 277 2005 effectu,
296 1957 359 2010 pag.
378 1943 440 1997 516.
460 1970 475 1982 ·
495 1942 637 2003 Quomodo
662 1942 726 2013 quis
779 1942 901 1999 dentalis
919 1959 1012 2007 causa,
1030 1944 1095 1997 ibid.

154 2017 316 2081 exequatur
333 2012 502 2068 sententiam
522 2014 616 2068 Sancti
636 2013 725 2067 Officii

154 2085 188 2136 in
207 2084 400 2149 sollicitantes,
419 2101 482 2153 pag.
501 2086 555 2139 560
573 2103 613 2156 sq.
836 2087 989 2155 Sepultura
1014 2086 1211 2140 ecclesiastico.
1239 2113 1276 2126 -
1304 2084 1344 2137 Ea

780 2158 927 2225 privantur
948 2155 1114 2220 duellantes,
1133 2173 1194 2226 pag.
1214 2156 1257 2219 76,
1281 2186 1294 2197 ·
1315 2163 1344 2209 st
1367 2178 1368 2183 ¹

217 2225 359 2279 Sententia
372 2244 408 2281 eo
420 2228 574 2298 informato
586 2229 726 2282 narracion-
800 2230 827 2281 ui
842 2230 872 2281 in
885 2229 1086 2282 torneamentis
1105 2232 1210 2283 temere
1229 2242 1346 2296 congre·

157 2300 207 2350 tio.
221 2295 429 2352 -Necessitas
447 2298 595 2353 inducendi
612 2296 726 2369 aliquod
779 2244 903 2367 liuntur,
923 2316 985 2368 pag.
1005 2300 1048 2351 77.

155 2368 313 2423 remedium
332 2369 367 2423 ad
385 2370 584 2439 compescenda
600 2371 728 2433 erimina,

156 2444 272 2495 attenta
285 2456 378 2494 rernm
391 2442 521 2501 veritate.
533 2443 661 2512 quamvis
673 2441 728 2494 ista
836 2442 943 2497 Sermo.
954 2470 988 2483 -
1002 2440 1126 2501 Quonam
1140 2456 1267 2495 sermone
1280 2456 1346 2494 exa-

158 2512 274 2581 probari
285 2526 340 2566 non
355 2513 461 2580 possint
471 2515 653 2579 iudicialiter,
663 2528 727 2583 pag.
782 2512 868 2568 randa
887 2518 952 2567 sunt
979 2518 1035 2567 tum
1062 2520 1126 2568 acta
1150 2528 1266 2577 causae,
1284 2516 1344 2566 tum

158 2583 216 2637 436
237 2601 278 2654 eq.
303 2613 320 2623 -
344 2583 421 2645 Quod
445 2586 606 2646 remedium,
630 2590 727 2654 utpote
781 2589 845 2639 acta
864 2584 959 2638 iudicii
978 2585 1007 2638 in
1026 2585 1116 2638 causis
1135 2583 1347 2638 matrimoniali-

159 2654 377 2709 extraiudiciale
401 2662 445 2711 est
467 2657 728 2721 extraordinarium,
781 2659 841 2721 bus,
862 2673 924 2724 pag.
943 2655 1006 2710 508.

161 2733 194 2780 et
212 2731 331 2780 vocatur
349 2729 492 2782 sententia
510 2745 545 2783 ex
562 2729 611 2782 ini.
626 2742 729 2791 conse,
1286 2781 1289 2788 .

161 2813 227 2866 pag.
247 2797 307 2850 438.
327 2827 341 2840 ·
360 2799 442 2852 (lonc.
463 2799 537 2852 Trid.
561 2800 614 2854 boc
639 2814 729 2853 reme·
838 2799 969 2852 Simonis.
981 2824 1017 2840 ·-
1031 2797 1159 2852 Aroenda
1172 2801 1215 2852 est
1233 2796 1347 2849 omnino

160 2869 241 2922 dium
269 2869 379 2924 induxit
407 2886 454 2939 per
479 2871 671 2925 extensionem
699 2870 728 2922 in
780 2869 1068 2925 acollationeetusu
1085 2885 1177 2924 rerum
1196 2882 1347 2932 sacrarum,

160 2940 282 2994 clericos
300 2942 464 2997 ementem
479 2942 643 3011 disciplinae
662 2946 729 2995 tunc
783 2957 845 3012 pag.
868 2942 903 2994 27
928 2958 967 3011 sq.
985 2969 999 2982 ·
1018 2939 1088 3000 Quid
1113 2940 1161 3004 sit,
1186 2955 1248 3008 pag.
1274 2937 1317 2990 28.
1335 2965 1349 2978 ·
1373 2991 1380 3008 ,

161 3011 287 3080 vigentis
307 3018 416 3066 tantum
435 3013 464 3068 in
483 3013 600 3068 clericos
614 3013 729 3083 repule-
783 3013 851 3066 Eius
872 3012 1021 3078 obiectum,
1042 3027 1103 3081 pag.
1128 3011 1170 3064 29.
1189 3039 1202 3050 -
1221 3009 1286 3063 Alia
1303 3015 1347 3063 eet

161 3100 220 3149 res,
238 3084 304 3137 ibid.
316 3111 331 3126 ·
345 3084 394 3138 Est
407 3085 519 3154 quidam
539 3101 681 3154 regressus
700 3084 729 3136 in
782 3084 852 3137 iuris
870 3083 968 3149 divini,
986 3081 1043 3136 alia
1065 3080 1264 3142 ecclesiastici,
1285 3095 1347 3148 pag.

162 3153 561 3226 disciplinam-antiquiorem,
584 3172 646 3225 pag.
669 3153 729 3208 439.
782 3155 826 3209 30.
843 3184 857 3195 -
876 3158 899 3208 Α
919 3155 1020 3226 quibus
1047 3155 1129 3208 rebus
1153 3151 1348 3222 spiritualibus

164 3255 179 3267 ·
197 3225 369 3281 larrsenistae
389 3244 534 3296 perperam
548 3229 731 3297 impetierunt
783 3231 827 3281 est
845 3226 973 3289 arcenda,
993 3241 1055 3294 pag.
1074 3224 1118 3278 31.
1136 3223 1288 3347 -Utraque
1305 3228 1349 3276 est

165 3297 321 3352 manniae
345 3314 380 3353 ex
404 3299 515 3354 inform.
541 3316 648 3364 conec,
667 3313 731 3378 paga
784 3302 834 3351 aut
846 3298 985 3361 mentalis,
997 3300 1047 3349 aut
1060 3295 1244 3350 conventione
1258 3303 1349 3360 1s,aut

166 3367 227 3421 440.
247 3398 260 3411 -
279 3368 437 3439 Scriptores
454 3371 589 3425 catholici
615 3371 731 3423 dirersi-
785 3368 880 3433 realis,
900 3373 950 3423 aut
970 3367 1067 3428 mixta,
1087 3383 1148 3436 pag.
1168 3367 1211 3418 32.
1230 3365 1350 3418 -Simo-

167 3439 246 3494 mode
265 3440 443 3510 interpretati
463 3446 528 3496 sont
547 3447 654 3496 textum
667 3441 732 3494 sub-
784 3441 848 3494 niae
867 3438 1089 3494 conventionalis
1107 3437 1213 3506 species
1230 3441 1273 3492 est
1285 3451 1350 3488 con·
1411 3489 1414 3495 ,

167 3525 296 3564 oscorum
319 3511 403 3566 Cone.
423 3513 497 3566 Trid.
522 3514 557 3568 de
581 3513 633 3568 hac
658 3511 732 3581 lege,
785 3511 937 3566 fidentialis
961 3511 995 3564 ib.
1016 3539 1030 3550 ·
1054 3508 1124 3570 Quid
1150 3507 1219 3562 haec
1247 3507 1350 3562 babeat

169 3583 235 3636 ibid.
246 3600 286 3654 sq.
298 3613 309 3622 ·
321 3583 486 3654 Explicatur
497 3595 644 3640 contectus
656 3582 731 3637 Trid.
784 3582 907 3651 speciale
926 3581 1016 3653 quoad
1036 3596 1139 3650 poenm
1162 3578 1350 3660 incurrendae,

111 3691 120 3704 .
167 3654 272 3708 decreti
292 3654 320 3706 in
339 3671 423 3710 sensu
442 3656 572 3722 litterali,
592 3673 653 3725 pag.
667 3654 730 3708 441.
786 3670 849 3723 pag.
869 3653 912 3706 34.
930 3681 943 3694 -
961 3651 1085 3706 Simonia
1111 3667 1165 3705 non
1192 3650 1350 3704 admittitur

168 3724 354 3780 -Adhibenda
364 3732 407 3781 est
415 3729 515 3781 stricta
527 3725 732 3796 interpretatio,
785 3725 896 3795 quando
914 3726 1017 3778 bonum
1037 3723 1184 3792 spirituale
1196 3728 1226 3776 et
1245 3729 1352 3789 tempo-

167 3798 233 3850 ibid.
246 3825 257 3836 ·
270 3795 413 3857 Quomodo
431 3799 582 3854 inoleverit
600 3796 733 3852 hodierna
787 3797 845 3851 rate
865 3797 912 3850 uni
931 3793 1074 3864 eidemque
1094 3793 1211 3858 accedit,
1232 3809 1293 3861 pag.
1307 3791 1350 3844 38.

168 3867 359 3922 denominatio
377 3873 532 3926 sententiae
556 3887 592 3923 ex
616 3873 732 3940 inform.
784 3897 798 3908 ·
816 3865 1009 3921 Committitor
1027 3865 1146 3918 simonia
1171 3881 1256 3935 quum
1282 3869 1352 3917 tern-

170 3955 269 4002 cenec..
289 3953 352 4009 pag.
372 3941 432 3995 442.
453 3969 466 3982 -
487 3941 527 3995 Ad
547 3957 630 4012 quarn
651 3939 734 3995 eden·
787 3938 883 4008 porale
902 3938 984 3993 datur
1004 3943 1136 4006 tanquam
1153 3936 1288 3990 motivum
1302 3939 1351 3986 aut

170 4010 233 4062 mm
251 4012 465 4080 expostulentur
484 4013 661 4082 probationes
677 4009 734 4064 effi·
786 4017 921 4080 tanquam
940 4009 1066 4078 gratuita
1084 4007 1285 4076 compensatio,
1302 4011 1352 4086 aut

170 4097 249 4136 caess
267 4082 297 4136 in
319 4086 384 4153 foro
410 4095 541 4150 esterno,
559 4086 625 4138 ibid.
643 4111 658 4124 ·
675 4081 734 4134 Hae
789 4080 943 4150 temporale
962 4087 1005 4134 est
1023 4079 1087 4132 finis
1107 4078 1194 4148 ipsius
1213 4079 1252 4133 rei
1272 4093 1353 4146 spiri-

170 4155 327 4209 sententiae
340 4156 469 4210 teruntur
482 4155 734 4226 proptercrimine,
787 4152 887 4218 tualis,
906 4156 937 4204 ut
956 4155 1034 4219 patet
1059 4151 1088 4204 in
1116 4149 1351 4219 propositionibus

171 4239 224 4277 non
250 4233 365 4294 propter
388 4227 489 4282 Clerici
517 4228 734 4297 incapacitatem
786 4223 926 4278 damnatis
944 4224 979 4275 ab
1001 4221 1057 4274 lun.
1072 4221 1120 4286 111,
1138 4223 1198 4276 rb.-
1211 4221 1351 4288 Principia

169 4312 218 4349 seu
244 4295 471 4366 inidoneitatem,
491 4316 554 4369 pag.
573 4298 634 4352 443.
659 4325 670 4338 -
697 4299 735 4349 nt
786 4313 859 4366 quae
872 4293 1051 4349 moderentur
1063 4293 1210 4346 simoniam
1227 4292 1295 4345 iuris
1308 4306 1353 4371 ec·

170 4367 317 4423 dummxat
335 4375 449 4439 propter
466 4373 574 4425 crimen
587 4370 735 4433 cumbum,
787 4362 1250 4436 elesiastici‚quaesstvetitaquia
1261 4361 1353 4431 probr-

171 4439 235 4494 ibid
255 4457 294 4509 sq.
313 4472 324 4484 ·
344 4457 398 4496 non
417 4458 484 4496 vero
510 4447 623 4511 propter
646 4437 737 4509 publi·
787 4439 856 4504 bita,
870 4436 934 4492 hinc
947 4441 1056 4491 tantum
1070 4436 1099 4490 in
1113 4435 1223 4489 casibus
1241 4449 1354 4502 expres-
