3350 5100
404 356 448 401 on
472 354 611 402 romeus
636 353 879 403 onrnrnnmaos
904 355 940 402 1n
963 355 1080 402 arnoia
1262 336 1329 404 435

140 480 290 544 maxime
315 477 428 544 iudicis
450 481 590 544 animum
623 497 756 544 movere
785 483 861 544 nata
890 483 975 555 sunt,
1007 481 1135 544 reticito
1157 486 1191 545 et
1213 481 1327 554 celato,

138 610 304 689 quantum
327 603 399 670 deri
423 609 536 690 potest,
561 609 595 670 et
618 607 724 694 prouti
756 624 891 670 necesse
915 608 973 678 est,
997 604 1195 689 probationis
1223 606 1327 688 fonte.

238 730 314 796 380.
340 730 384 795 At
407 731 593 796 canonistas
616 729 727 795 sedulo
747 729 912 796 disserunt
926 729 965 796 de
982 730 1136 814 requisito
1151 729 1327 812 infamiae,

139 874 232 939 quaa
254 853 430 940 praecedat
444 859 572 940 oportet
585 854 853 939 inquisitionem
869 853 909 920 ad
925 854 1160 940 praescriptum
1176 872 1250 936 cop.
1268 853 1328 928 24,

143 981 198 1046 Dc
213 999 324 1048 mous.
339 981 373 1044 X
387 980 442 1064 (V,
457 979 499 1058 ll.
517 980 717 1046 Recolantur
732 998 815 1064 quae
831 979 1009 1065 supralata
1025 979 1186 1066 explicavi
1201 999 1234 1044 n.
1250 980 1327 1054 150;

140 1113 178 1172 et
193 1106 260 1172 huc
273 1105 454 1172 referentes
467 1111 642 1190 conceptus
655 1105 842 1189 explicatos,
855 1103 1063 1178 advenimus,
1077 1106 1218 1170 maxime
1229 1124 1327 1189 quum
1455 1098 1459 1106 ’

142 1227 337 1316 proceditur
366 1229 483 1295 iudicio
513 1230 626 1296 abiete
657 1229 869 1312 inquisitorio‚
897 1227 1140 1294 adhaerendum
1163 1249 1236 1295 esse
1258 1230 1330 1295 iuri

142 1353 312 1436 naturali,
335 1372 452 1438 nempe
480 1372 573 1437 posse
598 1353 773 1417 instaurari
799 1371 985 1440 processum
1010 1355 1105 1418 etiam
1130 1352 1169 1418 de
1193 1353 1330 1419 crimine
1463 1437 1468 1444 Ι

141 1481 287 1552 occulto,
312 1499 369 1545 seu
393 1479 481 1544 nulla
505 1477 721 1563 praecedente
735 1477 893 1561 infamio,
918 1479 1180 1563 quotiescumque
1203 1479 1328 1545 crimen

142 1605 355 1672 iudicialiter
371 1604 502 1690 probari
519 1605 626 1690 possit.
645 1603 707 1670 Sed
724 1603 859 1689 probato
875 1605 1021 1686 crimine,
1038 1603 1121 1688 quod
1138 1607 1256 1670 natura
1270 1625 1329 1670 sua

143 1747 249 1814 usque
274 1729 442 1795 occultum
472 1747 606 1793 manere
636 1733 754 1813 posset,
781 1745 847 1811 non
870 1732 920 1793 est
942 1726 1165 1794 condemnatio
1193 1726 1327 1803 edenda,

141 1871 230 1935 quae
246 1853 371 1917 crimen
387 1852 503 1937 prodat
517 1856 551 1919 et
564 1851 813 1935 delinquentem,
827 1853 889 1916 nisi
906 1851 969 1917 boo
985 1851 1168 1937 expostulat
1183 1856 1329 1918 extraor-

142 1977 276 2042 dinaria
300 1978 441 2042 conditio
465 1977 539 2042 boni
562 1976 691 2062 publici.

239 2102 315 2167 381.
340 2101 435 2167 Edita
458 2108 564 2169 autem
589 2103 750 2167 sententia
772 2120 837 2165 non
861 2100 911 2166 fas
927 2106 976 2166 est
999 2100 1163 2186 denegare
1185 2101 1327 2187 appella-

143 2230 269 2293 tionem
294 2228 354 2293 uisi
385 2247 541 2315 expresse
571 2228 635 2293 boc
665 2227 885 2314 praecipiatur
907 2247 928 2290 a
950 2229 1022 2292 iure
1049 2228 1196 2311 positivo,
1226 2228 1272 2293 uti
1295 2229 1329 2292 in

143 2370 255 2416 emesa
278 2351 428 2416 haeresis
451 2369 521 2435 arg.
546 2369 615 2436 cap.
654 2350 693 2416 Ut
715 2348 944 2434 inquisitionis
969 2385 986 2398 ·
1012 2350 1061 2415 De
1085 2350 1210 2416 boaret.
1234 2349 1272 2449 ia
1295 2351 1327 2415 6.

145 2478 218 2540 lmo
250 2495 288 2541 oo
320 2447 435 2542 lortius
465 2483 561 2564 urget
591 2481 799 2563 praeceptum
828 2477 909 2541 iuris
943 2475 1100 2541 naturalis
1130 2474 1327 2562 indulgentis

144 2598 343 2683 praesidium
371 2599 597 2685 appellationis
621 2618 683 2683 quo
707 2600 811 2664 minus
835 2598 932 2684 plena
959 2616 1017 2663 reo
1040 2597 1128 2664 tacta
1157 2603 1207 2664 est
1235 2599 1329 2684 copia

140 2722 355 2789 defensionis.
381 2722 580 2797 Quibusnam
611 2724 644 2787 in
674 2724 811 2809 negotiis
843 2700 1053 2788 concedenda
1082 2723 1125 2787 sit
1154 2722 1328 2809 appellatio

143 2871 221 2916 curn
245 2846 363 2915 effectu
386 2854 510 2915 tanturn
531 2849 721 2915 desolative
745 2867 845 2934 supra
867 2847 1014 2914 vidimus.

238 2974 314 3041 382.
339 2976 376 3040 In
402 2973 518 3040 iudicio
541 2973 765 3060 appellationis
788 2972 885 3039 iudici
909 2974 956 3039 ad
977 2992 1079 3058 quam
1108 2992 1220 3039 omnes
1247 2992 1327 3058 pan·

142 3098 274 3167 dandae
290 3105 365 3164 sunt
380 3098 586 3184 probationes
607 3100 744 3185 integre,
761 3100 867 3183 prouti
885 3100 1093 3164 continentur
1115 3099 1148 3161 in
1172 3096 1327 3163 fasciculo

142 3229 304 3290 actorum.
323 3222 425 3288 ludex
440 3224 526 3289 enirn
550 3223 775 3311 appellationis
790 3221 822 3286 id
838 3223 872 3286 in
895 3222 1008 3306 primis
1030 3221 1211 3287 decernere
1234 3220 1329 3287 debet

143 3367 189 3413 an
211 3348 363 3431 inquisito
393 3346 605 3412 condemnato
635 3344 798 3412 sufficiens
820 3346 908 3412 facta
930 3346 972 3411 sit
993 3346 1087 3431 copia
1112 3344 1326 3420 defensionis3

108 3550 111 3557 1
143 3471 265 3537 deinde
287 3491 330 3536 an
353 3472 515 3537 sententia
538 3470 820 3538 condemnatoris
851 3472 951 3535 cerlis
981 3470 1141 3534 innitatur
1166 3468 1327 3554 probatio-

146 3597 250 3663 nibus.
267 3598 360 3671 Item,
377 3598 514 3662 servatis
530 3595 702 3661 ordinariis
713 3595 846 3681 regulis,
859 3614 924 3659 non
936 3593 1150 3680 prohibentur
1165 3594 1199 3657 in
1211 3592 1327 3659 iudicio

144 3722 386 3805 appellationis
402 3720 575 3786 ulteriores
591 3719 807 3805 probationes.
821 3718 955 3793 Quoties
969 3718 1049 3785 vero
1062 3717 1108 3803 (et
1121 3718 1186 3783 hoc
1201 3717 1328 3783 adverti

145 3845 254 3927 debet)
277 3845 375 3911 iudex
398 3865 420 3910 a
443 3865 510 3931 qao
534 3846 627 3911 timet
649 3864 689 3909 ne
711 3843 796 3929 apud
814 3824 1099 3928 Metropolitanum
1122 3862 1176 3907 ras
1199 3846 1327 3908 secreto

145 3976 238 4057 gesta
261 3971 443 4057 mulgetur,
461 3969 667 4037 denunciabit
682 3969 858 4055 appellanti
881 3970 965 4055 quod
982 3971 1051 4055 ipse
1066 3974 1140 4035 acta
1155 3988 1327 4054 processus

144 4098 271 4161 tantum
288 4078 484 4160 transmittet
499 4094 538 4157 ad
556 4094 587 4159 S.
604 4092 719 4159 Sedem
737 4112 809 4159 eum
825 4094 1019 4159 necessariis
1043 4090 1325 4158 declarationibus.
