3350 5100
398 378 442 424 nu
466 377 605 424 runicus
629 377 872 425 cniumsmuus
898 377 933 422 m
959 377 1076 424 suumn
1262 359 1326 426 517

234 501 308 564 499.
334 500 469 564 Demum
492 499 616 566 duobus
640 501 673 564 in
697 499 825 565 casibus
849 505 917 564 tum
943 501 974 564 iu
994 501 1195 587 lmopandis
1210 507 1278 568 tum
1296 504 1326 566 in

140 625 364 691 declarandis
387 626 536 690 censuris
559 624 746 709 posthaberi
764 631 869 709 potest
885 643 1106 709 quaecumque
1122 627 1328 694 lorma'iudi·

145 749 261 830 cialis5
277 770 335 816 seu
361 750 392 831 l)
413 751 445 814 in
470 770 548 816 casu
571 750 791 831 notoriclalis,
815 751 850 834 2)
870 753 902 816 in
927 771 1004 816 cusu
1029 752 1199 838 lepilimce
1215 752 1328 834 defen·

140 874 257 946 sicem
282 874 356 938 dum
380 875 430 939 uis
453 875 487 940 ci
509 875 700 958 repellitur.

232 998 344 1074 Quoad
362 1000 520 1082 primum
551 999 719 1066 dumtaxat
746 999 921 1064 recolimus
944 999 1111 1084 vulgatum
1135 995 1266 1065 effetum
1290 1001 1327 1066 in

142 1123 286 1188 nator-iis
307 1123 405 1189 nulla
424 1123 606 1206 probatio;
629 1128 662 1189 et
684 1123 899 1188 conferuntur
923 1123 985 1186 ium
1011 1121 1106 1188 dicta.

233 1245 346 1322 Quoad
368 1247 558 1312 secundum
580 1246 801 1332 perpendatur
832 1247 1008 1312 necessitas
1037 1247 1181 1332 legitime
1212 1247 1325 1314 defen·
1385 1286 1388 1297 ·

142 1371 241 1434 sionis
258 1371 290 1434 in
306 1370 375 1454 ipso
391 1368 497 1435 iudice
516 1371 580 1454 qui.
598 1364 839 1436 dumiudicium
857 1375 1002 1446 exercet,
1027 1371 1197 1455 experitur
1212 1377 1289 1439 cont
1313 1410 1323 1418 -

143 1495 279 1559 maciem
295 1493 408 1559 clerici
421 1494 530 1560 verbis
542 1496 705 1561 iniuriosis
720 1500 752 1560 ot
768 1494 975 1561 calumniosis
988 1497 1170 1581 impetentis
1183 1495 1324 1562 eiusdem

143 1617 256 1684 iudicis
287 1619 511 1684 auctoritatem
543 1624 577 1686 et
612 1619 728 1684 bonum
760 1619 890 1684 famam.
921 1619 1040 1692 Iudex,
1065 1621 1097 1684 in
1129 1621 1323 1688 continenti.

139 1743 347 1807 severissime
370 1745 518 1828 coarguit
542 1744 698 1810 clericum
718 1743 872 1828 illumque
888 1743 1054 1829 suspendit
1069 1763 1092 1810 a
1107 1743 1231 1812 divinis
1247 1764 1323 1828 quo·

142 1887 244 1952 usque
266 1886 331 1932 uon
355 1869 586 1933 retractaverit
617 1868 753 1935 dicteria
776 1875 809 1935 et
832 1887 1011 1954 congruam
1041 1868 1167 1934 dederit
1197 1869 1322 1935 satisfu-

142 1989 292 2054 ctionem.
312 1989 404 2053 Tunc
425 1990 592 2075 irrogatur
615 2009 756 2056 censure
777 1989 898 2074 ubsque
922 1990 988 2056 ullo
1011 1989 1125 2054 ordine
1147 1989 1302 2056 iudiciali
1308 2011 1322 2074 ‚·

141 2113 281 2195 itemque
293 2131 359 2176 uon
375 2114 479 2177 minus
492 2113 642 2198 expedite
655 2114 903 2193 declararetur,
916 2131 1088 2178 censuram
1102 2112 1201 2177 fuisse
1218 2114 1321 2179 incur·

142 2255 221 2309 sum,
238 2236 264 2300 si
284 2238 317 2300 in
333 2238 436 2321 ipsum
459 2236 597 2302 iudicem
618 2239 743 2303 crimen
767 2237 881 2303 inisset
903 2237 1076 2302 admissum
1100 2237 1322 2303 secumforens

140 2361 215 2443 ipso
229 2358 321 2442 farlo
337 2380 517 2428 censuram.
534 2365 599 2428 leta
613 2362 734 2428 diserte
750 2361 836 2428 iubet
852 2381 923 2447 cap.
940 2363 970 2434 6,
985 2362 1035 2428 De
1049 2367 1131 2428 sent.
1145 2379 1218 2428 eac.
1234 2363 1272 2429 in
1287 2364 1320 2428 6.
