3350 5100
317 270 382 335 118
840 289 923 336 rans
947 289 970 334 1.

315 411 424 475 Oonst.
442 429 599 495 expresse
614 407 820 474 confirmarit
836 410 933 474 Cone.
952 409 1039 474 Trid.
1064 427 1142 474 sess.
1167 408 1218 483 14,
1244 429 1271 474 c.
1296 409 1320 474 6
1349 412 1495 476 statuens

314 553 435 618 poenas
459 535 679 619 suspensionis
702 540 735 600 et
758 535 947 620 privationis
970 534 1011 600 ab
1034 534 1148 598 ordine
1172 539 1204 598 et
1228 531 1334 598 officio
1355 539 1387 597 et
1401 533 1496 598 bene

314 656 388 722 licio
412 663 521 723 tamen
543 658 607 738 fer.
623 663 706 722 seat.
726 693 743 706 -
761 658 871 723 Sixtus
887 658 917 722 V
934 657 1043 722 Consi.
1063 676 1081 719 ‹
1102 654 1185 722 &im
1201 662 1493 723 sacrosanctam»

316 780 340 845 9
362 783 437 846 Ian.
458 781 549 846 1589
565 781 666 846 edixit
680 786 803 848 vestem
820 782 1001 848 totorema
1017 781 1146 845 clericis
1162 779 1297 852 deferri,
1315 780 1409 845 editis
1424 799 1496 865 gra·

313 905 454 968 vissimis
477 906 589 988 poenis
604 906 625 969 t.
642 924 679 973 a..
695 923 775 987 quas
797 911 905 968 tamen
931 909 1050 987 poenas
1072 905 1141 987 ipse
1164 902 1274 968 Sixtus
1293 903 1322 965 V
1339 903 1494 988 mitigaviI

314 1029 379 1092 alia
402 1028 509 1095 Const.
531 1051 551 1090 c
566 1027 789 1094 Poatoratis»
808 1027 852 1094 31
876 1029 951 1092 Ion.
975 1027 1077 1108 1589,
1093 1033 1126 1092 et
1144 1025 1263 1091 Bened.
1284 1027 1365 1090 XIII
1385 1026 1494 1092 Const.

317 1176 336 1212 ‹
355 1152 450 1217 Goth.
475 1151 649 1219 Ecclesiae
663 1175 682 1214 »
707 1153 734 1218 2
756 1153 844 1217 Maii
867 1151 969 1218 1725.
994 1151 1058 1218 Sed
1087 1171 1163 1216 usus
1193 1149 1288 1216 hodie
1318 1169 1401 1235 pene
1424 1151 1495 1216 uni·

315 1278 460 1349 versalis,
474 1285 507 1342 et
521 1278 599 1342 hinc
609 1278 772 1364 legitimus
784 1279 1019 1362 interpretatus
1031 1282 1081 1342 est
1092 1277 1196 1362 legem
1210 1277 1379 1349 Sixtinam,
1394 1296 1497 1360 quare

314 1405 364 1467 ins
387 1422 557 1467 commune
579 1421 651 1468 noa
672 1403 839 1485 scriptum
855 1404 1024 1487 praecipit,
1041 1407 1164 1467 uestem
1181 1401 1327 1466 talarem
1349 1401 1497 1466 deleren-

314 1527 386 1591 dam
411 1546 482 1591 esse
506 1529 540 1590 in
562 1527 708 1609 publicis
730 1532 763 1592 et
784 1527 894 1592 sacris
917 1526 1145 1591 functionibus.
1164 1525 1211 1590 Ol.
1230 1525 1395 1592 Benedicti
1412 1527 1496 1592 XIV

316 1653 547 1720 Institutioces
573 1655 698 1719 Erotes.
730 1653 784 1724 21,
816 1651 875 1728 34,
909 1653 958 1718 71.
993 1655 1030 1716 In
1063 1654 1182 1718 ceteris
1212 1671 1292 1716 vero
1321 1652 1446 1718 actibus
1477 1673 1497 1716 a

314 1776 547 1842 consuetudine
570 1781 604 1841 et
624 1796 645 1840 a
666 1775 792 1862 legibus
821 1777 1024 1840 dioecesanis
1047 1775 1099 1839 vel
1124 1775 1375 1860 provincIalibus
1404 1796 1497 1841 assu-

315 1901 431 1967 menda
446 1908 495 1967 est
510 1906 603 1967 certa
614 1901 792 1985 disciplina,
805 1921 901 1985 quarn
914 1901 1054 1966 clericus
1069 1904 1223 1984 sequatur
1239 1902 1272 1965 in
1288 1921 1347 1966 usu
1363 1899 1497 1967 babitus

314 2026 493 2092 clericatis.

383 2150 494 2225 Quoad
513 2169 655 2233 poenas,
673 2151 706 2213 in
721 2151 836 2235 primis
856 2169 936 2233 prae
959 2149 1060 2214 oculis
1083 2148 1243 2214 habeatur
1266 2169 1381 2216 canon.
1407 2149 1495 2214 Trld.

314 2277 377 2342 loc.
401 2275 454 2341 cit.
482 2274 605 2346 iubens,
630 2282 665 2340 ut
691 2296 710 2335 a
725 2274 966 2339 ecclesIasticae
996 2293 1171 2357 personae,
1203 2279 1497 2359 quantumcumque

315 2403 496 2484 exemptae,
522 2419 605 2483 qnae
620 2406 677 2464 ant
690 2400 728 2464 in
743 2399 852 2464 saeta
866 2397 1000 2470 fuerint,
1017 2403 1075 2462 aut
1090 2399 1272 2483 dignitates,
1294 2405 1497 2484 personatus,

314 2524 421 2593 officia
443 2530 498 2591 aut
520 2523 679 2591 beneficia
702 2524 948 2609 qualiacumque
979 2525 1199 2590 ecclesiastica
1230 2524 1447 2599 obtinuerint,
1471 2525 1497 2591 si

315 2658 539 2735 posteaquam
555 2649 597 2715 ab
613 2651 771 2736 Episcopo
787 2670 846 2714 suo
863 2650 958 2714 etiam
974 2668 1034 2734 per
1050 2649 1188 2714 edictum
1206 2649 1366 2734 publicum
1383 2651 1497 2714 monili

316 2777 448 2856 luerint,
472 2776 643 2842 honestum
667 2775 812 2840 habitum
836 2774 1033 2847 clericalem,
1058 2774 1187 2838 illorum
1212 2773 1317 2840 ordini
1341 2778 1373 2839 et
1397 2774 1499 2860 digni·

314 2901 373 2963 tati
397 2905 640 2985 congruentem,
666 2904 698 2963 et
723 2899 823 2967 tuero
853 2898 961 2980 ipsius
994 2898 1154 2980 Episcopi
1183 2898 1437 2965 ordinationem
1466 2904 1498 2965 et

314 3023 522 3087 mandatum
544 3042 615 3088 non
637 3022 828 3103 detulerint,
854 3042 914 3107 per
936 3022 1177 3105 suspensionem
1200 3020 1240 3086 ab
1264 3020 1440 3094 ordinibus,
1457 3042 1497 3087 ac

315 3144 421 3209 officio
445 3151 478 3210 et
499 3144 666 3219 beneficio,
691 3167 730 3211 ac
753 3146 924 3227 fructibus,
948 3145 1104 3211 reditibus
1128 3152 1160 3209 et
1183 3144 1392 3231 proventibus
1417 3148 1497 3232 ipso

317 3265 747 3343 1·nmbeneflciornm;nec
771 3289 835 3333 non
859 3270 900 3341 si,
932 3269 1033 3334 semel
1057 3268 1218 3353 correpti,
1247 3267 1353 3333 denuo
1376 3270 1409 3332 in
1433 3268 1497 3333 hoc

315 3392 520 3476 deItqnerint,
545 3393 642 3457 etiam
675 3412 733 3478 per
763 3394 979 3479 privationem
1007 3390 1185 3457 officiorum
1209 3396 1242 3459 et
1264 3390 1494 3458 beneficiorum

315 3516 495 3581 huiusmodi
520 3519 667 3583 coerceri
690 3519 814 3602 possint
837 3524 870 3583 et
893 3516 1078 3583 debeant».

382 3640 493 3707 Sixtus
516 3642 550 3706 V
568 3642 706 3706 clericos
721 3656 982 3726 transgressores
998 3642 1093 3707 etiam
1111 3640 1261 3705 minores
1284 3639 1496 3724 beneficiatos

315 3772 372 3830 ant
390 3766 622 3848 pensionarius,
652 3765 823 3833 dnmmodo
855 3765 983 3830 redItus.
1008 3766 1172 3851 pensionis
1195 3768 1251 3828 aut
1273 3765 1493 3848 praestimonii

316 3892 526 3975 attIngerent,
550 3910 670 3956 annua
695 3890 878 3976 ceroptata
900 3890 1026 3955 ducato
1050 3890 1092 3955 de
1115 3906 1262 3961 camera,
1287 3888 1400 3955 statuit
1421 3889 1495 3971 ipso

316 4204 389 4239 mam
403 4188 521 4241 vestium
534 4188 714 4242 determinari
726 4202 743 4242 «
755 4188 836 4241 iuxta
848 4188 937 4256 ipsius
949 4187 1078 4256 Episcopi
1096 4185 1298 4239 orda'ncticnem
1312 4202 1336 4235 n.
1351 4182 1391 4237 CI.
1406 4183 1494 4237 Bene·

315 4294 382 4348 olet
400 4294 465 4349 xlv
492 4296 562 4350 Inst.
588 4314 643 4349 ccc.
666 4297 701 4348 71
725 4302 755 4351 et
782 4296 853 4349 volt.
874 4296 975 4350 Lacera
995 4295 1024 4347 T.
1044 4294 1079 4347 IV
1101 4311 1126 4347 v.
1149 4294 1259 4359 Clerici,
1278 4312 1305 4347 a.
1324 4294 1367 4345 32
1391 4309 1446 4363 seq.
1466 4302 1495 4347 et

317 4405 387 4457 Acta
406 4404 434 4456 S.
454 4403 534 4456 Sedis
552 4403 590 4456 IV
606 4420 635 4475 p.
655 4402 726 4456 394.
