3350 5100
501 331 544 376 ns
567 329 707 376 sonions
731 329 983 378 cmurusmeus.
1268 313 1331 380 165

241 450 335 514 Haec
353 452 481 535 species
503 471 673 536 processus
695 459 818 517 attente
842 452 1039 537 dispicienda
1063 459 1128 528 est;
1152 453 1208 518 sed
1237 453 1331 518 modo

152 571 380 638 adumbramus
402 594 556 658 suprema
581 575 787 642 lineamenta.
813 611 831 624 ·
857 576 990 642 Miratus
1012 575 1131 642 dicitur
1161 596 1331 661 processus

151 700 329 764 criminalis
345 701 533 765 coalescens
557 721 600 766 ex
622 703 838 768 accusatione
861 707 894 767 et
916 703 1143 788 inquisitione,
1168 722 1233 766 non
1258 703 1332 786 quie

151 841 234 885 nora
256 823 397 888 resultet
420 823 614 908 procedendi
638 827 740 896 ratio,
766 844 850 908 quae
874 845 937 888 non
961 825 1003 890 sit
1030 843 1135 908 neque
1158 827 1330 896 accusatio,

150 964 254 1028 neque
284 947 469 1029 inquisitio;
493 947 550 1012 sed
571 947 701 1012 meatus
724 968 895 1032 processus
922 946 1040 1012 dicitur
1064 948 1180 1032 quippe
1208 953 1334 1012 constat

148 1071 338 1136 successive
351 1077 419 1136 tum
438 1091 482 1136 ex
497 1073 712 1138 accusatione
733 1078 802 1136 tum
817 1091 862 1137 ex
878 1073 1096 1157 inquisitione
1102 1093 1115 1155 ,·
1139 1072 1333 1156 quandoqui-

150 1194 231 1275 dem,
248 1197 284 1259 in
300 1198 507 1260 successione
521 1201 678 1277 actorum,
693 1197 861 1282 praecedit
875 1197 1058 1282 inquisitio,
1075 1197 1219 1262 succedit
1234 1217 1332 1264 accu-

147 1321 243 1386 satio.
277 1358 296 1368 -
328 1322 494 1405 Inquisitio
526 1328 736 1406 promovetur
761 1322 803 1387 ad
833 1323 1018 1387 instantiam
1045 1321 1256 1404 promotoris
1278 1325 1334 1386 aut

148 1565 199 1620 Sed
218 1569 353 1637 inquam,
374 1567 447 1636 apud
466 1569 624 1622 canonistas
642 1568 717 1622 hunc
739 1585 897 1638 processum
917 1570 1038 1624 mictum
1057 1597 1068 1612 ·
1088 1571 1214 1640 iqnoturn
1232 1569 1333 1623 saltem

147 1676 343 1745 fiassequaast
348 1679 474 1746 formant
484 1677 704 1730 eutnnsecamet
714 1677 919 1732 ordinationem
925 1676 1333 1747 processurum-numquam

147 1786 350 1846 substantiam,
368 1784 513 1838 contendit
534 1784 729 1854 Garmigosni,
753 1786 854 1840 Teoria
876 1787 955 1840 delle
978 1787 1055 1856 teqqi
1081 1787 1161 1840 della
1187 1791 1333 1840 sicurezza

147 1891 263 1954 iadau,
284 1893 332 1944 tib.
353 1891 383 1955 4,
397 1909 458 1960 cap.
480 1893 525 1958 16,
543 1893 678 1946 eiusmodi
699 1909 843 1961 processus
863 1895 979 1961 primam
999 1893 1136 1962 originem
1157 1894 1333 1962 repetendam

145 2011 206 2050 esse
225 2015 245 2050 a
260 1998 323 2050 iore
339 1997 534 2051 Romanorum.
549 1998 647 2053 -Sane
668 2001 814 2069 inquisitio
832 2001 990 2057 instaurata
1002 2017 1019 2053 a
1032 2000 1210 2054 Praesidibns
1225 2000 1334 2069 provin·

146 2105 266 2168 ciarum,
285 2101 331 2156 vel
350 2103 386 2155 ab
405 2102 561 2155 lransrclsis
578 2119 613 2157 eo
630 2104 777 2172 spectabat
796 2108 827 2157 ut
845 2103 948 2174 aliquis
966 2115 1148 2160 accusaretur
1166 2105 1199 2159 de
1215 2105 1335 2158 admisso

146 2207 268 2261 crimina
284 2216 317 2260 et
327 2207 541 2261 convinceretur
554 2224 604 2276 per
616 2209 794 2277 probationes
807 2208 989 2278 inquisitione
1008 2207 1149 2280 collectas.
1163 2208 1232 2262 Item
1245 2209 1339 2286 inqui-¹
1415 2243 1420 2264 .

146 2314 213 2367 sitio
230 2313 442 2383 specialissima
460 2284 515 2366 non
532 2313 591 2367 alio
610 2319 727 2383 spectat,
747 2315 799 2368 nisi
822 2315 857 2367 ad
877 2296 1048 2384 probandum
1067 2317 1192 2368 accusati
1210 2315 1335 2369 criminis

145 2426 305 2473 aucturam,
327 2418 518 2474 Nihilominus
537 2420 564 2473 io
578 2419 630 2474 hoc
644 2421 773 2475 consistit
785 2423 874 2474 torma
884 2437 1035 2491 processus
1053 2423 1135 2474 micci
1151 2425 1181 2474 nt
1194 2425 1336 2474 statuatur

147 2527 331 2596 principium,
350 2543 404 2579 uon
424 2525 548 2583 deveniri
574 2527 608 2581 ad
633 2527 892 2582 condemnationem
915 2532 965 2582 aut
983 2527 1187 2583 absolutionem
1213 2529 1263 2595 rei,
1281 2528 1334 2583 nisi

146 2636 327 2690 instauratus
345 2635 383 2688 sit
403 2650 547 2703 processus
559 2641 617 2687 tum
631 2636 807 2705 inquisitiuus
820 2643 879 2688 tum
891 2636 1091 2699 accusatorius,
1104 2635 1223 2688 servatis
1236 2652 1334 2705 nempe

147 2742 306 2813 requisitis,
318 2757 391 2811 quae
402 2741 436 2793 ad
451 2758 533 2793 unum
553 2744 583 2794 et
600 2740 635 2793 ad
648 2741 768 2795 alterum
781 2745 919 2809 spectant.
939 2740 1016 2794 Tunc
1035 2741 1169 2794 eiusmodi
1190 2757 1335 2810 processus

146 2850 236 2902 certia
255 2849 368 2915 regitur
388 2848 493 2901 normis
516 2854 547 2903 et
567 2848 678 2918 singula
703 2852 767 2901 acta
790 2848 869 2901 facili
888 2849 997 2902 ratione
1022 2847 1199 2916 explicantur
1217 2853 1246 2903 et
1264 2849 1336 2903 ordi·

147 2962 270 3007 uantur:
291 2953 395 3023 quippe
412 2969 485 3024 qnae
510 2956 668 3009 inserviunt
691 2955 735 3009 rel
754 2955 926 3025 inquisitioni
944 2952 988 3007 vel
1010 2956 1189 3008 accusationi.
1211 2954 1336 3009 lamvero

145 3058 220 3127 apud
241 3057 406 3111 canonistas
417 3062 455 3121 et,
468 3057 616 3112 brevitatis
633 3075 725 3124 causa,
739 3069 916 3113 recensemus
930 3062 1038 3111 tautum
1059 3057 1220 3127 Pellegriui,
1233 3058 1336 3113 storeis

153 3166 338 3221 Veneriorum
356 3194 373 3205 ·
393 3164 496 3219 Ptenis
515 3168 687 3230 emmelis,
707 3178 738 3219 st
756 3165 860 3229 Bouix,
879 3166 921 3219 De
939 3167 1060 3229 iudiciis,
1079 3164 1111 3219 P.
1133 3164 1177 3232 11,
1188 3166 1336 3220 ’evolvitur

148 3270 208 3326 tels
235 3287 385 3341 processus
402 3270 564 3337 criminalis,
576 3271 623 3324 sed
639 3272 706 3340 quia
724 3286 779 3323 non
800 3272 975 3339 significatur
988 3286 1125 3341 quaenam
1138 3276 1203 3325 acta
1220 3289 1335 3341 respon-

67 3346 71 3355 1
148 3378 236 3432 deant
254 3378 438 3446 inquisitioni,
456 3393 595 3447 quaenam
609 3381 788 3441 accusationi,
807 3382 945 3431 tractatus
964 3384 1040 3430 caret
1060 3379 1144 3430 certis
1163 3378 1268 3447 regulis
1287 3394 1334 3433 sen

149 3484 300 3553 principiis
319 3488 349 3537 et
367 3499 512 3551 processns
536 3483 709 3535 construitur
728 3486 805 3536 totos
823 3484 902 3536 iuxta
918 3484 1033 3553 praesint
1051 3500 1100 3537 seu
1122 3500 1171 3552 per
1189 3483 1335 3553 quamdam

148 3592 360 3644 successionem
373 3590 609 3659 chronotoqicam.
630 3590 716 3643 Porro
730 3596 788 3642 tum
803 3608 883 3655 unsis,
896 3596 952 3642 tum
966 3590 1039 3645 alter
1051 3591 1197 3644 canonista
1215 3590 1338 3659 explicat

150 3696 367 3750 accuratissime
385 3696 509 3750 diverses
528 3696 691 3765 procedendi
712 3698 816 3749 formas
834 3714 882 3751 seu
901 3713 948 3765 per
968 3699 1181 3766 inquisitionem,
1196 3714 1245 3767 per
1256 3716 1337 3751 accu-

149 3810 301 3870 satianern,
320 3812 351 3858 st
369 3820 419 3872 per
430 3805 684 3868 denunciationem·
701 3803 748 3857 ssd
767 3804 832 3858 dum
852 3806 959 3859 texitur
976 3804 1043 3857 ordo
1062 3804 1231 3871 indiciarius,
1246 3806 1273 3858 in
1286 3820 1337 3859 suo

150 3910 315 3978 complexu,
333 3924 389 3961 nou
407 3909 599 3977 significatur,
617 3926 653 3962 an
675 3909 809 3963 eiusmodi
829 3914 894 3962 acta
912 3910 963 3962 tali
984 3909 1072 3963 ordini
1095 3910 1205 3977 digesta
1226 3910 1271 3963 uni
1292 3910 1336 3963 vel

151 4016 236 4071 alteri
256 4018 368 4070 formae
386 4015 582 4083 respondeant,
600 4022 644 4068 ast
668 4017 763 4069 omnia
789 4022 969 4085 repetuntur:
991 4034 1008 4069 a
1027 4020 1119 4077 pram.
1144 4045 1181 4057 -
1203 4016 1339 4077 Quocirca

152 4124 237 4177 hodie
255 4139 321 4176 cum
341 4138 427 4191 penes
444 4123 537 4175 curias
554 4126 654 4192 prauis
673 4123 728 4176 iam
748 4124 909 4189 evannerit,
929 4138 1009 4177 nemo
1028 4124 1122 4175 torsen
1142 4130 1184 4176 est
1203 4124 1250 4193 qui
1270 4124 1338 4177 istos

154 4236 294 4284 mactmus
316 4228 463 4298 perlegere
490 4230 601 4298 cupiat,
629 4223 773 4298 perc'ipere
802 4236 830 4282 et
859 4230 1017 4283 executioni
1043 4229 1210 4286 demandare
1229 4230 1338 4295 valeat,

152 4337 284 4407 quamvis
304 4336 340 4389 ad
359 4337 506 4391 materiam
535 4337 608 4407 quod
633 4338 750 4401 attinet,
769 4338 864 4390 omnia
892 4354 961 4405 pene
990 4338 1154 4391 contineant
1181 4338 1338 4392 necessaria

153 4441 327 4496 ordinationi
347 4441 474 4495 hodierni
489 4458 640 4512 processus
658 4444 748 4495 minti.
