3350 5100
647 304 856 355 anunenrun
879 306 929 355 v1.
1314 288 1381 357 627

287 426 315 499 ³)
335 427 541 499 Interrogatus:
562 428 675 481 ubinam
693 425 805 483 habitet
818 432 847 483 et
859 444 876 481 a
888 432 995 499 quanto
1007 428 1152 499 ternpore?
1165 458 1178 471 ·
1192 429 1381 501 Respondit...

287 532 316 603 4)
335 534 539 603 Interrogatus:
565 532 645 588 ouius
664 532 832 589 conditionis
850 532 895 589 vel
914 532 998 587 officii
1017 532 1140 589 existet?
1159 563 1172 576 ·
1194 534 1382 605 Respondit...

285 639 377 709 (Alias
395 638 496 694 addere
514 639 619 710 poterit
636 638 720 693 iudex
744 639 983 710 interrogationes
1006 639 1162 709 generales,
1180 646 1213 695 ut
1230 647 1327 713 pateat
1344 660 1381 698 an

195 745 277 801 testis
301 745 387 800 alicui
413 746 571 816 exceptioni
593 746 733 802 obnoxius
757 747 804 811 sit,
830 751 881 801 aut
905 748 991 802 etiam
1014 748 1130 803 omnino
1153 748 1232 803 retici
1255 749 1379 820 debeat).

678 940 715 979 Al)
738 938 898 980 encratia.

287 1064 312 1133 l)
331 1064 536 1135 Interrogatus:
561 1082 597 1119 an
619 1070 770 1135 cognoscat
795 1066 937 1122 Andream
955 1064 1009 1121 N.t
1028 1096 1044 1107 -
1064 1066 1229 1137 Respondit:
1252 1067 1379 1138 apprime

194 1190 339 1246 cognosco.

281 1284 310 1351 2)
329 1282 533 1355 Interrogatus:
558 1302 594 1338 an
619 1283 743 1339 babeant
766 1282 812 1338 vel
835 1282 988 1338 habuerint
1010 1282 1234 1339 familiaritatem
1253 1286 1283 1339 et
1303 1298 1382 1339 com·

192 1390 326 1445 mercium
346 1390 504 1447 litterarum
523 1391 558 1445 ad
576 1389 716 1447 invicem?
730 1420 743 1433 -
757 1388 926 1461 Respondit:
946 1389 1068 1445 antebac
1086 1392 1167 1455 bene,
1180 1390 1228 1445 sed
1240 1407 1258 1445 a
1269 1390 1377 1446 duobus

110 1552 114 1557 ,
192 1496 274 1549 annis
293 1513 349 1551 nun
368 1497 497 1567 amplius.

250 1612 253 1619 “
281 1602 310 1673 3)
329 1602 534 1675 Interrogatus:
553 1620 589 1658 an
608 1605 682 1659 bene
699 1607 853 1673 cognoscat
876 1600 1067 1657 characterem
1086 1606 1116 1657 et
1131 1618 1245 1657 manum
1265 1602 1376 1659 Domini

192 1708 320 1765 Andreae
338 1708 391 1765 Nl
410 1739 424 1753 ·
444 1710 611 1781 Respondit:
631 1710 754 1780 perfecte
773 1724 921 1780 cognosce.

280 1817 309 1887 4)
327 1816 531 1886 interrogatus:
553 1834 587 1871 an
607 1817 682 1872 inter
700 1816 772 1871 alias
787 1815 883 1885 plures
894 1815 1049 1885 scripturas
1066 1819 1249 1890 cognosceret
1260 1831 1373 1871 manum

190 1928 221 1977 at
232 1920 423 1979 characterem
443 1923 571 1979 Andreae
590 1920 641 1977 N.i
660 1952 675 1965 ·
694 1922 863 1992 Respondit:
882 1922 958 1977 inter
975 1921 1055 1976 mille
1073 1937 1277 1991 cognoscerem.
1296 1920 1375 1977 'lunc

191 2026 259 2084 Rev.
278 2028 364 2083 ludex
381 2030 474 2085 varias
497 2030 651 2099 scripturae
670 2044 807 2083 unacum
826 2030 967 2099 scriptura
991 2029 1120 2083 Andreae
1138 2028 1173 2081 N.
1192 2028 1286 2098 posuit
1307 2031 1373 2083 ante

189 2140 297 2205 testem,
320 2138 363 2193 ita
387 2142 481 2194 tamen
502 2142 532 2192 ut
550 2136 652 2193 nullibi
677 2136 798 2193 alicuius
823 2136 993 2207 subscriptio
1016 2141 1140 2207 pateret:
1159 2144 1190 2191 et
1206 2136 1278 2191 dixit
1296 2135 1323 2191 ei
1341 2139 1374 2191 ut

187 2244 322 2315 seligeret
339 2246 506 2317 scripturam
524 2244 628 2300 domini
640 2244 769 2301 Andreae
782 2245 814 2300 N.
828 2244 882 2306 Qui
900 2260 956 2300 non
972 2243 1091 2299 multum
1103 2242 1262 2299 deliberans
1280 2247 1374 2303 extre·

187 2348 231 2403 xit
255 2366 341 2404 unum
364 2350 463 2405 folium
487 2349 596 2406 dicens:
621 2348 691 2407 baec
713 2356 757 2427 est
780 2350 923 2421 scripture
947 2350 1052 2405 domini
1077 2349 1205 2403 Andreae
1225 2348 1266 2416 N.,
1290 2353 1373 2427 prout

187 2456 273 2509 etiam
292 2461 361 2511 erat.
381 2456 486 2519 Quibus
505 2455 619 2523 habitis,
639 2461 669 2512 et
686 2457 720 2525 si,
739 2461 769 2512 et
786 2456 815 2511 in
836 2460 972 2529 quantum
991 2456 1184 2525 acceptatis...

274 2563 376 2620 Postea
395 2580 445 2635 pro
464 2565 563 2624 maiori
582 2565 712 2620 veritatis
731 2564 909 2632 certitudine,
937 2563 1030 2618 vocati
1054 2566 1271 2632 comparuerunt
1289 2562 1323 2617 Ν.
1341 2567 1371 2619 et

186 2670 230 2735 N.,
246 2671 275 2724 in
294 2671 477 2726 discernenda
494 2672 696 2740 scripturarum
722 2671 860 2726 varietate
879 2671 949 2725 satis
968 2670 1067 2740 periti:
1085 2670 1133 2741 qui
1152 2669 1279 2740 deposito
1296 2670 1371 2724 iura·

183 2783 278 2834 mento
302 2778 337 2832 de
362 2777 483 2832 fideliter
507 2779 672 2850 exequendo
698 2778 789 2833 officio
813 2781 844 2834 et
868 2779 990 2833 veritate
1014 2777 1145 2844 dicenda,
1170 2777 1239 2832 iussi
1263 2781 1330 2832 sunt
1354 2795 1372 2832 a

183 2881 251 2937 Rev.
266 2881 299 2936 N.
316 2881 410 2937 iudice
429 2887 460 2936 ut
478 2884 641 2953 scripturas,
659 2899 729 2956 quaa
747 2897 809 2941 esea
827 2882 863 2942 de
880 2901 968 2942 mauu
985 2884 1114 2942 Andreae
1132 2888 1211 2938 certo
1229 2883 1286 2938 iam
1304 2899 1371 2938 con·

181 2989 286 3055 stabat,
309 3005 374 3043 cum
398 2987 513 3054 litterie,
538 3005 610 3061 quse
634 2990 856 3060 praetenduntur
874 2992 909 3046 ab
927 2991 990 3062 ipso
1013 2991 1048 3046 ad
1073 2990 1198 3061 puellam
1220 2991 1368 3049 Bibisnam

179 3096 312 3166 scriptae,
333 3101 476 3164 accurate,
488 3097 641 3169 diligenter
654 3103 683 3155 at
695 3104 795 3156 exacte
812 3101 963 3156 conterant
980 3103 1066 3171 atque
1083 3097 1257 3165 examinent,
1275 3115 1369 3153 anum·

179 3216 234 3271 que
247 3205 346 3272 postea
364 3202 499 3257 iudicium
517 3204 710 3271 manifestent,
724 3221 791 3260 num
804 3205 841 3260 ab
853 3221 910 3260 una
922 3204 1084 3276 eademque,
1096 3203 1142 3259 vel
1160 3203 1271 3259 diversa
1282 3219 1367 3262 manu

182 3307 239 3361 sint
257 3309 400 3363 exaratae.
420 3308 492 3364 Acta
510 3312 576 3362 suat
593 3307 665 3364 baec
683 3309 763 3365 die...
782 3310 923 3366 mensis...
942 3325 1052 3365 annu..

1154 3396 1187 3450 Ν.
1206 3396 1300 3453 ludex.

1151 3505 1186 3560 N.
1204 3504 1366 3560 Actuarins.

268 3627 480 3700 Consequentur
504 3631 625 3700 praefati
645 3630 700 3685 duo
717 3629 802 3699 periti
827 3629 995 3701 calligraphi
1020 3629 1174 3700 scripturas
1196 3629 1251 3684 sibi
1276 3629 1367 3687 consi-¹

181 3737 295 3804 gnatas,
319 3737 350 3789 et
374 3751 493 3805 sequena
519 3734 638 3805 desuper
664 3733 800 3789 iudicium
827 3751 909 3789 sunm
936 3733 967 3788 in
992 3733 1105 3804 scriptia
1133 3735 1363 3804 praesentarunt:

178 3839 312 3910 incipit...
331 3839 372 3913 (et
390 3840 428 3896 ibi
449 3845 596 3912 ponuntur
619 3842 726 3911 primae
751 3840 845 3912 voces)
864 3845 895 3897 et
912 3841 1051 3896 desinit...
1070 3839 1167 3910 (stibi
1187 3838 1316 3907 ultimae)
1333 3842 1364 3894 et

178 3947 346 4004 antenoris
364 3949 507 4019 sequentis
520 3947 561 4018 (et
572 3949 611 4003 ibi
624 3949 830 4004 transcribatur
848 3948 984 4003 indicium
1003 3947 1074 4003 illud
1093 3946 1268 4018 peritorum).
1284 3945 1361 4009 Quod

176 4053 310 4108 iudicium
334 4070 397 4108 cum
416 4053 451 4107 ad
474 4054 636 4109 mandatum
661 4053 760 4109 iudicis
785 4053 890 4110 eisdem
914 4053 1127 4124 praelegissem,
1150 4053 1362 4108 confirmarunt.

174 4161 247 4216 Acta
270 4163 336 4215 sunt
359 4159 430 4216 baec
454 4159 535 4216 dle...
564 4177 695 4216 mensa...
720 4175 794 4216 anno
796 4199 842 4228 .....
864 4165 895 4216 et
917 4160 1100 4216 subscribant
1122 4159 1177 4214 duo
1200 4157 1284 4228 periti
1307 4155 1362 4214 boc

172 4267 270 4324 modo:
291 4267 351 4337 Ego
369 4266 403 4322 N.
423 4267 531 4324 affirmo
549 4271 581 4324 ut
599 4284 690 4338 supra.
710 4267 771 4339 Ego
789 4267 823 4322 N.
842 4269 980 4324 confirmo
999 4271 1141 4338 utsupra.

1064 4373 1125 4446 Ego
1144 4373 1177 4430 Ν.
1197 4372 1360 4430 Actuarius.
