3350 5100
360 254 424 320 134
883 271 966 320 rues
990 271 1012 320 1.

357 397 536 464 stitutionis
546 395 586 462 ad
598 397 621 479 ἓ
636 397 863 482 Confidimus3
876 397 1041 462 nimirum:
1062 393 1288 462 ‹Confidimus
1299 399 1408 462 autem
1422 396 1537 484 Dipai-

358 527 442 588 totes
463 527 497 588 et
520 522 708 588 canonicos
735 521 991 588 Gatheai-atium
1014 521 1246 588 scelestarum
1275 521 1472 588 vacantium
1496 540 1537 587 ao

355 647 433 713 ittos
455 647 510 731 qui
533 646 763 732 deficientibus
780 645 955 729 Capitutis,
978 644 1128 712 Vicarios
1150 646 1324 729 deputant,
1338 651 1394 712 aut
1415 665 1537 714 vacan-

353 775 406 840 tes
427 771 597 838 Ecclesiae
624 771 771 857 tepitime
802 769 1056 852 administrant,
1080 770 1177 856 plane
1205 775 1425 854 exequutores
1455 789 1538 855 quae

356 895 448 962 hisee
471 895 597 961 Nostris
620 895 739 960 Literis
761 895 929 960 declarata
952 899 985 960 ot
1008 893 1141 960 decreta
1163 898 1254 970 sunt;
1277 893 1331 960 ubi
1350 914 1431 960 vero
1453 893 1537 978 quod

356 1020 443 1086 Deus
465 1025 660 1092 avertat,·eo
683 1020 808 1106 eccequi
823 1020 1092 1094 detrectaverint,
1106 1038 1149 1086 ac
1170 1019 1354 1087 concedere
1376 1025 1407 1086 et
1431 1026 1536 1085 trans·

315 1124 317 1127 ⁸
353 1142 450 1226 serre
465 1145 498 1208 iu
514 1145 711 1210 nominatum
728 1152 759 1209 et
775 1149 1018 1230 praesentatum
1034 1144 1075 1210 ad
1090 1144 1236 1210 eamdem
1260 1145 1450 1219 Ecclesiam,
1468 1145 1539 1209 eius

355 1287 480 1342 curam,
497 1269 654 1354 regimen,
671 1275 704 1333 et
726 1267 1037 1334 administrationem
1062 1268 1120 1334 sub
1143 1271 1256 1352 quovis
1275 1269 1379 1342 titulo,
1396 1270 1538 1350 nomine,

356 1394 502 1478 quaesito
524 1393 645 1475 colore,
669 1395 738 1458 ausi
763 1394 902 1464 fuerint,
927 1401 1059 1478 praeter
1082 1393 1262 1458 nullitatem
1284 1394 1347 1458 iam
1372 1393 1537 1458 decretam

354 1520 543 1608 praedictae
566 1521 783 1586 concessionis
806 1525 839 1584 et
861 1519 1093 1600 translationis,
1113 1519 1278 1604 praefatos
1302 1519 1481 1584 Canonicos
1506 1525 1541 1584 et

353 1643 535 1730 Dignitates
557 1642 901 1708 excommunicationis
925 1643 1067 1716 maioris,
1081 1661 1142 1708 nec
1165 1662 1230 1707 non
1253 1644 1442 1728 privationis
1465 1642 1538 1708 fru-

355 1775 475 1842 ctuum,
488 1769 782 1834 ecclesiasticorum
794 1767 1024 1834 beneficiorum
1037 1786 1322 1852 quorumcumque,
1335 1768 1541 1852 aliorumque

354 1892 517 1958 redituum
540 1893 833 1959 ecclesiasticorum
857 1911 916 1977 per
940 1913 995 1958 eos
1018 1893 1200 1978 respective
1222 1891 1436 1963 obtentorum,
1454 1894 1541 1958 simi-

355 2018 433 2086 liter
455 2037 494 2082 eo
518 2020 586 2103 ipso
618 2017 824 2083 incurrendis
847 2018 960 2103 poenis
984 2017 1182 2098 innodamus
1206 2023 1239 2082 et
1265 2016 1434 2083 innodatos
1464 2017 1542 2084 iore

355 2143 562 2210 decernimus
585 2149 618 2209 et
641 2144 864 2219 declaramus;
888 2144 1095 2229 ipsarumque
1111 2163 1288 2228 poenarum
1303 2143 1540 2209 absolutionem

355 2289 413 2334 seu
435 2269 671 2334 relaxationem
697 2268 795 2334 Nobis
819 2273 852 2332 et
876 2269 967 2333 Rom.
994 2269 1089 2332 Pont.
1120 2288 1180 2354 pro
1207 2273 1353 2353 tempore
1384 2269 1540 2334 existenti

355 2394 524 2460 dumtaxat
546 2394 730 2480 specialiter
754 2413 971 2458 reservamus.

446 2537 465 2583 ‹
490 2519 528 2584 ln
552 2517 680 2583 easdem
705 2534 825 2603 poenas
853 2517 977 2602 pariter
1000 2521 1187 2582 reservatas
1214 2517 1282 2602 ipso
1306 2516 1393 2582 facto
1425 2519 1541 2583 incur-

355 2648 433 2707 ruut
455 2642 609 2707 nominati
635 2645 668 2707 et
690 2640 887 2726 praesentati
911 2639 951 2705 ad
974 2644 1128 2705 vacantes
1151 2640 1324 2713 Ecclesiae,
1346 2642 1399 2724 qui
1424 2660 1541 2709 earum

354 2784 482 2837 curam,
508 2766 654 2849 regimen
678 2772 710 2829 et
733 2764 1044 2829 administrationem
1067 2764 1232 2849 suscipere
1254 2764 1374 2829 audent
1397 2784 1439 2828 ex
1462 2784 1541 2829 con·

353 2890 501 2955 cessione
524 2896 556 2953 et
578 2890 793 2953 translatione
815 2908 836 2952 a
861 2886 1067 2975 dignitatibus
1091 2893 1124 2953 et
1147 2889 1310 2953 canonicis
1329 2888 1473 2971 aliisque,
1498 2889 1543 2955 de

353 3012 469 3097 quibus
491 3032 587 3097 supra
613 3014 645 3075 in
669 3033 725 3078 eos
749 3020 892 3098 peracta,
918 3032 1067 3077 necnon
1091 3013 1113 3077 ii
1136 3014 1190 3097 qui
1215 3014 1400 3097 praemissis
1422 3032 1542 3097 parue-

353 3138 431 3214 rint,
455 3137 689 3210 velauxilium,
707 3139 885 3210 consilium,
902 3145 957 3203 aut
974 3113 1120 3202 favorem
1135 3139 1358 3222 praestiterint
1382 3139 1543 3223 cuiusque

351 3266 464 3341 status,
488 3260 688 3333 conditionis,
714 3264 990 3346 praeeminentiae
1014 3268 1045 3327 et
1068 3260 1233 3347 dignitatis
1257 3262 1388 3327 suerint.

445 3386 662 3451 «Praeterea
685 3388 864 3452 nominatos
889 3394 921 3453 et
943 3392 1167 3472 praesentatos
1197 3390 1269 3453 iure
1299 3388 1382 3471 quod
1407 3390 1453 3455 eis
1477 3409 1543 3473 per

350 3510 603 3575 nominationem
629 3516 663 3575 et
685 3514 978 3595 praesentationem
1001 3512 1086 3579 torte
1104 3514 1281 3596 quaesitum
1298 3513 1408 3587 tuerit,
1425 3511 1542 3579 decer-

350 3635 459 3701 nimus
481 3655 521 3701 eo
544 3636 612 3719 ipso
638 3638 790 3720 privatos.

443 3760 616 3826 «sivero
644 3760 743 3843 aliqui
768 3780 810 3825 ex
832 3762 1007 3846 praedictis
1029 3763 1213 3848 Episcopali
1245 3763 1439 3828 charactere
1471 3766 1544 3831 sint

351 3886 511 3971 insigniti,
535 3886 569 3949 in
593 3904 731 3971 poenam
755 3888 973 3970 suspensionis
996 3887 1036 3951 ab
1060 3888 1217 3952 exercitio
1241 3880 1490 3970 Pontificalium,
1506 3898 1543 3956 et

352 4010 515 4075 interdicti
538 4009 579 4073 ab
604 4012 754 4096 ingressu
779 4012 946 4075 Ecclesiae
970 4012 1037 4096 ipso
1061 4011 1161 4085 facto,
1186 4012 1306 4096 absque
1336 4014 1404 4079 ulla
1431 4013 1540 4079 decla-

351 4135 488 4205 ratione,
514 4134 667 4203 incidunt,
692 4135 725 4199 S.
750 4134 822 4199 Sodi
848 4138 971 4219 pariter
995 4142 1208 4201 reservatam.

444 4280 463 4318 r
488 4259 625 4343 insuper
651 4278 872 4343 quaecumque
895 4280 916 4325 a
938 4262 985 4325 sic
1009 4262 1178 4327 nominatis
1207 4269 1240 4328 et
1262 4266 1478 4347 praesentatis
1501 4268 1539 4333 in

349 4380 631 4447 administratione
646 4386 828 4449 vacantium
843 4386 1064 4451 Ecclesiarum
1079 4387 1213 4452 intrusis
1228 4385 1316 4462 fiant,
1331 4388 1540 4467 mandentur,
