3350 5100
313 270 380 335 200
434 306 437 309 ·
827 286 910 333 raas
938 284 974 329 11.

312 413 422 499 legum
436 412 562 484 eccles,
580 410 714 496 proinde
729 414 897 495 promotor
914 406 1033 474 fiscalis
1056 427 1121 473 non
1143 408 1242 474 habet
1257 410 1495 493 monopolium

312 536 538 603 accusationis.
563 533 825 619 Quandoquidem
849 534 910 597 iste
931 531 1107 618 prohibere
1129 552 1195 597 non
1218 536 1335 617 posset,
1352 532 1385 597 vi
1409 532 1497 617 legis

314 661 502 735 communis,
519 657 656 741 fidelem,
669 660 723 743 qui
745 658 944 725 accusatoris
966 678 1082 725 munus
1104 662 1285 725 assumeret
1307 660 1341 723 in
1363 657 1496 737 iudicio,

315 886 467 943 modolibet
490 888 681 957 spectantibus
702 888 880 942 admoneam
905 886 1192 956 archiepiscopalem,
1210 887 1307 941 iurave
1324 886 1496 955 spiritualia,

314 992 359 1047 vel
377 993 545 1063 temporalia
569 993 843 1063 Archiepiscopatus.
869 1020 903 1033 --
929 992 1026 1047 itidem
1051 992 1209 1058 decausis,
1230 992 1279 1045 ubi
1304 992 1338 1045 de
1362 990 1500 1047 ecclesia-

314 1100 387 1155 stica
405 1100 610 1168 iurisdictione,
623 1102 667 1156 vel
686 1101 819 1156 libertate
845 1102 948 1155 tuenda
970 1101 1075 1170 agitur.
1096 1129 1129 1141 -
1149 1099 1299 1169 invigilent
1323 1098 1408 1153 simul
1431 1115 1497 1153 cum

316 1206 429 1261 Vicsrio
447 1208 593 1263 criminali.
606 1224 640 1262 ac
658 1208 743 1263 stiam
762 1223 887 1262 seorsum
909 1208 945 1261 ab
968 1223 1010 1271 eo,
1032 1224 1067 1261 ns
1088 1205 1267 1261 collateralis
1285 1211 1381 1261 careat
1399 1206 1498 1261 debito

316 1330 432 1370 numero
456 1316 623 1380 satellitum
645 1332 717 1371 neve
737 1323 793 1371 tam
819 1320 894 1387 ipse,
917 1333 1001 1387 quam
1026 1315 1165 1371 satellites
1185 1316 1382 1385 (apparitores)
1401 1320 1498 1371 extor-

315 1424 423 1478 sionem
441 1422 564 1495 aliquam
582 1424 702 1500 faciant·
720 1442 756 1479 ne
767 1425 837 1479 item
856 1425 917 1479 loco
936 1424 1091 1481 satellitum
1110 1424 1160 1479 alii
1178 1422 1324 1479 ducantur.
1343 1452 1377 1465 -
1395 1424 1499 1479 Liceat

318 1530 548 1585 Procuratoribus
576 1532 648 1586 Fisci
676 1536 763 1587 testes
791 1549 841 1601 pro
865 1532 1062 1585 informatione
1089 1531 1198 1597 curiae,
1223 1536 1252 1585 at
1273 1530 1369 1586 Sancti
1395 1532 1499 1597 Officii,

317 1637 452 1705 meipso,
472 1638 557 1691 stiam
576 1639 647 1692 citra
665 1640 851 1707 praesentiam
871 1639 979 1703 Iudicis,
1000 1638 1034 1693 de
1053 1636 1130 1692 illios
1148 1644 1240 1693 tamen
1260 1638 1406 1704 mandato,
1426 1640 1499 1693 reci-

317 1757 392 1809 pere,
411 1746 441 1796 st
459 1742 620 1796 examinare
639 1758 877 1813 quorumcumque
901 1744 1015 1797 testium
1034 1742 1176 1795 incausis
1194 1743 1278 1796 stiam
1304 1742 1337 1795 ad
1359 1742 1499 1797 defensio-

319 1862 382 1901 nem
400 1848 647 1916 producendorum,
665 1850 693 1902 in
714 1850 900 1918 praesentiam
919 1854 1014 1904 tamen
1032 1848 1142 1911 Indicis,
1160 1848 1305 1913 interesse,
1325 1866 1357 1903 ao
1377 1849 1500 1903 interro-

318 1954 429 2022 gatoria
448 1955 482 2008 ad
500 1971 598 2009 causas
616 1957 691 2024 ipsas
708 1955 843 2011 facientia
861 1954 946 2009 ludici
966 1956 1187 2021 subministrare,
1200 1953 1245 2036 vel
1265 1956 1350 2010 etiam
1370 1956 1393 2009 si
1406 1955 1495 2009 ludici

318 2062 465 2129 placuerit,
482 2062 558 2131 ipsos
582 2067 669 2118 testes
693 2063 878 2129 interrogare.
898 2088 933 2105 ·-
954 2063 1149 2133 Quoscumque
1174 2063 1259 2117 etiam
1283 2079 1347 2117 reos
1364 2062 1499 2117 similiter
1573 2064 1578 2075 ¹

318 2169 501 2237 interrogare,
520 2185 575 2225 non
593 2186 683 2231 secus,
694 2186 728 2224 ac
747 2170 876 2223 vicarius
889 2170 948 2239 ipse
962 2170 991 2224 in
1004 2168 1205 2235 criminalibus,
1219 2186 1282 2223 cum
1294 2169 1382 2237 ipsius
1400 2172 1496 2225 umen

319 2275 423 2330 Iudicis
441 2278 606 2346 praesentia.
620 2307 654 2320 -
667 2278 796 2332 Habeant
808 2277 920 2343 librum,
934 2278 1031 2347 inquo
1044 2276 1113 2331 haec
1126 2276 1327 2341 describantur,
1347 2292 1402 2330 non
1414 2292 1498 2331 secus

319 2398 352 2434 ac
372 2380 502 2437 Vioarius
520 2383 690 2447 criminalis3
708 2412 742 2425 -
761 2384 882 2437 Nomius
900 2388 1122 2447 carceratorum
1134 2410 1170 2425 -
1183 2382 1261 2436 Diem
1281 2382 1496 2435 stercorationis:

319 2514 356 2527 -
367 2486 472 2541 Causas
491 2503 540 2558 pro
559 2489 660 2560 quibus
678 2489 854 2554 detinentur3
866 2516 901 2530 -
914 2488 983 2541 Tum
1004 2504 1058 2560 qua
1076 2487 1167 2541 dicad
1182 2486 1322 2556 publicam
1341 2484 1497 2540 custodiam

319 2593 473 2659 ducuntur3
485 2625 521 2634 —
534 2595 668 2665 Itemque,
687 2612 750 2648 cum
769 2595 939 2660 decernitur,
952 2595 1062 2663 copiam
1080 2593 1306 2658 indiciorum3-
1319 2591 1388 2646 (lum
1407 2594 1500 2646 fertur

319 2703 461 2757 sententia
477 2708 575 2757 contra
593 2701 673 2768 illos3
685 2731 722 2744 -
739 2703 809 2756 Dum
828 2702 1001 2768 relaxantur,
1020 2702 1122 2772 quibus
1140 2699 1348 2754 conditionibus
1366 2701 1499 2754 relaxan-

319 2815 380 2874 tur;
392 2837 429 2853 -
447 2809 567 2865 Indicam
585 2812 700 2866 testium
717 2809 842 2866 babeant
860 2810 1066 2864 nominatorum
1084 2810 1113 2862 in
1133 2813 1227 2876 testes,
1247 2813 1276 2863 et
1294 2809 1386 2862 socios
1404 2809 1499 2862 crimi·

319 2933 394 2970 num.
411 2943 448 2959 -
467 2917 524 2972 Hos
542 2918 628 2971 libros
646 2917 766 2986 singulis
783 2917 963 2972 hebdomadis
982 2917 1080 2987 legant
1098 2922 1130 2970 ut
1152 2917 1207 2970 iam
1233 2917 1435 2986 praescriptum
1454 2923 1500 2970 est

320 3023 433 3077 Vicario
451 3025 599 3078 criminali.
612 3054 647 3067 -·
664 3025 761 3079 Alium
779 3024 882 3079 librum
901 3024 1073 3090 habitantia
1087 3039 1142 3094 qno
1158 3025 1309 3078 summarie
1321 3028 1421 3078 notent
1434 3042 1499 3078 reos

320 3132 519 3186 condemnatos
537 3148 634 3201 poena,
646 3149 694 3187 seu
708 3132 815 3187 mulcta
827 3134 997 3202 pecuniaria,
1010 3133 1057 3203 qui
1072 3132 1134 3187 usui
1152 3134 1190 3186 sit
1202 3133 1268 3196 illis,
1280 3150 1343 3186 oum
1357 3133 1498 3188 intersunt

319 3236 437 3292 calculis
455 3237 621 3308 Depositarii
641 3239 817 3294 muletarum.
835 3268 873 3281 -
892 3240 961 3294 ilem
980 3238 1102 3294 habeant
1121 3240 1240 3294 iudicem
1258 3241 1381 3293 omnium
1401 3255 1499 3294 cansa·

320 3358 382 3394 rum
401 3342 595 3410 pendentium,
615 3359 686 3413 quae
705 3343 740 3396 ad
764 3361 843 3397 suam
864 3344 1066 3413 promotionem
1086 3347 1223 3412 spectent,
1241 3345 1299 3398 sive
1322 3343 1420 3398 civiles
1438 3345 1500 3398 sire

320 3447 482 3502 criminales
498 3449 563 3503 sint.
582 3477 619 3491 -
637 3449 821 3521 Habeantque
840 3467 857 3504 a
874 3450 1043 3504 cancellario
1056 3450 1175 3504 indicem
1189 3451 1411 3504 notificationem
1430 3467 1498 3520 quo-

320 3570 501 3628 rumcumque
524 3555 682 3625 legatorum
707 3557 905 3612 relictorumve
930 3558 1052 3626 piorum,
1078 3573 1150 3626 quas
1178 3557 1207 3610 in
1231 3557 1291 3611 dios
1318 3559 1398 3611 liunt.
1423 3558 1500 3612 Huic
1538 3537 1542 3543 ⁴

321 3663 401 3715 u'tnlo
419 3665 559 3718 antecedit
577 3665 676 3719 titubes
686 3665 854 3734 inscriptus:
868 3691 901 3704 -
916 3665 958 3718 Dc
976 3663 1070 3734 Officio
1089 3665 1225 3718 Advocati
1243 3663 1328 3718 Fisci.
1346 3691 1359 3704 ·
1375 3676 1393 3718 ‹
1408 3664 1499 3718 Adco-

320 3773 400 3822 catus
418 3770 501 3837 Fisoi,
519 3787 582 3824 cum
601 3771 630 3824 in
648 3772 741 3825 causis
758 3770 802 3825 vel
828 3771 1020 3824 criminalibus
1038 3770 1082 3825 vel
1107 3769 1141 3823 ad
1166 3771 1368 3838 promotionem
1391 3770 1499 3824 Procu-

320 3881 454 3944 ratorum,
472 3877 702 3933 Promotorumvs
727 3878 800 3931 Fisci
823 3877 1033 3948 quomodolibet
1057 3879 1248 3946 spectantibus
1272 3877 1410 3931 articulus
1428 3879 1500 3932 iuris

319 3983 473 4047 emerserit,
492 3984 616 4037 intersit:
636 3984 713 4052 prius
730 4000 748 4036 a
767 3982 979 4037 Promotoribus
992 3983 1064 4035 Fisci
1078 3983 1112 4036 da
1131 3983 1238 4037 meritis
1257 3983 1380 4052 ipsorum
1393 3983 1500 4038 certio·

319 4092 410 4143 factus
428 4095 486 4144 tam
511 4107 578 4146 voce
596 4109 680 4162 quam
698 4091 811 4161 scriptis
834 4109 882 4146 eas
903 4109 1001 4146 causas
1027 4107 1075 4160 pro
1099 4093 1219 4145 veritate
1243 4096 1273 4144 et
1297 4091 1406 4145 iustitia
1425 4093 1500 4162 apud

319 4197 394 4264 ipsos
413 4197 548 4264 Vicarios,
561 4215 594 4252 ac
611 4199 697 4254 etiam
717 4199 973 4269 archiepiscopum,
990 4204 1019 4253 et
1037 4213 1225 4269 quoscumque
1244 4197 1324 4263 alios,
1336 4197 1409 4267 apud
1428 4214 1500 4268 quos

320 4317 390 4369 opus
412 4302 477 4368 erit,
500 4307 627 4369 tuentum
645 4308 675 4358 et
699 4303 812 4358 illorum
836 4304 1021 4374 patrocinium
1046 4303 1195 4372 suscipiat,
1220 4318 1381 4374 memorque
1405 4304 1444 4356 sit
1471 4304 1500 4356 in

319 4409 469 4466 calumniis
485 4414 616 4468 cavendis
634 4419 687 4468 ete.
699 4427 724 4467 n.
