3350 5100
394 329 482 383 Quen
508 326 543 377 lN
566 330 699 384 Quanto
723 330 900 379 vocamus
924 328 1163 375 conminutas

459 455 487 523 C

246 596 476 653 calumniatores.
495 624 531 635 -
553 594 682 651 Graviter
703 610 752 651 eoa

190 670 323 738 puniebat
339 668 383 723 111
399 683 553 732 romanum,
572 665 754 736 peg.149·,et

191 741 271 809 punit
289 740 332 793 ius
351 739 524 805 canonicum,
545 754 607 807 pag.
631 737 690 792 190.

228 880 397 1007 tGarnbimn.
416 909 453 923 —
471 879 543 941 Quid
557 878 604 945 sit,
624 894 689 949 pag.
704 877 753 933 103

190 969 226 1007 no
238 970 265 1007 a.

247 1095 380 1150 Canonioi
392 1122 425 1135 ·—
442 1110 498 1147 non
516 1093 670 1149 residentes
687 1108 755 1164 quo-

191 1166 272 1221 modo
291 1166 425 1236 puniendi
443 1166 507 1231 sint,
526 1182 588 1235 pag.
612 1164 670 1219 130.

248 1308 384 1379 Capitale.
402 1336 439 1349 -
457 1308 487 1361 111
504 1305 696 1361 criminalibus
708 1321 756 1359 vo-

191 1385 292 1435 cantur
309 1380 434 1449 capitula
455 1379 581 1435 diversae
601 1378 757 1433 accusatio·

192 1453 236 1505 nie
254 1456 348 1523 partes
367 1456 429 1521 post
446 1452 550 1504 factam
574 1449 754 1505 contestatio·

193 1538 266 1590 nem,
285 1539 367 1593 pagg.
386 1522 448 1588 273,
467 1522 527 1575 322.

247 1665 521 1721 Cardinales-non
530 1663 683 1718 residentes
692 1677 756 1731 gra·

192 1736 279 1791 datius
297 1737 426 1791 omnibus
439 1736 584 1805 privantur
600 1733 707 1789 iuribus
725 1735 755 1789 et

191 1808 252 1875 ipso
270 1807 454 1873 cardinalatu,
474 1823 535 1876 pag.
558 1805 619 1860 128.

248 1949 345 2003 Causa.
365 1976 399 1989 -
418 1948 560 2009 Quaenam
585 1963 686 2001 causae
712 1944 754 1999 di·

192 2024 292 2074 cantur
320 2036 461 2090 nunquam
493 2019 612 2073 transire
638 2019 667 2072 in
695 2033 755 2071 rem

192 2090 357 2157 iudicatam,
384 2107 446 2159 pag.
472 2088 524 2143 337
552 2107 591 2161 sq.
613 2089 754 2143 -Causae

192 2162 353 2215 criminales
371 2161 515 2216 habendae
539 2165 605 2215 sunt
630 2176 755 2216 summo·

192 2236 254 2289 riae
264 2240 374 2287 tautum
386 2234 477 2304 quoad
488 2234 687 2297 solmnitates,
700 2246 755 2284 non

193 2305 283 2376 quoad
305 2305 490 2374 probationes,
511 2321 573 2375 pag.
591 2302 652 2359 344.
670 2332 684 2345 -
702 2302 757 2356 Ne-

193 2377 309 2433 cessitas
321 2376 477 2431 instruendi
489 2381 519 2430 et
530 2374 678 2431 definiendi
692 2391 757 2428 ceu·

110 2496 113 2502 .
192 2466 238 2503 aas
255 2448 415 2503 criminales
433 2448 462 2501 in
481 2448 541 2501 loro
556 2446 756 2510 ecclesiastico,

193 2536 256 2590 pag.
274 2518 335 2575 345.
349 2520 417 2576 -De
435 2536 535 2575 causae
554 2518 755 2588 disceptatione

192 2592 273 2656 orati,
292 2592 326 2646 ci.
347 2593 516 2662 Disceptatio
536 2608 646 2646 causae.

249 2731 756 2788 Gousaematrimoniales.-Decau·

192 2803 755 2869 sismatrimonialibusiudicialibus,pag.

193 2875 255 2928 459.
274 2903 288 2916 -
308 2875 418 2928 Adeunt
445 2875 530 2928 etiam
558 2889 659 2928 musae
684 2889 756 2942 quae

192 2949 322 3015 spectant
339 2947 456 3002 effectus
476 2943 648 2999 matrimonii
675 2960 756 3012 sepa·

193 3016 298 3072 nabiles
317 3018 361 3072 vet
380 3017 536 3072 incidenter
555 3017 599 3070 vei
619 3015 757 3084 principa·

192 3085 269 3152 liter,
289 3105 350 3157 pag.
369 3087 430 3143 466.
448 3117 463 3127 -
477 3087 583 3142 musae
601 3102 673 3156 quae
685 3087 758 3140 fiunt

193 3159 228 3212 ad
237 3160 416 3214 obtinendam
429 3159 664 3228 dispensationem
674 3173 758 3210 1111-

194 3231 325 3286 trimonio
348 3236 410 3286 rato
433 3236 462 3286 et
486 3247 542 3284 non
566 3232 757 3284 consummato

194 3309 260 3357 sunt
276 3305 420 3372 protiosae
430 3303 459 3356 in
472 3318 522 3356 suc
535 3317 627 3370 scapo,
640 3300 758 3356 iudicia-

194 3374 237 3430 les
256 3375 285 3428 in
305 3390 444 3443 processu,
462 3375 498 3428 ib.
514 3373 592 3434 -Qui
612 3387 757 3440 processus

193 3443 280 3501 habet
297 3445 403 3518 aliquid
421 3444 550 3514 speciale,
569 3446 605 3498 id.
618 3459 654 3514 sq.
678 3471 691 3484 ·
712 3445 756 3498 An

194 3533 243 3586 per
256 3518 473 3572 transactionem
486 3515 642 3585 praeveniri
662 3518 712 3568 aut
726 3515 757 3570 fi·

193 3587 249 3642 niri
267 3590 356 3657 possit
372 3589 515 3643 contentio
534 3586 681 3652 iudicialis,
691 3601 756 3655 pag.

193 3658 255 3712 461.
282 3687 297 3701 -
318 3661 362 3714 An
389 3660 578 3728 compromitti
606 3658 700 3712 valeat
728 3657 757 3710 11

195 3731 326 3798 arbitros,
344 3733 380 3785 ii).
401 3731 459 3784 -Si
479 3731 540 3784 fieri
560 3731 655 3798 possit,
674 3729 756 3782 iudex

193 3806 244 3856 aut
262 3804 365 3870 probus
384 3803 435 3863 vir,
449 3802 484 3855 de
502 3805 633 3856 mandato
645 3801 754 3864 iudicis,

192 3872 369 3928 concordiem
397 3873 494 3929 sedulo
521 3878 631 3928 tentere
655 3871 756 3926 debent

193 3945 268 3998 inter
293 3946 433 4014 coniuges,
458 3946 493 3998 ib.
519 3961 558 4013 sq.
577 3972 590 3985 -
607 3943 757 3998 Processus

193 4014 332 4070 iudicialis
345 4017 393 4088 qui
413 4017 445 4070 111
462 4017 491 4069 11
511 4015 602 4068 causis
615 4013 757 4068 matrimo-

193 4086 317 4140 nialibus
334 4092 377 4143 eet
395 4088 590 4141 oeconomicus
608 4101 656 4140 seu
680 4102 756 4139 sum·

193 4157 307 4222 marius,
319 4160 446 4228 quamvis
462 4156 598 4227 speciales
613 4157 757 4210 contineat

193 4227 324 4298 regulas,
334 4246 397 4299 pag.
410 4231 470 4284 469.
487 4258 500 4272 ·
513 4229 573 4284 Hae
584 4244 684 4282 causae
697 4227 756 4296 agi·

194 4303 292 4354 tantur
310 4301 353 4354 vei
374 4301 402 4354 in
420 4302 591 4372 possessorio
607 4297 652 4353 vel
664 4299 694 4352 in
708 4315 756 4369 pe·

193 4373 297 4437 titorio,
317 4388 378 4440 pag.
397 4372 458 4426 463.
483 4403 494 4414 -
517 4373 556 4426 De
580 4369 757 4424 ordinatione

194 4442 344 4498 tribunalis
356 4447 386 4498 et
403 4444 499 4498 iudicii
512 4444 541 4498 in
554 4442 645 4497 causis
660 4441 756 4496 matri·

1303 311 1368 377 661

806 450 985 513 monialibus,
1005 451 1139 519 1181464
1152 467 1191 522 sq.
1211 452 1252 505 Gi.
1272 454 1370 507 Tritu-

806 524 865 589 nal,
884 525 1048 584 Accusator,
1071 524 1159 577 Testis
1177 532 1231 577 etc.
1252 524 1291 577 De
1309 526 1371 579 toro

806 594 976 661 competenti
990 594 1020 646 in
1032 595 1124 648 causis
1136 598 1217 649 matr.
1238 611 1300 663 pag.
1316 596 1371 649 465

806 683 846 737 aq.
860 664 901 719 Cf.
917 665 1113 735 Competeutia.
1126 692 1140 706 ·
1153 664 1325 725 Quibusnam
1341 668 1370 719 11

806 737 899 791 causis
916 736 1045 791 defensor
1062 736 1234 791 matrimonii
1260 737 1372 791 intersit

806 813 927 877 oportet,
946 823 1010 877 pag.
1028 808 1090 861 478.
1106 836 1120 848 ·
1136 807 1176 863 De
1194 808 1291 863 ordine
1309 824 1373 877 pro-

807 896 903 935 cessus
926 878 1149 944 matrimonialis,
1174 895 1237 948 pag.
1255 879 1310 932 494
1328 896 1370 951 aq.

807 950 849 1007 Gi.
868 950 1030 1007 Processus.

865 1092 999 1147 Censura.
1010 1101 1046 1133 ⁴-
1057 1091 1088 1145 11
1106 1092 1284 1147 absolventes
1295 1107 1373 1145 com-

807 1162 910 1233 plicem
921 1165 949 1217 in
959 1168 1075 1231 pecomo
1084 1164 1169 1231 turpi,
1178 1179 1241 1231 pag.
1250 1163 1277 1227 63
1286 1164 1315 1217 11
1324 1163 1373 1217 do-

807 1240 903 1290 centes
917 1234 1095 1317 roveiandum
1107 1250 1208 1289 nomeu
1218 1234 1371 1317 complicis,

807 1305 1374 1433 111111111111111

808 1453 866 1503 tem
888 1449 923 1502 ad
945 1449 1045 1517 turpia,
1067 1464 1129 1517 pag.
1152 1451 1185 1514 83
1205 1477 1220 1487 -
1239 1449 1269 1501 11
1292 1447 1373 1503 colli·

807 1520 1093 1645 ᾗο111111111111111
1104 1522 1219 1573 maioris
1228 1520 1311 1588 pretii
1323 1534 1372 1588 pro

841 1591 904 1646 isaie
915 1591 1098 1655 celebrandis,
1114 1596 1144 1646 at
1161 1608 1196 1645 ex
1214 1590 1249 1644 111
1262 1591 1372 1645 lucrum

808 1668 963 1731 captantes,
984 1678 1046 1731 pag.
1070 1662 1117 1724 133
1136 1691 1149 1704 ·
1168 1663 1197 1715 in
1224 1661 1372 1731 religiosos

810 1737 1021 1803 praesumentes
1029 1734 1190 1789 ministrare
1198 1736 1374 1789 sacramenta

809 1804 958 1860 Extremae
972 1803 1120 1861 Unctionis
1134 1811 1164 1860 et
1179 1803 1373 1859 Eucharistiae

809 1893 859 1945 per
870 1877 1013 1938 viaticum,
1024 1892 1086 1945 pag.
1099 1876 1140 1940 10,
1151 1904 1166 1918 ·
1176 1877 1205 1931 11
1217 1875 1291 1930 male
1300 1876 1374 1937 ordi·

808 1953 909 2001 nantes
920 1952 950 2001 et
962 1948 1036 2003 male
1048 1947 1199 2014 ordinatos,
1210 1964 1271 2016 pag.
1286 1946 1318 2001 17
1331 1964 1371 2018 eq.

808 2018 861 2087 ((11.
893 2018 1169 2083 anommunioatio‚
1202 2018 1373 2088 Suspensio,

809 2088 1003 2155 Interdictum,
1027 2090 1138 2158 Poena).
1159 2119 1170 2131 ·
1190 2090 1218 2143 Si
1238 2105 1373 2145 censurae

809 2161 975 2229 infliguntur
984 2179 1033 2231 per
1042 2161 1210 2217 mutantium
1220 2162 1374 2215 admittunt

808 2233 1025 2302 appeliationem
1039 2239 1148 2289 tantum
1160 2233 1188 2285 in
1202 2232 1372 2295 devolutivo,

809 2303 1049 2374 pag.3350q.·De
1059 2321 1187 2374 processu
1196 2304 1334 2359 servando
1343 2304 1374 2357 in

808 2376 967 2445 irrogandis
984 2376 1030 2429 vel
1047 2375 1220 2431 declarandis
1238 2375 1373 2440 censuris,

809 2464 872 2515 pag.
880 2447 930 2501 511
941 2446 1098 2516 11.-1111111
1106 2446 1374 2516 procedituradsen·

809 2519 926 2574 tentiam
946 2520 1213 2583 condemnatoriam,
1232 2518 1315 2574 aliter
1337 2517 1372 2572 ad

809 2591 1029 2646 declaratoriam
1047 2594 1085 2646 ib.
1102 2621 1115 2632 -
1139 2591 1373 2646 Condemnatoria

808 2663 899 2716 fertur
917 2670 1030 2731 propter
1048 2663 1159 2732 culpam
1181 2678 1298 2731 gravam
1317 2678 1373 2716 non

809 2733 924 2786 omnino
942 2736 1130 2803 punientem,
1151 2735 1186 2788 ib.
1209 2751 1249 2804 sq.
1270 2763 1281 2774 ·
1299 2733 1372 2788 Gen·
1454 2789 1458 2796 ,

809 2805 882 2858 suris
900 2805 1013 2872 praevia
1031 2813 1074 2859 est
1092 2806 1209 2859 monitio
1230 2800 1283 2860 vel'
1298 2806 1374 2858 trina

809 2875 855 2930 vol
873 2893 931 2929 una
950 2892 999 2944 pro
1016 2877 1106 2931 tribus
1123 2876 1169 2932 vel
1185 2876 1286 2930 saitem
1300 2878 1373 2942 bina,

810 2961 872 3015 pag.
883 2947 945 3000 512.
952 2947 1002 3002 -In
1011 2949 1123 3016 scriptis
1131 2947 1373 3002 denuntiandam

809 3018 951 3072 sententia
968 3019 1205 3084 condemnatoris,
1226 3034 1289 3087 pag.
1309 3018 1372 3074 513.

808 3115 822 3129 ·
839 3088 982 3148 Quomodo
1000 3091 1210 3160 concipiendum
1231 3089 1373 3144 decretum

810 3175 953 3221 censurae,
972 3162 1008 3214 ib.
1024 3179 1062 3232 sq.
1081 3191 1094 3204 ·
1112 3162 1252 3216 Censurae
1267 3162 1376 3231 irroga·

809 3235 857 3284 tae
865 3232 1060 3288 executionem
1069 3249 1162 3288 secum
1173 3231 1299 3294 trahunt,
1310 3249 1373 3301 pag.

808 3301 873 3356 514.
891 3328 905 3342 ·
922 3303 1073 3359 &usuram
1104 3305 1302 3358 comminatam
1331 3321 1375 3357 re·

809 3372 904 3426 medat
927 3375 962 3428 ab
990 3376 1155 3431 executione
1178 3375 1225 3430 vel
1246 3375 1372 3430 eamdem

811 3445 922 3512 penitus
938 3444 1014 3501 toltit
1026 3448 1179 3512 excusatio,
1192 3448 1321 3515 exceptio
1333 3446 1374 3500 in-

810 3517 1015 3584 competentius
1033 3524 1084 3572 aut
1101 3518 1267 3586 suspicionis
1284 3523 1314 3572 et
1325 3534 1375 3585 ap·

811 3585 935 3654 pellatia.
955 3591 990 3643 ib.
1010 3619 1021 3630 ·
1039 3590 1070 3644 11
1095 3605 1242 3644 censuram
1267 3590 1374 3656 irroge-

811 3661 869 3711 tam
887 3659 1115 3727 appellationes
1136 3661 1222 3715 habet
1243 3660 1373 3714 effectum

810 3731 1058 3796 suspensivumib.
1076 3731 1148 3786 -De
1168 3731 1308 3786 1111111111
1325 3732 1374 3784 de·

810 3801 966 3855 charatoria
992 3819 1135 3865 censurae,
1160 3804 1196 3858 ib.
1215 3831 1228 3843 ·
1246 3801 1375 3856 Declara-

811 3871 882 3925 tioni
892 3888 1025 3928 censurae
1036 3875 1226 3942 praemittitur
1239 3876 1331 3927 citatio
1343 3876 1374 3926 et

809 3942 938 3996 citationi
958 3945 1115 4000 1111111111
1132 3945 1235 3998 notitia
1249 3944 1374 3998 criminis

810 4019 860 4066 aut
878 4017 1018 4084 inquisitio
1033 4034 1089 4087 pro
1108 4017 1308 4087 informatione
1323 4033 1373 4068 cu·

809 4086 881 4149 rica
899 4087 935 4140 ib.
958 4104 972 4140 s
991 4128 997 4139 .
1016 4116 1027 4127 -
1048 4091 1070 4140 Α
1090 4088 1231 4142 1111111111
1249 4086 1373 4140 declara·

809 4156 885 4209 toria
902 4105 1061 4226 appellatur
1084 4175 1147 4213 cum
1172 4163 1289 4228 utroque
1308 4157 1374 4211 effe-

810 4231 866 4295 ctu,
897 4244 958 4297 pag.
987 4229 1049 4284 516.
1070 4258 1081 4270 -
1102 4229 1289 4284 Posthabetur
1313 4228 1375 4299 qui·

810 4313 929 4369 cumque
956 4301 1028 4355 ritus
1055 4303 1084 4355 in
1105 4319 1171 4356 casu
1197 4300 1373 4356 necessitatis

810 4385 859 4424 eeu
885 4387 971 4439 quam
993 4375 1036 4427 ais
1059 4377 1089 4427 ai
1113 4373 1266 4444 repellitur
1290 4376 1321 4427 et
1345 4372 1375 4425 in

810 4456 877 4496 casu
896 4446 1009 4508 notorii,
1030 4461 1091 4515 pag.
1111 4446 1172 4500 517.
1274 4478 1279 4489 ·
