3350 5100
415 382 460 428 nn
484 381 624 429 merens
648 381 891 429 cernissemus
916 381 952 426 ns
976 380 1094 428 susem
1281 362 1346 428 549

613 629 794 696 TlTULUS
821 630 898 695 XII.

170 801 173 806 .
197 827 241 874 DE
265 827 431 875 PROGESSU
455 826 619 874 lUDlOlALl
643 827 871 874 lrtsrlruurtoo
895 827 930 878 IN
953 826 1197 874 DENUNCIA'I'UM
1221 827 1316 874 REUM

519 951 673 1000 GitlbssNlS
699 951 997 999 SOLLICITATIONIS.

602 1061 617 1095 0

169 1121 385 1179 snnamnm
402 1153 439 1166 -
456 1123 519 1179 538.
531 1124 558 1178 S.
572 1123 673 1192 Gongr.
693 1124 720 1178 S.
739 1123 829 1179 Officii
848 1125 877 1178 in
896 1124 1091 1179 executionem
1109 1122 1204 1178 Const.
1220 1151 1234 1162 ·
1249 1121 1347 1177 Sacro·

256 1241 380 1286 mmmm
404 1233 591 1302 poenitentioe
609 1259 624 1272 ·
642 1230 736 1300 plures
759 1229 848 1297 edidit
870 1231 1080 1284 instructiones.
1099 1257 1134 1270 -
1155 1228 1217 1284 539.
1241 1228 1348 1282 Harum

190 1322 195 1330 ’
258 1339 378 1394 intentio
397 1356 452 1393 non
464 1340 542 1406 sinit,
555 1339 707 1410 Episcopos
719 1338 871 1410 procedere
884 1339 1140 1394 extrntudicialiter
1153 1336 1198 1392 vel
1211 1355 1248 1392 ee
1259 1339 1350 1408 insor-

257 1458 332 1502 mata
356 1450 531 1504 conscientia.
556 1477 593 1490 -
616 1449 678 1501 540.
704 1446 744 1502 De
769 1446 860 1500 indice
888 1450 1073 1514 competente.
1104 1445 1142 1499 De
1170 1445 1289 1500 notario.
1313 1473 1349 1486 -

257 1554 317 1608 541.
338 1555 378 1608 De
401 1554 662 1610 denuntiationibus
685 1553 852 1623 recipiendis
871 1557 900 1608 et
919 1553 1132 1622 prudentissime
1158 1550 1349 1606 examinandis

258 1662 337 1716 iuxta
354 1662 504 1733 formulas.
523 1661 676 1730 Episcopus
689 1661 736 1732 qni
750 1659 855 1730 excipit
873 1659 1118 1714 denunciationem
1130 1658 1165 1714 de
1178 1658 1274 1714 eadem
1287 1674 1349 1713 cer·

259 1769 359 1824 tiorem
376 1773 474 1841 facere
492 1768 576 1823 debet
592 1767 618 1821 S.
631 1767 736 1836 congr.
749 1766 776 1820 S.
789 1766 888 1821 Officii.
902 1795 937 1808 —
949 1766 1011 1820 542.
1032 1765 1070 1822 De
1083 1765 1249 1835 probatione
1267 1763 1349 1819 huius

259 1875 394 1930 criminis.
406 1904 443 1916 --
454 1875 516 1930 543.
531 1875 571 1930 De
590 1875 668 1944 praxi
688 1874 714 1929 S.
734 1875 836 1944 congr.
857 1873 883 1928 S.
898 1873 932 1928 U.
947 1873 1004 1944 lnq.
1020 1871 1097 1928 Hanc
1113 1873 1136 1926 si
1150 1887 1205 1926 non
1223 1872 1350 1926 adamus·

258 1983 319 2049 sim,
339 1986 434 2037 tamen
454 1982 496 2036 nti
514 1981 656 2052 specimen
674 1980 883 2052 prudentissimi
903 1995 1048 2050 processus
1067 1995 1133 2049 prae
1144 1977 1233 2033 oculis
1246 1976 1349 2032 hebere

259 2089 361 2144 debent
372 2090 521 2157 Ordinsrii,
535 2090 570 2142 iis
581 2089 668 2144 etiam
681 2089 710 2144 in
722 2089 845 2154 casibus,
859 2089 960 2158 quibus
976 2087 1028 2156 ipsi
1048 2085 1201 2158 procedunt
1212 2101 1263 2138 sua
1277 2071 1351 2139 ordi-

259 2197 340 2250 naria
358 2201 506 2267 potestate.
525 2225 559 2238 -
578 2197 641 2250 544.
659 2195 792 2252 Refertur
811 2194 891 2249 lnstr.
911 2211 937 2248 a.
961 2193 1037 2248 1867.

260 2375 337 2443 538.
360 2377 392 2443 S.
418 2378 536 2462 Gongr.
560 2375 592 2442 S.
615 2373 720 2442 Officii
744 2376 777 2440 in
801 2359 1027 2441 executionem
1052 2373 1158 2438 Const.
1182 2406 1200 2420 ·
1222 2371 1345 2450 Sacra

170 2505 323 2569 mentum
337 2501 566 2585 poenitentiae
583 2536 601 2550 -
619 2499 741 2566 Bened.
757 2499 852 2573 XIV,
870 2497 1042 2585 specialem
1066 2495 1212 2563 adhibuit
1234 2494 1348 2561 sollici-

170 2626 314 2693 tudinem
341 2633 378 2691 nt
403 2626 639 2692 animadversio
666 2627 699 2690 in
722 2622 909 2690 sacerdotes
940 2622 1151 2688 sollicitantes
1176 2619 1216 2684 ad
1242 2622 1350 2705 turpia

171 2749 267 2817 fieret
289 2751 459 2817 observato
483 2751 605 2818 ordine
627 2750 791 2817 iudiciali.
808 2749 847 2812 ln
863 2749 951 2813 hunc
966 2767 1096 2831 scopum
1113 2745 1211 2811 edidit
1226 2746 1351 2809 Instru-

172 2850 311 2941 ctionem
328 2893 360 2939 a.
378 2875 470 2940 1867
486 2876 542 2941 die
556 2874 608 2939 20
622 2872 733 2945 Febr..
750 2872 837 2937 infra
853 2870 1057 2937 referendam
1082 2876 1115 2936 et
1137 2870 1217 2935 alias
1232 2868 1350 2935 adiecit

173 2991 335 3079 practicae
357 3012 488 3059 normas
511 3013 613 3078 aeque
635 3012 713 3058 mox
728 2991 937 3057 exhibendas.
963 3026 981 3040 -
1006 2988 1164 3057 Sacerdos
1187 2990 1271 3054 enim
1296 2990 1348 3073 qni

173 3120 207 3182 in
231 3117 484 3185 administrando
507 3123 711 3185 sacramento
737 3118 954 3202 poenitentiae
977 3135 1055 3181 suae
1077 3115 1211 3179 rationis
1232 3112 1350 3199 agendi

171 3262 237 3307 non
263 3243 361 3308 alium
388 3242 487 3309 habet
516 3247 631 3311 testem
653 3243 715 3307 nisi
742 3244 844 3326 ipsum
877 3240 1108 3326 poenitentem
1140 3237 1349 3322 eumdemque

171 3368 268 3434 facile
291 3369 436 3434 nancisci
458 3373 563 3453 potest
584 3374 818 3441 accusatorem,
843 3364 1001 3433 Sacerdos
1024 3366 1073 3429 ius
1096 3362 1195 3427 habet
1216 3366 1251 3427 ut
1273 3362 1349 3428 huic

171 3494 245 3560 testi
264 3494 434 3580 deputari
458 3493 625 3578 eidemque
644 3492 836 3560 comaron·
851 3510 916 3557 non
933 3489 1085 3557 credatur
1109 3490 1170 3554 nisi
1195 3507 1249 3554 res
1271 3508 1349 3573 pru-

172 3618 357 3684 dentissime
380 3624 478 3686 antea
500 3617 644 3683 discussa
666 3617 766 3683 fuerit
788 3617 822 3681 in
845 3616 919 3681 foro
943 3614 1093 3681 iudiciali.

259 3742 335 3809 539.
361 3742 517 3826 Equidem
539 3761 605 3806 non
628 3742 804 3807 defuerunt
820 3740 987 3824 Theologi,
1005 3739 1058 3821 qui
1078 3738 1174 3801 nimis
1189 3736 1348 3801 solemnes

173 3866 359 3931 existimant
373 3885 505 3931 normas
528 3884 698 3950 processus
720 3862 760 3929 ab
785 3863 827 3931 H.
852 3862 886 3927 (l.
911 3863 1073 3927 institutas
1095 3862 1212 3945 quippe
1228 3877 1348 3926 execu-

146 3989 250 4064 tioni
280 3986 425 4053 difficiles
448 3994 481 4054 et
502 3990 644 4072 impares
671 3986 826 4072 periculo,
852 3985 902 4052 cui
926 3983 1095 4070 oportebat
1122 3983 1268 4058 oocurri;
1292 3982 1348 4048 sed
1460 3966 1462 3969 ⁵
1573 4026 1578 4039 .

171 4114 367 4199 potissimum
390 4114 431 4178 ad
455 4112 673 4197 repellendam
690 4110 845 4177 eiusmodi
860 4110 1051 4195 opinionem,
1067 4128 1151 4193 quae
1169 4109 1349 4176 inolescere

171 4240 241 4303 visa
264 4242 322 4309 est,
346 4237 485 4302 suadens
507 4235 647 4302 faciliori
671 4235 822 4302 methodo
854 4236 1006 4320 excipere
1030 4234 1293 4301 denunciationes
1317 4239 1349 4300 et

171 4363 356 4429 sacerdotes
370 4360 581 4427 denunciatus
597 4362 741 4446 plectere
756 4364 908 4446 oportere
923 4379 1040 4425 severa
1055 4359 1348 4435 animadversione,

170 4507 236 4553 non
265 4487 403 4554 servatis
433 4485 627 4553 adamussim
657 4486 793 4552 cautelis
819 4484 941 4551 ordinis
971 4484 1148 4561 iudiciarii,
1181 4484 1214 4551 S.
1242 4482 1347 4551 Officii
