3350 5100
313 294 379 359 680

311 432 407 559 paget,
421 433 512 499 potest
528 427 641 483 abolere
660 427 703 479 ius
719 423 877 489 accusandi,

312 522 321 557 ι
373 544 377 553 .

367 644 554 699 Reiiuomotio.
575 670 608 683 -
633 640 816 693 Contumacia
840 654 875 692 ex

312 722 391 785 perte
409 714 579 767 accusatoris
597 712 641 767 rel
660 710 802 782 querelam
818 724 877 763 mo·

310 788 403 843 ventis
420 785 580 857 aequivalet
603 782 806 839 renunciationi
830 797 877 834 ac·

310 858 464 912 cusationis
475 873 524 912 seu
537 854 679 927 querelae,
693 870 756 924 pag.
769 853 823 907 425
833 870 875 922 sq.

364 1000 423 1055 Reo
436 1002 465 1053 in
477 1000 581 1053 iudicio
590 998 742 1052 crimirtoli.
755 1025 791 1039 -
800 995 875 1067 (Dc),

312 1087 375 1141 pag.
393 1072 447 1125 205
465 1086 505 1141 sq.
520 1099 533 1112 ·
545 1069 585 1123 Gt.
606 1071 766 1135 Accusatio,
788 1070 877 1123 Acco·

311 1154 401 1209 sotus,
422 1142 619 1207 Denunoiotio,
644 1142 802 1211 Inquisitio,
823 1142 877 1195 De·

311 1216 417 1283 fessio,
437 1218 489 1267 etc.

365 1356 502 1426 Repetitio
521 1356 640 1409 testium.
661 1354 814 1408 -Locum
828 1352 876 1406 ha·

310 1427 358 1481 bet
377 1428 405 1481 in
425 1441 555 1497 processu
572 1426 660 1481 mixto
674 1442 723 1495 pro
737 1426 876 1494 legitima-

310 1500 387 1553 tione
407 1514 559 1569 processus,
579 1513 641 1566 pag.
661 1496 722 1551 309.
743 1524 755 1539 ·
776 1501 820 1551 An
839 1497 877 1551 sit

309 1569 343 1622 ad
362 1570 557 1631 substantiam,
571 1584 633 1651 pag.
647 1566 707 1623 3ll.
728 1596 741 1609 -
761 1566 876 1629 Quando

309 1639 574 1776 ἕιιέιῖοῗιῗάαοαξῖἓ
588 1654 801 1779 tigridum
813 1656 876 1779 *fid

309 1800 433 1848 cessum,
452 1798 545 1836 coram
568 1788 712 1848 accusato,
732 1799 794 1852 pag.
813 1782 875 1837 39⁴.

364 1926 490 1996 Repulso
499 1928 619 1978 testium.
629 1954 664 1965 -
674 1923 744 1986 Quid
755 1925 800 1981 sit.
812 1941 874 1994 pag.

309 1996 369 2050 314.
390 2027 405 2037 ·
425 1998 475 2050 Est
493 1997 585 2063 specis
611 1996 785 2065 exceptionis
806 1996 876 2049 dila-

309 2068 408 2133 toriae,
428 2084 491 2137 pag.
510 2068 571 2119 322.

363 2210 527 2264 &semotio
544 2212 686 2280 pensionis
706 2236 739 2249 -
754 2225 815 2278 pag.
830 2208 873 2262 34.

361 2352 531 2406 Residentia.
552 2380 586 2393 -
604 2351 656 2412 Qui
676 2369 738 2406 eam
758 2367 811 2405 non
826 2353 874 2405 ob·

308 2430 435 2482 servant,
460 2424 483 2476 ai
509 2422 643 2491 obligati,
667 2425 752 2477 variis
779 2423 875 2492 poenis

308 2493 508 2564 percelluntur,
527 2510 588 2564 pag.
611 2494 660 2547 128
679 2512 719 2566 sq.

362 2637 417 2692 Res
430 2641 567 2708 ¹r'tnticotu¹
587 2665 620 2677 -
641 2637 679 2691 De
698 2638 799 2692 effectu
824 2654 874 2691 seu

306 2708 342 2763 de
355 2709 519 2778 exceptione
533 2709 572 2763 rei
586 2708 725 2763 iudicatae
742 2709 875 2763 adversus

306 2781 475 2834 seutentiam
486 2780 742 2834 condemnatoriam
762 2781 807 2835 vel
826 2782 875 2834 ab·

205 2915 209 2926 ,
307 2849 471 2906 solutoriam
491 2853 624 2917 accusati,
643 2869 704 2922 pag.
723 2853 783 2904 408.

344 2995 490 3048 Restitutio
508 2997 537 3047 in
556 2997 705 3064 integrum.
726 3021 759 3036 -
779 2993 819 3048 De
832 3009 874 3047 re·

307 3063 456 3120 stitutione
474 3067 503 3119 in
522 3065 663 3135 integrum
683 3065 815 3119 adversus
834 3065 874 3118 la·

309 3153 386 3203 psum
412 3137 592 3207 quinquennii
622 3137 649 3190 in
674 3139 765 3190 causis
791 3135 874 3191 nulli·

306 3207 375 3261 tatis
407 3208 585 3276 professionis
616 3209 781 3278 religiosae,
810 3223 872 3278 pag.

307 3279 362 3332 526
381 3295 421 3348 eq.

363 3421 446 3474 Reus.
465 3448 497 3459 —
519 3421 620 3476 Utrum
634 3421 812 3492 etquomodo
827 3421 875 3473 de-

307 3492 400 3546 fensor
420 3492 591 3546 matrimonii
614 3499 681 3561 agat
707 3497 800 3562 partes
824 3492 873 3557 rei,

308 3579 370 3632 pag.
391 3562 451 3616 479.
470 3591 506 3604 -
525 3563 725 3618 Excusationes
738 3581 755 3617 a
768 3579 815 3618 reo
827 3562 874 3618 de·

306 3633 406 3688 ductae
426 3633 515 3688 relate
533 3635 567 3688 ad
586 3651 717 3690 censuras
731 3635 875 3689 excutien-

307 3705 358 3760 dae
377 3711 442 3759 suut
460 3705 556 3760 ordine
575 3707 709 3771 iudiciali,
729 3721 790 3776 pag.
810 3706 872 3760 515.

575 3885 603 3951 S

363 4055 524 4130 Sopittoriis
544 4059 621 4130 (Dc),
640 4090 673 4103 -
693 4077 754 4132 pag.
775 4063 818 4115 78.

366 4203 509 4258 Socratem
529 4204 556 4258 S.
576 4203 671 4274 Officii.
690 4232 726 4245 -
745 4205 874 4274 Explica-

308 4279 355 4326 tur
374 4274 402 4326 in
428 4289 483 4344 quo
507 4275 641 4329 consistat
668 4285 725 4329 tum
752 4293 786 4330 ex
812 4278 873 4331 iure

309 4345 450 4398 communi
475 4351 534 4399 tum
560 4363 594 4400 ex
618 4349 679 4401 inre
707 4347 871 4415 particulari

308 4414 396 4485 (long.
416 4417 494 4486 Supr.
516 4419 580 4487 lnq,
601 4433 663 4487 pag.
682 4417 734 4471 537
754 4436 793 4489 sq.

780 304 888 352 tnossx
911 304 1030 352 RERUM

987 426 1082 478 Seciae
1093 450 1130 463 -
1147 438 1196 476 seu
1215 423 1365 475 societates
1382 422 1496 472 damna-

931 499 987 560 tae,
1005 510 1152 567 quaenam,
1172 510 1234 563 pag.
1252 494 1297 545 68.

986 637 1135 692 &nisime
1148 664 1184 677 -
1199 634 1237 690 De
1250 636 1311 688 eius
1323 634 1418 689 valore
1430 650 1494 687 cum

929 709 1038 763 teretem
1049 724 1067 760 a
1081 706 1271 761 tribunalibus
1289 705 1496 775 collegialibns,

931 794 993 849 pag.
1004 780 1066 833 221.
1079 809 1091 822 ·
1102 779 1249 835 Sententia
1260 778 1435 831 absolutoria
1447 794 1497 845 pe-

931 851 1042 905 rimitur
1059 852 1134 905 actio
1153 848 1316 911 criminalia,
1329 865 1392 918 pag.
1406 850 1469 902 262.
1483 880 1497 892 ·

930 922 1094 992 Explicatur
1113 922 1214 993 regula
1231 936 1303 992 quae
1320 920 1398 975 iubet
1417 938 1435 973 a
1453 921 1497 973 in·

929 994 991 1048 dice
1014 1008 1125 1061 semper
1147 992 1320 1048 inferendam
1344 1008 1404 1047 esse
1427 1008 1495 1045 sen·

930 1066 1048 1120 tentiam
1066 1081 1101 1119 ex
1119 1066 1191 1119 actia
1208 1070 1238 1119 et
1257 1064 1388 1133 probatis,
1407 1064 1496 1118 etiam

930 1135 1091 1207 posthabita
1108 1136 1228 1191 scientia
1244 1136 1354 1204 priuata
1366 1134 1411 1190 vel
1424 1132 1498 1205 phy·

930 1210 988 1262 sica
1006 1208 1183 1271 certitudine,
1196 1224 1259 1276 pag.
1272 1207 1325 1259 278
1343 1223 1383 1277 eq.
1397 1236 1414 1246 -
1426 1206 1498 1259 Sen-

930 1280 1021 1334 tentia
1029 1295 1102 1350 quae
1110 1288 1154 1335 est
1163 1310 1180 1320 -
1191 1278 1386 1347 pronunciatio
1394 1276 1498 1331 iudicis

930 1351 1061 1421 legitime
1078 1368 1162 1420 super
1174 1350 1337 1421 quaestione
1350 1367 1367 1403 a
1378 1354 1498 1403 conten·

930 1423 1061 1477 dentibus
1074 1423 1217 1493 proposita
1230 1453 1255 1486 ·,
1269 1422 1408 1491 protertur
1421 1438 1438 1473 a
1450 1421 1497 1473 iu·

929 1496 1000 1553 dice.
1019 1496 1047 1547 in
1066 1494 1246 1563 expediendis
1273 1493 1496 1564 quaestionibus,

930 1567 988 1620 sive
1013 1567 1140 1620 incidens
1163 1567 1222 1619 eive
1245 1566 1404 1634 defieritiau.
1429 1579 1495 1631 pag.

927 1637 991 1691 326.
1002 1667 1016 1679 ·
1027 1638 1174 1692 Sententia
1186 1645 1230 1692 eat
1242 1644 1292 1690 aut
1310 1636 1496 1690 come-edicto·

929 1711 984 1770 riu,
1001 1714 1053 1762 ant
1070 1710 1297 1772 contumacioiis,
1317 1723 1382 1776 pag.
1401 1706 1472 1771 3273
1483 1734 1498 1747 ·

930 1779 987 1835 alia
1005 1787 1049 1835 est
1066 1781 1238 1835 abeohstorio
1251 1785 1301 1833 aut
1312 1780 1349 1833 ab
1362 1780 1497 1833 intimatio

929 1858 980 1906 aut
997 1868 1015 1904 a
1033 1854 1167 1917 ommim
1184 1852 1241 1905 alia
1255 1852 1497 1915 condemnatoris,

930 1926 994 1979 ibid.
1008 1940 1047 1994 sq.
1061 1952 1075 1965 ·
1089 1923 1236 1978 Sententia
1253 1923 1398 1977 definitiva
1412 1924 1498 1976 abso·

929 1994 1033 2049 lutoria
1045 1995 1091 2049 vel
1104 1994 1332 2051 condemnatoris
1349 1995 1432 2048 debet
1444 1993 1498 2048 lta·

929 2070 996 2121 bere
1015 2068 1150 2137 requisita
1168 2070 1227 2120 tum
1246 2066 1411 2127 extrinseca,
1430 2082 1496 2134 pag.

929 2137 997 2200 3283
1016 2166 1030 2179 ·
1050 2143 1109 2191 tum
1132 2138 1293 2201 intrinseca,
1315 2153 1377 2206 pag.
1397 2136 1458 2190 329.
1481 2166 1496 2178 ·

930 2209 1076 2264 Sententia
1093 2210 1153 2263 sive
1172 2208 1345 2263 absolutoria
1356 2210 1415 2263 sire
1426 2226 1497 2263 con·

929 2279 1102 2334 damnatoria
1115 2281 1216 2335 transit
1229 2282 1257 2335 in
1271 2296 1329 2334 rem
1342 2281 1495 2335 iudicatam

928 2350 1040 2422 quando
1057 2351 1177 2420 amplius
1193 2351 1383 2421 appellatione
1394 2353 1495 2421 impeti

930 2439 985 2477 non
1004 2421 1089 2487 valet,
1102 2439 1164 2491 pag.
1178 2450 1188 2463 ·
1201 2422 1261 2476 330.
1272 2423 1365 2484 -Quid
1377 2426 1446 2477 iuris
1459 2425 1496 2478 de
1554 2429 1561 2443 ⁶

929 2494 1158 2560 interlocutoriis,
1175 2496 1240 2548 toto.
1259 2494 1300 2547 Cf.
1320 2496 1494 2567 Appellatio.

929 2567 996 2621 -De
1014 2567 1162 2620 sententiis
1180 2583 1252 2637 qnae
1271 2583 1326 2621 non
1346 2574 1495 2623 transeunt

928 2638 958 2692 in
978 2655 1036 2692 rem
1054 2637 1216 2704 iudicatam,
1232 2655 1294 2708 pag.
1307 2637 1360 2692 337
1373 2657 1412 2710 sq.
1426 2639 1495 2694 -De

928 2710 1085 2765 sententiae
1100 2709 1273 2775 executione,
1291 2709 1332 2763 Gt.
1347 2712 1494 2766 Ececioio.

929 2810 943 2822 ·
957 2782 1032 2836 Reus
1044 2783 1201 2835 necessario
1213 2782 1341 2835 citandus
1354 2787 1385 2836 ut
1396 2782 1495 2837 audiat

928 2853 1098 2906 sententiam
1116 2851 1300 2916 definitivam,
1318 2870 1381 2923 pag.
1402 2855 1462 2909 tol.
1479 2883 1493 2895 ·

929 2924 957 2977 ln
986 2929 1039 2977 art.
1066 2939 1140 2977 xxxv
1169 2923 1250 2979 lnstr.
1276 2924 1303 2978 S.
1326 2925 1355 2978 C.
1383 2926 1436 2980 Eli.
1463 2933 1493 2980 et

930 2995 988 3049 RR.
1007 2995 1104 3064 agitur
1120 2995 1155 3049 de
1172 2997 1314 3051 sententia
1337 2997 1492 3076 definitive.

929 3083 992 3136 pag.
1005 3067 1072 3131 4073
1085 3094 1099 3107 ·
1112 3083 1184 3137 quae
1202 3072 1246 3122 est
1257 3073 1307 3121 ant
1319 3068 1493 3123 absolutoria

928 3140 1050 3192 accusati
1061 3143 1110 3191 aut
1118 3138 1241 3192 eiusdem
1253 3139 1493 3204 condemnatoris,

928 3211 993 3264 itit.
1007 3236 1022 3250 ·
1034 3212 1077 3262 An
1097 3215 1126 3264 et
1144 3209 1280 3279 quomodo
1296 3211 1493 3280 pronunciatio

928 3281 1087 3334 sententiae
1105 3280 1252 3346 habeatur,
1270 3286 1382 3336 serrato
1401 3281 1490 3336 veluti

929 3368 984 3406 nno
1002 3355 1145 3416 contextu,
1158 3353 1301 3407 conclusio
1312 3353 1493 3424 disceptatio·

928 3423 971 3476 nis
989 3439 1099 3488 causae,
1118 3440 1181 3492 pag.
1198 3424 1258 3478 408.
1273 3452 1286 3465 ·
1301 3426 1339 3479 De
1358 3429 1437 3494 parte
1449 3425 1492 3478 di·

927 3493 1063 3564 spositiva
1081 3495 1247 3560 sententiae,
1260 3495 1418 3564 explicatur
1436 3503 1490 3549 art.

928 3580 1000 3619 xxxv
1019 3582 1102 3633 supra
1121 3567 1234 3630 citatus,
1252 3583 1315 3636 pag.
1334 3567 1395 3621 409.
1408 3596 1422 3609 ·
1436 3568 1494 3620 ad-

927 3635 1017 3690 denda
1038 3642 1081 3690 est
1105 3640 1263 3692 sententiae
1288 3655 1352 3707 pars
1376 3638 1491 3704 motiva,

928 3723 989 3776 pag.
1010 3706 1071 3761 alo.
1091 3740 1104 3751 -
1122 3708 1270 3764 Sententia
1289 3725 1337 3764 reo
1355 3717 1400 3764 est
1421 3709 1493 3763 indi·

927 3779 1023 3842 cende,
1037 3784 1067 3832 nt
1085 3779 1107 3831 si
1127 3779 1206 3846 velit,
1218 3780 1436 3850 appellationem
1449 3782 1492 3833 in·

928 3856 1075 3917 terponere
1094 3851 1188 3905 valeat
1205 3852 1238 3904 ad
1259 3853 1429 3920 superiorem
1446 3869 1492 3907 ec·

927 3920 1114 3976 clesiasticarn
1137 3929 1314 3991 potestatem,
1333 3925 1398 3978 itte.
1417 3941 1456 3979 s.
1477 3953 1492 3966 ·

928 3992 967 4046 De
986 3992 1067 4046 modo
1085 4008 1140 4062 qno
1158 3996 1248 4047 fertur
1265 3997 1407 4049 sententia
1425 3942 1493 4050 den-

928 4064 1016 4117 nitiva
1026 4080 1043 4117 a
1053 4064 1188 4118 tribunali
1198 4065 1349 4136 collegiali,
1358 4082 1421 4136 pag.
1428 4067 1458 4121 tl
1468 4068 1491 4122 l.

926 4165 941 4177 ·
966 4135 1113 4189 Sententia
1136 4137 1278 4204 appellata
1295 4138 1454 4192 detenditur
1473 4154 1492 4191 a

927 4206 1091 4261 Promotore
1108 4207 1207 4272 fiscali,
1227 4224 1288 4277 pag.
1308 4209 1370 4262 417.
1387 4237 1401 4250 ·
1419 4209 1492 4263 lixe-

926 4278 1033 4331 cntioni
1052 4281 1210 4334 sententiae
1229 4281 1262 4333 tlt
1280 4279 1367 4349 locus,
1379 4281 1491 4351 qnando

926 4350 1068 4403 sententia
1086 4364 1141 4403 non
1157 4351 1278 4420 amplius
1290 4357 1384 4420 potest
1396 4353 1492 4422 appel·

926 4419 1033 4474 latione
1052 4421 1158 4489 impeti,
1172 4437 1234 4491 pag.
1249 4423 1307 4476 424.
1322 4451 1337 4465 ·
1351 4423 1390 4478 De
1408 4424 1491 4478 modo
