3350 5100
454 319 498 365 nn
522 317 661 365 mainus
685 315 939 364 commeamus.
1223 293 1286 358 187

121 440 242 522 querela
265 439 353 506 facta
375 441 460 526 apud
487 440 625 506 iudicem
651 442 923 524 incompetentem
946 441 996 501 est
1018 431 1186 510 inefficax;
1210 435 1286 499 item

122 565 275 648 querelam
306 566 362 633 ille
392 586 513 651 urgere
547 587 611 630 non
640 571 754 650 potest,
779 565 833 647 qui
865 583 930 626 non
961 561 1059 627 habet
1092 563 1142 626 ius
1171 559 1288 646 agendi

120 700 168 760 aut
187 695 299 758 saltem
324 693 534 778 promovendi
562 693 713 758 iudicium
737 711 797 777 per
821 691 846 755 F
849 693 967 762 iscurn,
988 689 1165 771 publicum
1189 707 1287 752 aecu-

119 825 265 884 satorem.
281 855 299 866 -
317 819 479 891 Quocirca
494 819 668 903 querelans
684 823 732 881 est
747 835 888 902 persona
904 813 1168 889 extraiudioialis,
1182 811 1287 896 prouti

120 948 178 1028 ipsa
203 947 339 1028 querela
366 952 415 1009 est
437 950 529 1009 actus
559 942 814 1008 extraiudicialis
837 939 893 1006 sed
924 940 1047 1024 indiget
1079 936 1288 1002 fundamento

119 1070 320 1135 relectionis
343 1069 394 1133 vel
418 1069 532 1134 saltem
556 1070 637 1133 iaris
659 1065 871 1153 promovendi
888 1065 1071 1130 instantiam
1096 1060 1286 1126 iudicialem.

121 1193 181 1258 Hac
202 1194 242 1258 de
265 1215 366 1260 causa
393 1196 505 1259 statuit
530 1194 648 1260 Coelen
676 1192 912 1277 Gregorianus
935 1186 1102 1271 poenalis,
1132 1189 1197 1250 art.
1223 1183 1289 1249 156

121 1354 136 1364 ·
149 1322 441 1412 quereiamposse
459 1318 661 1401 promoven·
683 1317 886 1399 informem
908 1311 1145 1384 accusationis,
1163 1316 1195 1374 et
1214 1308 1289 1373 inde

120 1477 135 1489 -
149 1449 208 1508 art.
224 1444 295 1510 158
311 1479 329 1492 -
346 1443 569 1527 querelantem
586 1439 657 1506 lieri
674 1440 915 1506 adhaerentem
932 1439 1022 1522 fisco.
1047 1473 1064 1486 ·
1091 1437 1154 1502 Hic
1170 1434 1288 1500 adhae-

119 1587 185 1631 rens
206 1587 267 1651 per
289 1588 335 1638 se,
361 1574 411 1634 est
433 1587 574 1652 persona
602 1565 893 1632 eatraiudiciatis,
918 1561 974 1627 sed
999 1559 1104 1626 influit
1126 1562 1159 1624 in
1183 1561 1286 1642 ipsum

117 1691 234 1756 Fiscum
257 1696 496 1772 accusatorem,
512 1692 545 1755 ri
568 1690 716 1770 actionis,
733 1708 827 1772 quam
848 1689 917 1773 ipse
940 1685 1039 1750 habet
1057 1691 1089 1748 et
1112 1703 1171 1769 per
1190 1682 1287 1747 alium

118 1835 166 1878 seu
187 1835 246 1898 per
271 1815 414 1886 Fleuum,
441 1819 586 1879 exercet.
613 1848 630 1862 -
656 1811 728 1877 Hoc
751 1818 846 1898 pacto
871 1809 1086 1877 denunciatio
1119 1809 1289 1876 iudicialis

117 1937 316 2025 distinguitur
338 1939 378 2003 ab
402 1942 626 2005 accusatione.

198 2064 274 2128 133.
299 2064 399 2128 Hisce
422 2065 543 2148 positis,
561 2063 742 2128 evidentius
764 2068 814 2126 est
839 2081 954 2125 munus
977 2061 1184 2124 accusatoris.
1209 2056 1288 2123 Ete-

116 2189 173 2250 aim
194 2194 370 2254 accusator
391 2189 447 2252 ille
463 2194 523 2261 est,
541 2190 595 2271 qui
612 2187 763 2251 iudicium
787 2187 957 2264 instaurat,
974 2186 1005 2248 vi
1022 2183 1163 2249 actionis
1182 2203 1290 2266 popu»

118 2313 191 2376 laris
213 2313 417 2378 criminatis.
442 2313 604 2387 Quocirca
620 2315 695 2395 quia
710 2312 793 2375 haee
809 2310 915 2376 cuiuis
935 2310 977 2374 de
988 2309 1119 2391 populo
1139 2309 1288 2392 pertinet,

116 2457 177 2522 arg.
192 2438 240 2503 tit.
256 2437 310 2503 23
323 2441 359 2522 ff.
381 2438 431 2502 De
454 2437 681 2520 popularibus
703 2436 825 2502 action.
844 2453 956 2500 omnes
978 2453 1134 2498 accusare
1158 2438 1290 2519 possunt

117 2565 161 2644 qui
183 2583 341 2648 expresse
363 2583 427 2628 non
452 2562 708 2648 prohibeantur;
733 2582 803 2645 arg.
829 2562 850 2625 l.
876 2560 955 2643 817.
983 2560 1032 2624 De
1055 2578 1164 2624 accus.

197 2690 349 2752 lamvero
376 2688 527 2755 absolute
560 2708 717 2753 accusare
744 2685 967 2771 prohibentur,
995 2682 1196 2766 impuberes,
1220 2702 1291 2747 mu·

117 2811 215 2884 lieres,
229 2812 355 2883 elerici.
369 2818 481 2877 mente
497 2812 589 2894 eapti
604 2817 637 2876 et
648 2812 704 2875 alii
716 2812 835 2874 natura
846 2807 1014 2873 inhabiles.
1028 2808 1109 2873 Item
1123 2804 1291 2887 monachi,

117 2938 161 3017 qni
183 2938 385 3022 irregulares
411 2935 493 3001 fiunt
521 2937 605 3000 siin
639 2935 754 2999 iudicio
785 2934 953 3019 sanguinis
983 2938 1107 3017 partem
1131 2931 1290 3006 habeant;

116 3062 237 3125 minime
262 3065 391 3126 verosi
420 3062 563 3127 civiliter
585 3061 625 3125 de
652 3062 788 3125 crimine
821 3064 929 3145 agant,
955 3058 1038 3141 qnod
1066 3056 1214 3122 iudicium
1240 3057 1290 3121 his

117 3204 173 3248 non
188 3188 382 3272 prohibetur
398 3188 594 3256 instaurare.
610 3188 716 3271 prouti
732 3187 939 3270 exposuimus
957 3184 1031 3248 Vol.
1049 3180 1110 3263 ΙΙΙ,
1126 3203 1158 3247 n.
1175 3181 1251 3247 318.
1271 3217 1288 3230 -
1365 3182 1372 3199 '

118 3308 291 3375 Praeterea
313 3310 354 3373 ab
374 3311 558 3375 accusando
574 3310 778 3395 repelluntur
797 3310 1005 3394 magistratus
1022 3312 1054 3373 et
1070 3307 1195 3388 milites,
1213 3325 1255 3370 ne
1271 3324 1291 3369 a

117 3452 166 3495 suo
188 3454 326 3500 munere
349 3435 597 3510 abstrahantur;
622 3434 798 3500 criminosi
828 3438 861 3499 et
887 3435 920 3496 in
944 3452 1066 3517 genere
1089 3430 1236 3513 infames
1259 3435 1291 3494 et

117 3557 164 3622 alii
178 3579 291 3623 omnes
305 3561 359 3643 qui
376 3559 416 3622 de
432 3560 597 3623 calumnia
611 3564 686 3623 sunt
702 3559 817 3623 merito
836 3559 986 3640 suspecti,
1004 3556 1102 3620 veluti
1119 3555 1289 3627 haeretici,

117 3681 214 3747 iudaei
237 3686 270 3747 in
291 3686 397 3749 cauas
420 3681 665 3753 catholicorum,
686 3684 763 3748 item
787 3684 1000 3767 pauperiores
1022 3688 1055 3745 et
1070 3680 1201 3744 viliores
1221 3698 1291 3763 per-

117 3824 217 3870 sonae.
242 3806 292 3873 cf.
316 3806 476 3871 Schmalz.
501 3806 532 3869 h.
558 3812 578 3869 t.
602 3826 634 3869 n.
659 3806 704 3870 42
727 3825 793 3888 seq.

197 3930 260 3995 Sed
285 3933 366 3995 istae
389 3930 610 3997 inhabilitates
632 3935 709 3994 sunt
734 3926 1026 3994 demonstratitiae
1054 3946 1117 3991 non
1142 3925 1291 3991 tenatiae

117 4056 311 4124 enunciatae,
325 4074 389 4119 non
407 4075 501 4118 secus
516 4074 556 4119 ac
571 4055 805 4139 explicavimus
820 4058 955 4139 agentes
972 4052 1010 4118 de
1029 4050 1163 4117 testibus
1176 4050 1250 4113 Vol.
1266 4051 1290 4123 I,

117 4196 144 4237 n.
160 4178 224 4244 469
238 4200 318 4263 seq:
344 4178 556 4263 quamobrem
580 4180 613 4244 hi
638 4200 760 4260 omnes,
784 4200 864 4263 quos
888 4180 1122 4247 recensuimus,
1144 4177 1204 4241 nisi
1229 4176 1293 4240 sint

118 4308 230 4368 natura
251 4304 422 4372 inhabiles,
441 4301 540 4367 veluti
558 4302 707 4374 infantes,
725 4305 837 4375 ceteri,
856 4306 932 4368 iure
950 4302 1105 4386 pontivo,
1123 4320 1188 4365 non
1211 4299 1292 4364 adeo

121 4434 189 4493 sunt
203 4430 344 4494 inidouei
357 4436 395 4493 nt
411 4430 519 4512 aliquo
541 4430 573 4492 iu
590 4448 667 4492 casu
683 4428 807 4494 admitti
824 4449 889 4493 nou
906 4430 1038 4513 possint.
1055 4426 1163 4502 Quare
1179 4429 1205 4491 si
1221 4446 1293 4511 age-
