3350 5100
350 315 418 381 230
865 333 948 382 runs
980 335 1016 381 11.

355 462 524 527 minalibus
547 460 593 546 (l)
616 459 849 546 cognoscendis
873 466 906 526 et
928 457 1137 545 expediendis
1159 459 1241 524 nihil
1264 459 1383 524 distant
1398 458 1438 522 ab
1454 459 1534 544 Epi-

354 589 471 673 scopis‚
484 588 591 672 prouti
614 586 793 650 desumitur
815 605 859 650 ex
883 586 1079 651 resolutione
1099 584 1161 649 diei
1176 585 1221 649 21
1237 585 1313 650 Iun.
1331 583 1416 650 1721
1432 584 1535 669 Gong.

358 714 566 798 particularis
588 711 758 796 deputatae
780 730 800 774 a
823 709 991 777 Pontifice.
1017 711 1088 776 Hoc
1112 717 1144 776 et
1167 710 1282 796 probat
1304 709 1424 776 Bened.
1447 710 1537 776 XIV

324 840 400 904 *De
423 860 497 924 syn.
520 839 568 919 ΙΙ,
592 859 620 903 c.
644 839 689 910 11,
713 859 747 902 rs.
771 837 803 902 4.

485 963 519 1047 5)
545 963 785 1066 bletropolitani
818 981 995 1046 eorumque
1024 961 1150 1026 Vinarii
1182 962 1360 1028 Generales
1383 964 1415 1026 in
1439 961 1536 1046 spiri-

251 1117 255 1130 ·
355 1089 507 1160 tualibus,
532 1091 623 1153 iuxta
644 1089 810 1153 decretum
834 1089 888 1152 cit.
914 1087 1036 1154 Concil.
1060 1087 1148 1153 Trid.
1174 1087 1260 1154 Sese.
1285 1086 1337 1152 13.
1362 1106 1436 1170 cap.
1461 1087 1477 1149 1
1504 1093 1539 1150 et

360 1215 395 1296 2,
412 1221 446 1282 et
460 1235 520 1301 pro
535 1215 651 1279 horum
669 1215 885 1298 competentia
900 1232 957 1278 seu
978 1214 1068 1278 iuxta
1082 1213 1303 1278 limitationem
1319 1231 1419 1297 snpra
1434 1231 1538 1297 expo-

355 1343 450 1407 sitam
473 1339 576 1424 quoad
593 1344 783 1424 potestatem
797 1337 923 1403 vicarii
939 1339 1120 1414 Generalis,
1137 1343 1212 1404 sunt
1234 1338 1354 1403 iudices
1377 1337 1542 1403 secundae

363 1468 544 1534 instantiae.
570 1464 618 1530 Cf.
644 1463 730 1530 Sors.
747 1463 805 1530 24.
823 1483 897 1546 cop.
915 1463 966 1528 20
988 1462 1042 1530 De
1057 1463 1121 1545 ref.
1140 1464 1259 1529 Concil.
1278 1463 1364 1528 Trid.
1381 1468 1414 1527 et
1428 1462 1538 1528 decla·

366 1593 510 1658 rationes
534 1592 565 1656 S.
590 1591 624 1656 (l.
649 1587 682 1655 G.
709 1592 740 1653 in
764 1589 840 1654 edit.
866 1587 1002 1654 Richter
1024 1610 1055 1674 p.
1072 1589 1148 1654 389.
1164 1625 1178 1636 -
1195 1589 1414 1674 competentia
1429 1594 1541 1652 sutem

363 1715 641 1786 Patriarcharum
654 1711 833 1779 Primatum
857 1714 1008 1779 exolevit.
1026 1749 1041 1762 -
1057 1713 1088 1777 A
1105 1715 1369 1800 metropolitanis.
1386 1714 1438 1796 qui
1454 1711 1541 1778 iudi-

362 1841 511 1905 caverint
534 1841 566 1903 iu
590 1841 695 1924 prime
717 1839 879 1918 instantis,
896 1835 932 1902 fit
954 1807 1128 1924 appellatio
1158 1837 1197 1902 ad
1229 1838 1321 1902 Rom.
1346 1837 1439 1901 Pout.
1463 1837 1540 1906 nisi.

364 1967 436 2030 iure
468 1965 611 2050 speciali,
635 1965 744 2049 vigeat
770 1970 806 2028 ut
835 1964 1017 2050 appelletur
1047 1963 1087 2030 ad
1118 1963 1214 2028 alium
1246 1962 1542 2047 metropolitanum.

346 2093 407 2159 ,01
432 2093 496 2156 vol.
522 2093 546 2162 1.
571 2111 603 2155 n.
629 2089 704 2156 622.

497 2215 532 2301 6)
550 2215 633 2288 Quia
647 2233 785 2299 semper,
802 2216 919 2280 omisso
942 2214 1056 2287 medio,
1074 2215 1232 2300 appellari
1248 2220 1354 2300 potest
1367 2213 1408 2279 ad
1425 2214 1545 2278 Roma-

359 2361 436 2408 uum
460 2338 662 2410 Pontificem,
686 2341 730 2404 ita
753 2359 813 2424 per
835 2359 881 2413 se,
904 2340 986 2404 nihil
1010 2339 1161 2425 prohibet
1175 2342 1343 2424 quominus
1358 2337 1546 2426 appelletur

364 2465 404 2530 ad
417 2465 496 2529 Eius
507 2463 646 2551 Legatos
656 2463 709 2528 vel
721 2463 872 2544 Nuncios,
885 2463 991 2547 prouti
1005 2468 1139 2527 cavetur
1150 2464 1184 2528 iu
1196 2463 1335 2528 decretis
1344 2461 1443 2528 Clem.
1453 2461 1542 2528 VllI
1641 2499 1642 2526 l

358 2612 388 2657 a
415 2590 510 2662 1600.
534 2596 596 2655 art.
621 2590 659 2664 7;
684 2594 717 2653 et
745 2590 920 2673 exponitur
948 2590 981 2651 in
1010 2590 1198 2673 nuperrima
1228 2588 1363 2675 epistola
1394 2588 1469 2653 data
1501 2588 1542 2653 ad

364 2717 515 2782 Nuntium
551 2717 661 2801 Apost.
694 2715 858 2779 Matriten.
892 2713 943 2805 die
967 2714 1011 2779 15
1041 2732 1097 2797 up.
1127 2713 1220 2779 1885
1251 2710 1349 2799 (Acta
1381 2711 1416 2777 S.
1441 2713 1545 2781 Sedis

359 2842 434 2907 Vol.
461 2841 512 2911 17.
536 2860 566 2925 p.
592 2838 669 2924 561)
694 2837 750 2923 (2).

497 2964 531 3049 7)
556 2965 724 3029 Romanus
746 2950 910 3035 P'ontilex,
935 2964 1005 3028 iure
1030 2964 1203 3037 primatus,
1227 2966 1261 3030 in
1284 2965 1437 3029 universo
1460 2962 1546 3029 orbe

366 3086 536 3157 catholico,
550 3104 641 3151 suam
664 3105 824 3150 exercere
848 3086 936 3151 valet
966 3088 1212 3171 competentiam
1236 3086 1270 3152 in
1294 3105 1408 3152 causas
1431 3088 1544 3151 crimi-

366 3210 467 3283 nales,
492 3229 571 3295 prae
594 3209 741 3275 omnibus
765 3209 921 3276 iudicibus
944 3211 1131 3287 ordinariis3
1156 3210 1362 3336 nihplominus
1385 3230 1428 3276 ex
1450 3230 1543 3275 com·
1639 3238 1640 3247 ¹

363 3336 450 3400 muni
474 3336 560 3408 iure,
584 3334 644 3399 sibi
662 3335 833 3417 privatice
857 3342 1006 3402 reservat
1029 3356 1144 3402 causas
1165 3337 1315 3401 maiores
1337 3334 1543 3410 criminales;

364 3480 443 3545 ques
466 3458 598 3525 deferre
621 3460 704 3525 solet
719 3460 904 3527 iudicandas
926 3461 1140 3527 tribunalibus
1163 3482 1220 3527 seu
1236 3461 1544 3547 congregationibus

433 3720 472 3789 (l)
492 3718 595 3773 Verum
621 3734 638 3771 s
662 3717 917 3773 matrimonialibus
942 3719 1140 3789 cognoscendis
1158 3735 1287 3790 expresse
1309 3717 1444 3789 prohibiti
1467 3724 1541 3775 suut,

361 3828 402 3881 cl.
422 3827 489 3882 Inst.
510 3828 537 3881 S.
559 3828 587 3881 C.
609 3828 637 3881 C.
655 3828 698 3880 24
715 3830 788 3897 Aug.
808 3827 896 3880 1840.

435 3935 474 4006 (2)
485 3934 603 3995 Quinem
613 3934 671 3988 sint
680 3934 784 3987 indices
797 3933 980 4003 Regulsrium
991 3938 1183 4005 exemplorum
1195 3934 1224 3987 iu
1236 3932 1327 3987 causis
1339 3932 1543 3999 criminalibus,
1637 3988 1638 3994 χ

364 4039 488 4094 dicemus
506 4040 579 4093 infre
598 4056 659 4093 cnm
672 4054 788 4109 egemus
800 4039 834 4093 ds
847 4042 956 4094 ratione
967 4042 1140 4111 procedendi
1151 4041 1180 4094 in
1192 4039 1326 4095 eiusmodi
1344 4040 1445 4093 causis.
1459 4038 1542 4095 blodo

362 4150 473 4199 tentum
493 4145 636 4213 innuimus
650 4118 805 4215 Regulsrbs
816 4150 960 4215 exemptos
979 4145 1049 4199 elios
1067 4145 1170 4201 habere
1189 4145 1294 4199 iudices
1311 4145 1340 4198 iu
1359 4144 1460 4209 causis,
1470 4160 1542 4216 quse

364 4252 509 4321 agitantur
527 4256 557 4307 st
578 4252 748 4307 definiuntur
772 4257 882 4305 tantum
902 4255 977 4306 intra
997 4254 1138 4319 claustra;
1158 4252 1276 4308 stallos
1295 4252 1323 4306 in
1349 4252 1450 4317 causis,
1469 4268 1541 4323 quse

366 4363 481 4429 prester
512 4358 688 4429 Superiorem
717 4359 884 4429 Regulsrem
916 4365 1121 4431 cognoscuntur
1149 4360 1236 4416 etism
1260 4359 1390 4415 sindico
1422 4359 1541 4415 Ordina-
1636 4340 1637 4354 ¹

362 4465 406 4518 rio
426 4464 488 4519 loci.
