3350 5100
746 248 854 297 tuoux
876 249 1079 297 customens

840 474 938 531 Carus
958 476 976 529 l.

344 649 376 682 DE
393 648 526 681 metatam
543 648 723 682 Accussuortts
739 650 754 681 Α
772 649 818 682 SUO
835 649 946 683 axoanto
962 650 1044 688 ttthta
1060 650 1096 683 AD
1117 650 1318 683 ruastcs‘rtouast
1333 652 1476 695 canemus,

607 746 731 785 flutusous
748 746 924 779 inarmonia
941 748 973 780 Ex
988 747 1069 780 ram
1085 747 1211 781 ACCUSAU.

319 902 382 956 320.
401 902 516 964 Quando
534 904 652 974 incipiat
669 904 811 957 accusatio
821 943 1325 959 ............
1359 923 1426 977 pop.
1444 906 1500 961 338

323 1008 383 1063 321.
403 1011 448 1063 An
466 1008 566 1065 exinde
584 1010 756 1065 instauretur
775 1026 848 1063 nova
867 1010 1002 1065 instantia
1007 1050 1371 1065 .........
1409 1027 1426 1068 »
1445 1012 1500 1066 389

321 1116 383 1171 322.
403 1116 443 1187 De
462 1116 593 1171 libertate
611 1116 779 1171 defensionis
798 1117 990 1172 concedendae
1009 1134 1057 1172 reo
1059 1157 1375 1172 ........
1411 1134 1430 1176 s
1461 1121 1498 1174 ib.

319 1222 382 1277 323.
402 1224 441 1279 De
457 1224 647 1296 publicatione
664 1240 820 1299 processus,
840 1229 977 1295 quatenus
1000 1226 1053 1280 iste
1071 1230 1151 1279 actus
1171 1226 1208 1279 sit
1229 1226 1373 1281 alienusa

425 1330 522 1385 formis
540 1331 701 1384 sumusotiis
720 1334 749 1385 et
768 1330 952 1383 oeconomicus
965 1367 1372 1385 ..........
1409 1346 1428 1387 tt
1444 1330 1498 1384 390

319 1435 381 1490 324.
400 1436 439 1491 De
458 1436 759 1511 operaadvocatorum
778 1443 828 1490 aut
851 1442 1061 1507 procuratorum
1081 1437 1111 1491 in
1129 1453 1239 1505 gestare.
1272 1478 1283 1517 ⁴·
1319 1478 1328 1495 .
1365 1478 1372 1492 .
1409 1439 1492 1497 »391

321 1543 382 1599 325.
402 1536 446 1601 De
460 1545 495 1599 iis
514 1562 585 1616 quae
604 1546 718 1615 praevia
735 1550 801 1599 sunt
821 1546 1018 1615 publicationis
1039 1546 1151 1600 decreto
1186 1585 1372 1603 .....
1409 1561 1427 1604 a
1444 1546 1498 1600 392

323 1651 384 1707 326.
404 1650 443 1706 De
457 1652 661 1721 legitimatione
674 1668 818 1723 processus
830 1670 879 1706 seu
892 1652 925 1706 de
941 1655 1053 1707 testibus
1066 1654 1234 1722 repetendis,
1247 1670 1281 1706 an
1296 1668 1375 1722 repe·

425 1760 478 1815 tito
497 1762 547 1813 liat
565 1776 658 1814 coram
676 1766 807 1815 accusato
832 1798 1371 1816 .............
1408 1778 1426 1814 n
1457 1761 1498 1815 ib.

320 1864 381 1920 327.
401 1868 445 1919 An
464 1867 528 1919 novi
549 1870 633 1921 testes
659 1866 772 1935 produci
795 1866 909 1921 valeam
932 1868 991 1920 sive
1016 1868 1051 1921 ab
1076 1872 1238 1922 accusatore
1259 1868 1318 1921 sive
1337 1868 1372 1921 ab

425 1980 556 2026 accusato
562 2012 1370 2029 ...................
1406 1973 1499 2030 »395

318 2076 380 2132 329.
400 2078 498 2135 Testes
515 2079 574 2133 siue
593 2080 629 2133 ab
653 2084 816 2132 accusatore
835 2078 894 2132 sive
918 2080 953 2132 ab
978 2084 1109 2133 acoumto
1128 2079 1253 2149 producti
1273 2079 1372 2132 admit-

427 2191 523 2241 tuntur
543 2202 592 2255 per
609 2186 751 2241 decretum
771 2184 879 2249 iudicis,
900 2186 978 2243 cuius
996 2191 1039 2241 est
1065 2202 1181 2250 pensare
1205 2186 1249 2238 ius
1273 2186 1371 2254 produ-

424 2292 512 2347 centis
552 2329 1369 2356 ...................
1407 2308 1425 2345 e
1443 2290 1498 2345 390

321 2398 382 2453 329.
404 2398 441 2453 De
462 2400 579 2454 testibus
597 2400 644 2469 qui
663 2398 780 2453 vocandi
800 2398 918 2453 suntad
937 2401 1189 2467 confr-optationem
1231 2437 1238 2454 .
1274 2437 1283 2452 .
1318 2436 1327 2451 .
1364 2438 1385 2471 .,
1409 2396 1499 2455 »397

318 2502 380 2560 330.
400 2504 512 2574 Summa
530 2505 648 2574 appositi
669 2520 812 2574 processus
824 2544 1370 2562 .............
1408 2519 1427 2562 a
1442 2504 1495 2558 398

319 2611 381 2667 331.
400 2612 514 2674 Quando
531 2601 602 2664 haec
621 2610 750 2679 periodus
769 2610 917 2665 claudatur
959 2649 1371 2666 ..........
1401 2617 1424 2664 ‘a
1440 2609 1493 2664 399

806 2825 930 2902 poscor
949 2825 980 2878 11.

678 2977 710 3009 D!
731 2977 805 3010 ORALl
822 2977 918 3011 CAUSAE
934 2977 1134 3034 praeparamus.

318 3141 379 3196 332.
399 3141 517 3201 Quinem
537 3144 616 3194 actus
633 3141 811 3211 aequivaleat
830 3143 1002 3197 conclusioni
1019 3147 1048 3195 in
1066 3157 1151 3196 ceusu
1182 3180 1369 3196 .....
1406 3159 1424 3196 u
1441 3141 1497 3193 400

317 3247 380 3303 333.
399 3251 460 3302 Art.
474 3227 662 3302 xxxtttlnstr.'
672 3250 785 3318 respicit
798 3255 891 3303 actum
908 3249 1142 3318 praemittendum
1154 3267 1171 3303 a
1184 3248 1276 3303 iudice
1293 3254 1373 3303 ante-

422 3372 506 3426 quam
525 3355 671 3412 claudatur
688 3373 836 3426 processus
855 3359 1028 3427 defensionis
1052 3394 1371 3412 ........
1408 3371 1426 3413 t
1455 3356 1495 3408 ib.

315 3461 377 3516 334.
398 3461 437 3517 De
456 3463 595 3538 citatione,
609 3480 643 3516 an
663 3464 700 3516 sit
720 3465 879 3538 pecassaria
914 3499 1370 3518 ...........
1407 3480 1425 3516 u
1443 3461 1492 3514 401

317 3567 380 3623 335.
399 3569 490 3630 Quare
509 3572 559 3624 fiat
577 3568 662 3623 oratis
681 3570 846 3638 disceptatio
859 3587 971 3634 causae,
984 3575 1014 3622 et
1026 3569 1163 3639 quomodo
1175 3569 1244 3624 haec
1260 3567 1373 3622 differat
1446 3641 1451 3650 Ι

423 3677 458 3730 ab
478 3691 512 3748 ea
532 3692 604 3751 quse
623 3676 786 3746 proponitur
804 3676 834 3728 in
853 3677 912 3730 cod.
931 3675 979 3730 cit.
997 3675 1072 3744 Greg
1073 3713 1370 3733 ........
1406 3689 1425 3730 u
1442 3675 1498 3727 402

319 3781 380 3836 336.
401 3783 527 3854 Regulus
546 3782 732 3838 observandae
751 3782 778 3835 iu
800 3782 852 3835 hac
871 3799 971 3836 causae
989 3782 1191 3852 disceptatione
1229 3822 1237 3836 .
1272 3819 1282 3836 .
1318 3819 1326 3834 .
1362 3819 1372 3837 .
1407 3799 1425 3836 u
1442 3779 1498 3833 403

323 3889 383 3942 337.
402 3891 448 3942 An
465 3889 503 3942 od
520 3891 700 3963 micantium
718 3888 855 3943 servanda
873 3889 910 3940 sit
928 3888 998 3942 haec
1015 3888 1103 3942 oralia
1119 3888 1285 3957 disceptatio
1318 3923 1326 3942 .
1362 3926 1370 3941 .
1406 3886 1496 3942 »404

320 3995 381 4060 333.
401 3993 429 4050 Si
449 4011 504 4048 non
523 3995 695 4060 observetur,
713 4011 853 4066 quaenam
870 3995 931 4052 eius
949 3995 1012 4049 loco
1029 3995 1174 4049 observari
1191 3999 1329 4064 oporteat.
1361 4032 1369 4048 .
1406 4011 1423 4048 a
1441 3993 1497 4048 405

317 4102 378 4154 339.
399 4101 442 4154 An
456 4103 517 4170 fisci
529 4102 782 4156 animadversiones
795 4108 824 4156 et
837 4103 959 4156 accusati
974 4103 1166 4170 responsiones
1177 4101 1297 4155 debeant
1311 4106 1370 4154 tan·

425 4213 483 4260 tum
499 4209 530 4282 ,in
549 4212 660 4282 scriptis
679 4207 803 4262 exhiberi
824 4245 1370 4261 .............
1407 4221 1425 4259 r
1456 4205 1499 4260 ib.
