3350 5100
287 283 355 349 268
802 299 887 347 rsus
916 300 951 347 11.

287 427 324 493 fit
337 429 403 493 litis
426 427 626 492 contestatio.
640 462 655 473 ·
672 422 836 509 Siquidem
862 426 894 489 in
919 424 1036 490 iudicio
1060 424 1273 491 accusatorio
1297 428 1468 489 accusator

287 552 412 618 inducit
425 552 703 629 contestationem,
715 568 811 632 quum
827 548 982 615 inscribit
997 568 1113 613 nornen
1130 550 1274 615 accusati
1290 554 1373 613 etse
1388 548 1468 614 sub·

286 675 404 742 scribit
423 672 533 739 libello
556 674 769 745 accusatorio,
790 692 886 757 quem
910 675 1016 739 statim
1039 680 1193 753 accusato
1216 672 1400 738 denunciat.
1417 675 1468 739 lta

288 803 321 865 in
333 820 487 885 processu
503 799 717 866 commetario
729 817 885 865 romane.
899 834 912 845 ·
927 797 1116 883 Pellegrini,
1131 800 1152 863 l.
1165 798 1219 863 cit.
1234 798 1338 863 refert
1348 798 1466 883 stylum

287 943 360 988 esse
382 926 558 1001 curiarum,
587 896 740 986 citatione
763 922 851 984 trina
873 920 925 985 vel
954 940 1018 985 una
1049 922 1269 1005 peremptoria
1291 922 1469 985 convenire

285 1053 473 1112 accusatum
497 1046 544 1111 ad
575 1046 832 1112 contestandam
861 1046 951 1110 litem
984 1064 1090 1127 super
1116 1048 1354 1129 commaticum
1377 1047 1469 1131 quod

287 1170 318 1235 si
339 1175 547 1253 compareat,
561 1170 797 1254 interrogentur
818 1188 925 1251 super
947 1174 1063 1235 tenore
1086 1168 1313 1235 accusationis
1335 1174 1368 1234 et
1391 1175 1470 1235 tunc

286 1296 325 1381 fit
346 1295 414 1361 titis
445 1293 650 1361 contestatio.
675 1293 709 1359 Si
740 1314 803 1358 non
835 1308 1041 1378 compareat,
1066 1294 1301 1360 condemnatur
1324 1294 1368 1358 uti
1393 1313 1469 1359 con·

288 1426 409 1486 tumax.
429 1440 446 1482 s
466 1418 609 1492 Quando
625 1439 706 1486 vere
721 1418 941 1504 (prosequitur
954 1418 1132 1504 Pellegrini
1151 1420 1172 1483 i.
1190 1420 1257 1503 cit.)
1269 1419 1470 1503 proceditur

285 1564 353 1627 per
373 1545 467 1610 mam
488 1543 728 1628 inquisitionis,
748 1564 820 1610 non
842 1545 929 1629 fiunt
956 1545 1066 1611 dictae
1088 1545 1264 1611 citationes
1287 1546 1334 1610 ad
1357 1551 1468 1611 conte-

288 1670 449 1734 standum
465 1668 566 1741 litem,
579 1670 662 1753 quia
684 1689 754 1736 non
778 1676 827 1735 est
846 1689 1105 1752 personarum
1128 1690 1197 1755 qua
1222 1671 1405 1737 contestari
1428 1672 1470 1735 tis

284 1790 409 1871 possit,
434 1808 497 1853 sun
521 1808 609 1854 neus
631 1808 689 1855 rur
712 1808 810 1855 smus
834 1809 938 1857 acres
962 1808 1198 1863 accamanus
1229 1809 1318 1856 ciris
1347 1809 1468 1857 courc-

288 1932 463 1993 smmoru,
486 1913 612 1979 scilicet
641 1913 818 1996 responsio
847 1913 900 1978 rei
928 1932 1034 1996 super
1056 1914 1276 1998 inquisitione
1298 1914 1383 1979 dum
1402 1933 1470 1998 per

287 2036 436 2101 iudicem
458 2034 682 2099 examinatur
703 2056 734 2098 r.
759 2036 802 2099 Et
824 2035 888 2100 hoc
912 2033 948 2100 flt
971 2037 1003 2099 iu
1035 2056 1189 2120 processu
1212 2055 1301 2119 pure
1326 2036 1487 2131 inquisi-¹

291 2160 375 2240 tice,
398 2179 496 2243 quum
528 2161 597 2244 ipse
626 2159 725 2225 iudex
748 2159 923 2225 denunciat
954 2162 1104 2244 inquisito
1132 2162 1389 2233 accusationem,
1416 2162 1468 2225 isti

289 2285 453 2356 obiiciens,
467 2288 499 2350 in
523 2286 685 2351 eramiae
705 2306 764 2351 seu
786 2286 1062 2372 interropatoria
1085 2286 1172 2351 facta
1195 2306 1278 2370 quae
1301 2306 1344 2351 ex
1366 2287 1468 2370 inqui-

288 2412 404 2476 sitione
419 2412 558 2476 collecta
580 2412 778 2475 constituunt
799 2410 931 2476 totidem
956 2412 1174 2477 accusationis
1196 2410 1400 2477 documenta.
1419 2412 1470 2475 Ex

288 2535 405 2601 horum
423 2536 535 2601 notitia
546 2536 714 2620 inquisitus
730 2537 898 2622 cognoscit
914 2554 1072 2620 quaenam
1088 2537 1130 2602 sit
1146 2540 1318 2610 accusatio,
1333 2542 1365 2602 et
1377 2555 1471 2621 quae-

289 2680 365 2725 nam
387 2661 601 2726 accusationis
617 2660 836 2730 fundamenta,
854 2659 1052 2744 proindeque
1075 2661 1223 2746 percipit,
1241 2680 1398 2744 quaenam
1415 2659 1469 2724 de-

289 2784 444 2849 fensionis
466 2789 659 2870 argumenta
680 2784 741 2848 sibi
764 2785 970 2850 neccessarie
993 2786 1067 2849 sint.

378 2912 417 2977 ln
440 2931 594 3008 processu
621 2917 728 2975 autem
754 2891 874 2991 minoto,
898 2913 973 2994 quia
1003 2917 1074 2996 post
1097 2911 1350 2996 inquisitionem
1375 2930 1470 2996 pera·

289 3037 374 3099 ctam
397 3033 539 3098 succedit
555 3033 725 3100 coenatio
748 3034 947 3100 instituenda
963 3055 983 3100 a
998 3042 1183 3119 promotore
1196 3033 1297 3100 fiscali
1314 3035 1470 3100 adversus

290 3163 485 3230 accusatum,
502 3156 642 3222 habetur
663 3158 728 3224 litis
744 3160 936 3225 contestatio
952 3179 1049 3242 quum
1066 3159 1149 3224 idem
1166 3165 1332 3244 promotor
1354 3179 1397 3224 ex
1420 3161 1469 3224 in·

290 3284 383 3349 diciis
398 3288 430 3347 et
444 3281 686 3368 probationibus
698 3303 759 3369 per
770 3285 1006 3367 inquisitionem
1020 3288 1213 3370 comparatis
1226 3294 1322 3370 atque
1338 3305 1381 3351 ex
1394 3287 1470 3371 ipsis

290 3405 432 3489 inquisiti
456 3403 728 3488 responsionibus.
753 3425 814 3489 per
840 3405 1108 3490 interroqatoria
1131 3425 1187 3471 seu
1219 3406 1383 3472 erramina
1414 3405 1469 3470 de-

291 3531 455 3615 promptis,
479 3535 596 3594 exarat
618 3536 725 3594 actum
749 3529 896 3596 formalis
919 3533 1133 3596 assumtionis
1157 3537 1190 3595 et
1212 3531 1470 3596 comminationis

290 3675 478 3740 poenarum,
502 3673 591 3736 quas,
615 3653 655 3718 ab
680 3653 766 3719 edita
789 3656 952 3719 sententia
979 3655 1261 3722 condemnatoris
1284 3661 1340 3721 aut
1362 3655 1469 3721 decia·

291 3782 426 3848 ratoria
447 3779 599 3860 (cf.v01.
618 3780 679 3850 111.
695 3801 727 3846 n.
744 3779 811 3863 70),
831 3779 940 3845 subire
965 3782 1091 3866 cogitur
1113 3787 1284 3846 accusatus
1300 3781 1359 3846 nisi
1376 3799 1465 3844 suam

292 3905 408 3990 probet
430 3905 658 3970 innocentiam.

382 4031 558 4094 Instructio
588 4029 620 4094 S.
646 4028 681 4095 C.
713 4029 779 4093 EE.
805 4035 837 4093 et
863 4029 933 4093 RR.
964 4029 1033 4094 diei
1062 4030 1099 4094 11
1121 4031 1198 4096 Iun.
1222 4028 1314 4094 1880
1343 4029 1470 4112 saepius

293 4149 392 4212 citata
414 4168 533 4212 revera
555 4148 685 4215 ordinat
703 4169 889 4234 processum
913 4149 1060 4215 uitiatum
1077 4156 1110 4214 et
1125 4151 1189 4215 litis
1205 4150 1468 4215 contestationem

293 4274 431 4339 collocat
452 4279 524 4359 post
545 4273 724 4338 absolutam
747 4274 987 4358 inquisitionem
1011 4279 1045 4338 et
1067 4275 1126 4339 sub
1150 4277 1241 4340 initio
1255 4275 1469 4340 accusationis

292 4398 415 4470 iubens,
439 4403 504 4462 art.
531 4398 601 4462 26:
619 4419 638 4460 ι
654 4397 862 4464 Proceditur
894 4398 974 4463 inde
1004 4399 1051 4464 ad
1081 4400 1356 4466 contestationem
1386 4397 1470 4480 facti
