3350 5100
433 319 477 365 nn
501 319 640 367 runicus
665 319 907 369 cltltdlttdLIBUS
932 320 967 366 m
991 318 1108 367 srncrn
1293 302 1359 369 469

179 459 249 507 esse
273 442 410 507 Nuntius
427 445 548 528 Apost,
564 444 640 507 item
663 441 835 525 aliquando
852 448 901 508 est
925 441 1023 507 iudex
1046 442 1212 528 delegatus
1230 460 1249 506 a
1266 442 1358 508 Rom.

133 598 137 603 2
180 567 273 632 Pont.
293 587 351 633 seu
366 568 630 635 commissarius.
649 567 757 633 Gonst.
774 568 838 633 Dei
854 566 1108 649 miseratione&
1126 566 1180 640 10.
1199 601 1217 614 -
1237 568 1358 633 Romae

178 689 330 755 iudicium
358 690 585 775 appellationis
613 710 634 755 a
663 692 826 758 sententia
857 688 950 758 Oard.
983 690 1109 756 Vinarii
1140 689 1287 758 defertur
1318 691 1358 757 ad

179 812 211 879 S.
236 814 355 901 Oougr.
380 820 629 900 competentem.

269 934 344 1003 432.
376 936 461 1003 Sane
491 934 576 1021 apud
599 936 629 1003 S.
654 934 769 1003 Sedem
800 955 919 1001 causae
948 934 1173 1021 appellationis
1204 935 1236 998 in
1268 934 1357 999 hisce

178 1061 325 1143 negotiis,
341 1065 411 1129 sive
433 1063 614 1127 senmntiae
636 1062 818 1148 appellatae
837 1064 1030 1147 proveniant
1049 1081 1069 1125 a
1091 1058 1243 1126 tribunali
1261 1058 1355 1125 Gard.

179 1184 314 1258 vicarii,
330 1188 439 1251 sivea
462 1186 675 1253 tribunalibus
699 1186 908 1261 dioecesanis,
929 1186 1093 1253 ordinario
1117 1189 1356 1272 cognoscuntur
1449 1250 1451 1259 ,

64 1394 69 1403 Ι
178 1308 261 1391 apud
278 1308 309 1374 S.
330 1309 448 1396 Gongr.
462 1309 597 1378 concilii
610 1311 697 1395 (Vol.
712 1313 755 1389 ll,
769 1332 801 1376 n.
816 1310 902 1395 162).
922 1312 1055 1393 luquam
1076 1309 1265 1391 ordinario,
1282 1310 1355 1392 quia

178 1450 295 1498 cauma
317 1453 360 1499 ex
386 1436 492 1519 capite
520 1421 738 1521 impedimenti
765 1436 978 1519 disparitatis
1010 1435 1119 1501 cultas
1145 1437 1201 1534 aut
1226 1434 1356 1499 miatae

176 1555 362 1641 religionis,
375 1563 430 1623 aut
442 1558 518 1623 illae
533 1578 615 1642 quae
632 1558 825 1625 absolutum
842 1558 1048 1645 expostulant
1058 1562 1224 1625 secretam
1241 1575 1356 1642 coguo-

178 1688 313 1746 sauntur
334 1701 355 1746 a
377 1682 676 1770 Gong1·.S.Officii.
700 1685 881 1750 Praeterea
903 1704 922 1749 e
945 1683 1025 1749 locis
1048 1682 1199 1749 subiectis
1222 1682 1254 1749 S.
1272 1684 1356 1751 Gon·

177 1807 358 1892 gregationi
373 1806 413 1873 de
430 1808 528 1895 Prop.
543 1810 632 1883 Fide,
648 1808 688 1875 ad
704 1810 790 1875 hanc
802 1809 922 1895 Gongr.
935 1809 1126 1875 deferuntur
1142 1810 1223 1873 istae
1238 1827 1355 1874 causae

177 1929 246 1994 sive
269 1930 302 1994 in
325 1932 438 2017 prima.
462 1933 531 1997 sive
554 1934 586 1997 in
611 1935 764 2001 instantia
786 1932 1022 2019 appellationis.
1047 1932 1139 1997 Haec
1162 1937 1269 1997 tamen
1297 1931 1355 1997 ali·

45 2102 49 2108 .
178 2053 304 2136 quando
327 2075 452 2138 causas,
477 2078 594 2143 graves
615 2058 655 2124 ob
677 2061 829 2130 rationes,
855 2058 895 2124 ad
919 2056 950 2125 S.
976 2054 1126 2123 Officium
1151 2058 1295 2123 remittit.

266 2179 342 2246 433.
368 2182 491 2248 Gausae
514 2174 554 2249 de
577 2182 828 2268 dispensatione
851 2205 874 2250 a
896 2184 1116 2251 matrimonio
1139 2188 1215 2250 rato
1238 2188 1269 2248 et
1284 2201 1355 2249 aaa

177 2311 421 2387 commutato,
444 2308 674 2374 instaurandae
696 2315 771 2375 sunt
794 2308 918 2374 directe
940 2308 1024 2395 apud
1048 2307 1079 2375 S.
1101 2307 1226 2375 Sedem.
1247 2342 1264 2356 -
1283 2307 1355 2372 Hoc

176 2427 364 2513 iampridem
388 2430 562 2497 admissum
584 2436 657 2497 erat
679 2432 892 2499 communiter
914 2449 935 2496 a
958 2432 1033 2505 Du..
1058 2431 1111 2515 qui
1135 2429 1353 2509 autumabant,

177 2553 370 2620 Ordinarios
393 2556 536 2622 locorum
561 2577 627 2622 non
641 2577 711 2623 esse
727 2561 947 2642 competentes
963 2556 1003 2622 ad
1020 2557 1255 2640 inquisitionem
1272 2554 1352 2620 iudi·

177 2678 290 2744 cialem
316 2680 496 2748 taciendam
514 2683 546 2746 in
561 2682 684 2748 factum
699 2701 763 2747 non
779 2687 910 2748 secutae
933 2682 1218 2748 consummationis
1241 2682 1353 2746 matri-

178 2803 275 2866 monii
298 2802 338 2867 ad
361 2823 494 2902 scopum
517 2804 676 2889 petendae
698 2803 944 2889 dispensationis
960 2824 981 2869 a
996 2804 1088 2868 Rom.
1106 2801 1277 2881 Pontifioe;
1298 2801 1352 2867 sed

179 2927 252 3009 quia
275 2929 420 2992 nonnulli
436 2931 624 2996 canonistas
643 2927 920 3010 contradicebant,
936 2928 1087 2994 formiter
1111 2928 1192 2994 haec
1211 2929 1353 3010 quaestio
1410 2966 1413 2976 ·

179 3050 301 3133 apua
322 3055 372 3116 est
393 3050 478 3137 apua
500 3053 531 3118 s.
553 3051 588 3119 c.
605 3052 638 3118 c.
656 3053 688 3116 in
712 3071 776 3117 una
800 3052 996 3118 rurscam.
1020 3050 1075 3116 aa
1098 3050 1140 3116 16
1163 3051 1240 3116 [aa.
1263 3021 1373 3117 reor

179 3182 211 3239 et
237 3179 429 3262 rescriptum
461 3177 538 3251 tuit,
570 3178 748 3262 supplicem
779 3176 922 3242 libellum
954 3176 1201 3262 dispensationis
1231 3175 1354 3244 directe

176 3298 316 3366 dandum
331 3321 402 3368 esse
410 3303 456 3368 ad
476 3303 567 3368 Rom.
582 3300 783 3368 Pontificem.
799 3302 871 3374 llic,
889 3303 920 3365 iu
938 3303 1059 3387 primis,
1076 3321 1146 3366 rem
1163 3302 1352 3366 examinan-

176 3424 248 3490 dam
272 3428 473 3492 committere
494 3428 586 3500 solet,
610 3431 657 3491 uti
681 3425 829 3498 diximus.
855 3426 1106 3512 congregationi
1130 3431 1185 3491 aut
1208 3425 1352 3505 Consilii,

176 3555 233 3613 aut
248 3549 279 3614 S.
296 3549 403 3616 Officii
418 3556 474 3620 aut
488 3551 527 3616 de
546 3549 584 3618 P.
602 3552 681 3618 Fide
705 3556 737 3616 et
760 3553 824 3616 hae
847 3551 1133 3637 congregationes,
1150 3551 1176 3614 si
1201 3551 1354 3616 instantia

177 3671 276 3756 digna
297 3676 339 3740 sit
368 3675 642 3750 consideratione.
667 3674 745 3741 dant
770 3677 963 3761 rescriptum
979 3674 1190 3761 delegationis
1215 3675 1262 3756 (ut
1285 3672 1351 3758 plu·

177 3797 293 3861 rimum
317 3817 390 3863 cum
408 3804 573 3882 potestate
595 3798 854 3886 subdatepaada)
874 3797 1049 3866 Ordinario
1065 3798 1127 3863 loci
1151 3799 1203 3862 cui
1218 3796 1354 3863 subsunt

177 3921 330 4007 coniuges
345 3923 386 3987 ad
401 3943 580 4010 congruum
597 3921 830 3992 conficiendum
847 3943 1033 4010 processum
1051 3943 1151 4008 usque
1167 3923 1207 3989 ad
1227 3930 1353 3990 senten·

175 4048 252 4110 tiam
275 4047 484 4132 defiaidoam
515 4067 716 4116 nxounsrrs.
743 4085 760 4099 -
785 4050 954 4116 Sententia
983 4049 1156 4135 definitiva
1180 4047 1353 4134 respondet

176 4174 364 4255 quaestioni,
388 4193 430 4238 an
451 4209 469 4222 -
486 4180 611 4240 constet
639 4175 679 4240 de
705 4195 770 4240 non
794 4180 907 4241 secuta
930 4147 1124 4240 matrimonii
1152 4179 1350 4241 consumma·

176 4297 262 4362 tione
288 4331 305 4346 ·
330 4301 363 4362 et
389 4296 476 4362 hanc
498 4299 691 4365 sententiam
719 4296 796 4366 dant
831 4299 898 4365 ΡΡ.
923 4299 1111 4373 Cardiuales
1135 4281 1351 4366 rescribentes

174 4420 270 4487 dubio
282 4423 328 4489 ita
342 4424 552 4488 concinnato:
569 4422 657 4488 «Aa
666 4423 708 4488 eit
724 4424 970 4490 consulendum
985 4423 1089 4494 sano
1101 4443 1206 4508 saper
1221 4424 1352 4508 dispen-
