3350 5100
669 798 803 876 rius
834 800 882 874 11.
970 842 1004 902 .·

517 1010 571 1077 De
593 1010 743 1080 iudiciis
766 1009 1038 1079 criminalibus

677 1292 836 1348 TITULUS
856 1294 874 1346 1,

403 1470 438 1509 DE
458 1470 652 1509 ΟΕΒΙΝΔΤΙΟΝΕ
672 1468 770 1507 11101011
789 1468 958 1507 commitis
977 1468 1006 1505 iN
1025 1467 1152 1506 annm.

203 1670 249 1722 97.
269 1669 402 1723 iudicium
422 1668 567 1723 criminale
591 1670 713 1738 pertinet
731 1670 765 1723 ed
783 1673 951 1738 potestatem
970 1669 1125 1738 punitivum
1144 1684 1245 1723 execu-

298 1777 383 1831 tirum
386 1814 1193 1831 ...................
1227 1792 1294 1844 pao.
1317 1772 1367 1827 130·

202 1883 249 1937 98.
272 1883 367 1939 Differt
382 1902 399 1938 e
412 1883 514 1937 iudicio
526 1883 602 1939 civiti
622 1884 795 1952 potissimum
809 1885 919 1937 ratione
932 1899 1066 1952 00000000
1077 1886 1181 1936 cotom
1193 1898 1241 1936 seu

296 1988 473 2043 accusatoris
516 2027 1236 2042 .................
1275 2006 1291 2042 »
1328 1987 1366 2040 ib·

207 2096 251 2150 99.
270 2095 362 2157 Quare
380 2095 544 2165 explicantis
557 2100 623 2150 sunt
633 2096 737 2150 iudicis
749 2096 907 2151 criminalia
919 2097 947 2149 in
960 2112 995 2151 ee
1006 2101 1086 2165 perte
1099 2112 1155 2166 que
1166 2096 1244 2150 diffe-

187 2230 189 2233 ·
297 2207 363 2258 runt
380 2221 397 2256 0
416 2202 545 2258 civilibus
567 2243 1241 2259 ................
1264 2185 1296 2257 ’0
1318 2201 1367 2254 140

709 2410 805 2463 (tiron
826 2409 845 2461 1.

508 2567 538 2598 DE
555 2565 655 2599 ΟΙΙΕΕἾΟ
671 2566 717 2598 SEU
733 2565 788 2598 FINE
805 2565 890 2598 iumen
906 2564 1056 2598 commus.

195 2741 251 2796 100.
270 2741 417 2796 Obiectum
435 2740 531 2794 iudicii
550 2739 703 2794 criminatis
721 2739 793 2794 idem
812 2744 856 2793 est
874 2755 907 2806 00
924 2739 1066 2793 obiectum
1082 2753 1197 2808 000000.
1229 2755 1296 2808 μιρ,
1319 2737 1363 2791 141

191 2847 254 2902 toi.
274 2849 315 2900 At
331 2845 500 2900 considerari
519 2845 602 2900 debct
614 2844 698 2899 etiam
709 2843 849 2899 obiectum
862 2843 977 2899 omnino
988 2843 1083 2898 iudicii
1094 2845 1245 2915 proprium

300 2958 329 3008 et
347 2953 517 3024 0000010100,
535 2967 584 3006 seu
603 2952 742 3006 obiectum
760 2953 952 3008 immediatum
967 2989 1240 3005 .......
1278 2971 1294 3004 »
1331 2951 1368 3004 ib.

189 3063 255 3120 ..ton
274 3062 361 3117 Prout
384 3059 568 3116 diversimode
594 3059 798 3114 consideratum
825 3060 881 3114 fuit
908 3061 1047 3116 obiectum
1074 3060 1244 3125 mediatum,
1292 3116 1294 3125 ,

297 3168 407 3224 diverse
425 3166 522 3222 habite
540 3169 606 3220 sunt
622 3170 777 3237 systemata
796 3165 985 3237 processeratis
1014 3205 1243 3220 ......
1280 3183 1298 3220 >›
1319 3167 1370 3220 142

191 3273 252 3330 103.
272 3276 359 3329 Actor
377 3275 406 3327 in
425 3273 529 3327 iudicio
547 3272 686 3327 criminali
705 3274 737 3326 fit
755 3278 911 3339 accusator,
929 3277 957 3328 et
976 3273 1039 3327 inde
1058 3278 1151 3326 movet
1173 3273 1245 3326 rstio

299 3381 472 3435 differentiae
490 3380 519 3432 in
538 3378 654 3433 diversis
672 3379 811 3434 methodis
829 3380 1052 3449 processuulibus
1059 3418 1243 3432 .....
1282 3397 1297 3430 ›
1319 3378 1369 3432 143

193 3487 254 3542 104.
275 3487 485 3542 Adumbrentur
502 3485 555 3540 hee
574 3484 699 3542 diversae
718 3485 884 3557 procedendi
903 3487 1026 3541 rationes
1057 3523 1244 3540 .....
1281 3501 1298 3540 »
1320 3485 1369 3538 144

709 3701 805 3755 crpus·
824 3699 857 3752 11.

204 3859 234 3892 DE
252 3857 362 3891 nitrensis
380 3855 537 3889 nocentum
554 3857 638 3899 110018,
655 3856 698 3888 SEU
717 3857 748 3889 nit
764 3855 887 3889 Processu
904 3855 1082 3899 ACCUSATORIO,
1099 3855 1260 3898 mouietrtvo,
1277 3855 1361 3889 utx'ro.

192 4020 255 4076 105.
275 4021 314 4076 00
332 4025 493 4075 accusatore
512 4021 541 4074 in
561 4035 688 4090 processu
705 4020 879 4074 accusatorio
881 4059 1199 4072 ........
1232 4037 1298 4090 paq.
1321 4021 1370 4073 146

139 4125 140 4129 ’
196 4125 254 4182 106.
273 4126 416 4188 Quomodo
433 4127 487 4181 hoc
505 4130 628 4199 systema
646 4127 800 4181 obtinuerit
819 4125 880 4180 iure
899 4141 957 4180 rom
972 4165 1244 4178 .......
1283 4126 1371 4179 0148

132 4225 137 4233 ’
196 4233 254 4289 107.
272 4235 347 4290 istud
365 4234 488 4289 obtinuit
506 4233 591 4288 etism
610 4234 670 4289 iure
689 4232 756 4288 0001.
776 4233 856 4287 iuxta
874 4232 1078 4288 ordinationem
1097 4234 1166 4287 iuris
1177 4249 1245 4286 rom.
1283 4249 1300 4287 »
1321 4232 1371 4287 150

191 4339 256 4394 108.
274 4340 337 4395 1000
356 4356 422 4395 rom.
443 4340 534 4394 induci
553 4341 646 4411 coepit
664 4355 808 4408 processus
820 4339 1008 4410 inquisitius,
1021 4340 1066 4411 qui
1082 4338 1246 4409 procedendi

300 4445 397 4501 modus
416 4445 495 4514 terge
513 4444 642 4500 evolutus
659 4445 714 4500 fuit
732 4462 781 4515 per
799 4447 843 4500 ius
861 4446 1025 4499 canonicum
1062 4482 1246 4499 .....
1283 4461 1301 4500 0
1323 4444 1368 4500 151
