3350 5100
369 317 435 382 372
879 334 963 381 rans
987 333 1038 380 111.

368 459 447 523 duos
470 477 573 524 casus.
592 459 672 522 Nam
691 455 721 541 l)
737 455 790 522 vel
810 455 1036 540 inquirendum
1052 459 1102 522 est
1116 475 1157 520 an
1175 456 1300 522 crimen
1324 459 1392 520 eta
1406 475 1540 538 quonam
1644 480 1646 483 ·

368 589 528 669 patratum
555 584 597 648 sit
619 582 652 669 2)
676 583 729 647 vel
760 581 911 647 iudicium
942 582 1173 647 instituendum
1204 585 1255 645 est
1285 580 1438 645 adversus
1465 600 1544 645 eum

368 707 537 781 subditum,
555 709 608 792 qui
625 715 659 774 et
672 708 875 774 monitiones
889 708 1014 792 sprevil
1029 713 1062 772 et
1077 711 1301 789 praeceptum
1323 712 1546 791 transgressus
1644 716 1645 719 ’

368 837 426 900 est.
442 869 459 882 -
473 834 511 899 In
523 833 640 916 primo
657 851 743 906 casu,
759 832 913 897 instantia
928 831 1096 913 iudicialis,
1113 851 1239 916 reapse,
1255 851 1320 895 non
1337 829 1546 910 instauratur,
1644 811 1646 872 Ῐ

367 961 518 1024 nimirum
532 959 629 1024 citato
641 963 802 1034 accusato,
816 958 877 1022 nisi
890 957 930 1022 de
941 958 1077 1023 crimine
1090 958 1168 1022 satis
1179 961 1313 1022 constet.
1324 992 1337 1004 ·
1349 959 1387 1020 ln
1398 955 1548 1022 secundo

367 1105 454 1154 casu,
471 1084 560 1150 nulla
580 1085 713 1168 praevia
729 1083 925 1149 instituenda
948 1088 997 1148 est
1019 1082 1190 1149 iudicialis
1212 1083 1386 1168 inquisitio
1410 1088 1445 1147 ut
1467 1103 1548 1147 oon·
1644 1106 1645 1109 ¹

367 1211 519 1296 stituatur
543 1209 632 1276 boris
655 1209 817 1290 miminis,
842 1209 897 1274 sed
925 1206 1045 1276 sufficit
1067 1205 1225 1274 exhibere
1247 1209 1295 1275 ad
1319 1214 1396 1275 acta
1420 1213 1549 1275 textum
1644 1247 1646 1250 >

365 1332 540 1416 praecepti
566 1333 697 1416 eiusque
724 1333 1018 1417 transgressionem
1040 1330 1195 1416 probare;
1220 1331 1305 1396 unde
1336 1335 1466 1417 praesto
1497 1337 1552 1394 est

368 1457 484 1523 titulus
506 1457 742 1537 accusationis,
768 1477 850 1540 quae
873 1477 933 1542 per
955 1476 1000 1528 se,
1025 1455 1177 1542 dirigitur
1192 1456 1230 1520 ad
1248 1455 1454 1521 obtinendam
1470 1475 1551 1521 con

368 1583 603 1648 demnationem
620 1581 651 1644 in
669 1599 804 1667 poenam
823 1582 1046 1648 comminatam
1062 1583 1095 1644 in
1119 1583 1187 1666 ipso
1206 1587 1401 1665 praecepto.
1418 1581 1553 1646 Verum
1644 1567 1646 1579 '

368 1712 436 1793 ipse
451 1707 675 1774 commotionis
692 1713 787 1773 actus
803 1708 939 1773 ulterius
955 1708 1105 1791 persequi
1120 1710 1226 1790 potest
1242 1706 1409 1791 poenalem
1424 1710 1556 1772 coerci-

371 1835 488 1898 tionem
502 1833 672 1899 oriminum
685 1829 896 1897 admissorum
914 1837 1161 1917 apraeceptatn
1174 1833 1306 1916 quinon
1319 1832 1555 1917 obtemperans

370 1963 552 2044 praecepto,
576 1960 609 2021 in
626 1959 748 2042 primis,
769 1957 882 2022 iudicis
898 1959 1021 2043 sprevit
1043 1960 1268 2024 auctoritatem
1293 1967 1327 2022 et
1349 1957 1554 2039 mandatum,

368 2085 423 2150 sed
449 2085 559 2150 forsan
575 2084 713 2150 ulterius
736 2080 907 2168 indulgens
931 2103 1009 2148 suae
1029 2083 1205 2168 cupiditati,
1223 2103 1321 2149 unum
1338 2085 1390 2148 vel
1404 2085 1554 2150 alterurn

368 2208 510 2293 patravit
532 2207 666 2272 crimen.

457 2333 495 2396 In
512 2331 574 2396 hoo
590 2331 738 2398 secundo
752 2351 844 2412 casu,
857 2337 990 2415 praeter
1002 2335 1127 2397 textum
1140 2333 1319 2414 praecepti
1331 2334 1557 2418 tronsqressi,

366 2457 451 2520 aliae
474 2454 681 2541 probationes
704 2455 830 2540 exquiri
856 2457 1005 2520 usuvenit
1020 2454 1061 2520 de
1076 2456 1148 2520 aliis
1170 2457 1327 2520 connexis
1342 2455 1555 2531 criminibus;

367 2604 502 2667 quorum
519 2586 692 2658 accusatio,
718 2604 782 2649 una
803 2604 875 2649 cum
895 2585 1072 2668 praecepti
1095 2586 1375 2670 transgressione,
1397 2585 1555 2669 equidem

367 2730 430 2775 non
455 2706 500 2789 fit,
524 2710 586 2774 nisi
606 2694 781 2794 'suppetant
804 2706 1020 2793 probationes,
1045 2728 1126 2791 quae
1146 2715 1303 2774 assertam
1325 2711 1402 2775 sacti
1426 2731 1555 2775 narra-

367 2838 484 2901 tionem
517 2834 736 2919 comprobent.
771 2836 855 2899 lstae
886 2833 1091 2920 probationes
1120 2841 1195 2900 sunt
1225 2834 1556 2918 alinfomnationcs

368 2960 589 3040 authenticae,
606 2958 703 3023 veluti
723 2960 897 3024 relationes
913 2960 1125 3025 authenticae
1141 2959 1247 3026 factae
1263 2980 1283 3023 a
1300 2962 1379 3025 viris
1392 2966 1454 3026 aut
1474 2983 1556 3047 per·

369 3086 455 3151 stinis
479 3082 541 3148 fide
563 3083 668 3168 dignis
692 3084 754 3155 vel,
778 3104 798 3146 a
821 3083 956 3168 publicis
972 3082 1178 3158 administris,
1194 3085 1294 3151 veluti
1317 3106 1337 3148 a
1360 3094 1557 3169 promotore

366 3210 477 3282 fiscali,
494 3230 514 3273 a
529 3210 651 3275 vicario
669 3210 813 3289 loraneo,
830 3228 850 3272 a
865 3208 1033 3293 parochis;
1054 3208 1085 3289 bl
1102 3215 1176 3274 sunt
1191 3210 1416 3291 confessioncs
1433 3217 1558 3277 embo-

366 3336 542 3402 iudicioter
558 3335 665 3400 factae
687 3354 803 3419 nempe
826 3334 867 3399 ab
891 3336 959 3421 ipso
983 3337 1142 3418 inquisito,
1159 3336 1198 3400 ad
1220 3342 1297 3402 acta
1320 3336 1484 3402 deductae
1500 3340 1556 3404 rel

366 3482 425 3546 per
448 3460 642 3525 documenta
672 3461 793 3544 scripta
817 3462 868 3524 vel
901 3482 961 3545 per
988 3462 1214 3557 attestationes
1238 3462 1289 3525 vel
1313 3482 1372 3547 per
1393 3464 1557 3548 indicia,-

365 3585 393 3670 c)
418 3584 469 3648 vel
486 3584 623 3667 denique
640 3590 714 3649 sunt
729 3584 863 3649 testium
878 3585 1112 3667 depositiones.
1130 3586 1174 3650 Et
1188 3586 1241 3651 hic
1258 3591 1308 3651 est
1322 3586 1394 3651 fons
1416 3588 1558 3653 ordina-

368 3712 434 3805 rius
450 3716 482 3774 et
501 3710 678 3775 communis
702 3708 925 3793 probationum
941 3712 975 3775 in
990 3710 1220 3777 criminalibus.
1239 3714 1418 3777 Aestimare
1436 3720 1554 3781 autem

366 3857 407 3902 an
431 3838 514 3901 haec
537 3835 758 3920 probationum
783 3842 945 3901 momenta
968 3838 1046 3901 satis
1069 3838 1204 3922 primam
1221 3839 1414 3902 constituant
1437 3837 1557 3905 basim

366 3962 599 4035 accusationis,
620 3968 671 4028 est
690 3961 802 4027 iudicis
822 3962 1005 4028 deliberare
1024 3962 1064 4027 ad
1085 3983 1232 4028 normam
1251 3964 1391 4030 moratis
1410 3963 1557 4030 intimae

367 4088 592 4173 persuasionis,
618 4089 662 4153 uti
686 4088 852 4173 praedicat
875 4096 936 4154 art.
961 4089 1044 4154 XVI
1069 4091 1169 4154 etuti
1193 4090 1257 4154 late
1280 4110 1377 4174 snpra
1398 4092 1554 4176 explica·

368 4212 521 4277 cavimus.
545 4211 593 4277 af.
619 4231 717 4296 supra
741 4232 772 4275 n.
796 4212 872 4277 208.

455 4336 530 4400 304.
556 4336 639 4409 Quia
662 4337 694 4399 in
713 4335 859 4419 periodo
882 4337 1078 4421 inquisitiva
1103 4339 1265 4421 potissima
1293 4336 1440 4421 probatio
1466 4338 1554 4405 obti-

366 4464 463 4525 netur
486 4478 546 4545 per
568 4464 666 4527 testes
683 4467 716 4526 et
730 4480 901 4547 supremae
924 4463 1092 4547 gravitatis
1114 4469 1164 4528 est
1177 4467 1285 4528 certas
1307 4482 1442 4527 servare
1468 4484 1553 4529 nor·
