3350 5100
499 323 542 370 nu
568 322 707 371 marcus
731 321 974 371 autumamus
1259 301 1325 366 219

144 449 261 513 maiori
284 451 370 534 parti
393 451 523 535 placuit
548 449 673 515 Verum
697 451 770 533 quia
796 449 951 514 Vicarius
980 447 1160 523 Generalis,
1184 450 1216 513 ri
1240 467 1326 513 man-

143 573 220 655 dati,
244 580 297 639 est
318 572 417 640 index
437 575 631 656 ordinarius,
655 575 688 640 in
712 577 818 640 causis
846 574 1092 660 comprehensis
1114 575 1147 639 in
1170 573 1326 640 eiusmodi

143 697 307 802 mandato,
330 698 495 784 integrum
519 719 584 765 non
608 705 658 765 est
680 699 850 784 Episcopo,
874 717 1057 764 assessores
1087 697 1141 763 vel
1164 696 1326 763 auditores

143 822 315 906 assignare
329 842 389 886 suo
403 822 541 887 Vicario
564 821 623 888 sub
638 820 823 888 conditione
845 826 881 885 ut
904 820 958 884 hic
980 820 1018 886 tn
1042 819 1198 886 omnibus
1214 837 1326 885 eorum

143 951 255 1010 votum
278 948 369 1029 sequi
391 951 559 1022 teneatur;
583 944 840 1031 quandoquidem
855 947 902 1010 ita
916 943 1148 1010 destitueretur
1173 943 1326 1010 facultate

42 1060 43 1063 ’
144 1067 308 1133 iudicandi
330 1069 407 1134 iura
430 1088 550 1136 comm
583 1070 644 1154 ipsi
674 1087 847 1144 concessa;
879 1066 1050 1132 dummodo
1079 1072 1189 1131 tamen
1217 1083 1323 1134 causa.

143 1212 225 1275 qnae
249 1192 417 1258 ordinario
440 1213 505 1258 nou
530 1199 580 1258 est
602 1195 722 1279 gravis.
746 1193 939 1278 gravissima
963 1211 1027 1257 non
1055 1189 1112 1256 flat
1134 1211 1176 1255 ex
1199 1191 1326 1275 specia-

142 1314 226 1379 libus
250 1315 423 1380 adiunctis.
440 1315 569 1381 Etenim
593 1316 626 1380 in
649 1317 755 1402 causis
778 1313 993 1400 gravioribus,
1016 1313 1117 1379 veluti
1143 1314 1175 1377 in
1199 1302 1325 1398 gravio·

144 1438 234 1504 ribus
249 1440 358 1504 causis
375 1439 596 1504 criminalibus
618 1437 673 1524 (ci.
696 1440 762 1503 vol.
779 1441 822 1514 ll,
841 1461 871 1504 n.
889 1439 971 1518 340)
994 1458 1059 1504 non
1083 1437 1326 1522 comprehensis

144 1566 175 1626 in
198 1565 357 1650 generati
372 1563 532 1637 mandato,
548 1569 654 1649 potest
669 1563 847 1649 Episcopus
866 1561 994 1628 easdem
1013 1563 1215 1628 committere
1229 1559 1325 1626 Vica-

146 1689 194 1752 n‘o
220 1688 378 1754 Generali
401 1687 460 1753 sub
483 1707 641 1774 expressa
663 1688 846 1754 conditione
876 1694 913 1753 ut
942 1681 1051 1752 votum
1075 1707 1133 1752 seu
1156 1685 1324 1751 consilium

144 1833 344 1878 assessorum
376 1819 433 1878 aut
462 1813 644 1879 auditorum
675 1833 739 1878 non
765 1819 891 1879 tantum
923 1814 1099 1896 exquirere
1130 1811 1247 1876 debeat
1269 1810 1324 1876 sed

145 1941 240 2004 etiam
265 1939 453 2003 necessario
476 1939 567 2022 sequi
591 1937 648 2023 (l).

233 2063 309 2128 Hoc
330 2062 532 2128 advertatur.
550 2063 682 2137 Quoties
705 2061 859 2128 eiusmodi
883 2083 982 2128 causa
1005 2081 1051 2128 em
1073 2061 1237 2128 mandato
1252 2079 1323 2144 spe-

145 2188 224 2254 ciali
251 2191 472 2254 committatur
502 2187 638 2253 Vicario
660 2189 824 2262 Generali‚
850 2191 943 2271 eique
969 2188 1163 2274 adiugentur
1192 2186 1322 2259 iudices,

147 2311 301 2376 Vicam'us
324 2311 496 2378 Generalis
521 2331 586 2376 non
610 2316 659 2376 est
682 2311 780 2378 index
802 2313 977 2396 delegatus
1001 2317 1032 2375 et
1054 2309 1196 2375 tribunal
1224 2308 1323 2375 colle·

146 2437 229 2521 giale
249 2435 328 2502 inde
351 2437 559 2502 constitutum
586 2442 635 2500 est
657 2437 757 2501 ueluti
780 2436 1019 2519 ordinariorum
1042 2437 1116 2519 quia
1139 2435 1323 2500 conludices

145 2561 300 2627 adiuvant
321 2561 459 2627 iudicem
482 2562 711 2637 ordinarium,
736 2581 801 2626 non
828 2562 1021 2648 delegatum
1028 2581 1042 2644 ;
1065 2580 1158 2626 secus
1188 2578 1267 2625 vero
1295 2561 1321 2624 si

146 2688 323 2771 Episcopus
349 2706 480 2751 causam
504 2688 673 2753 committit
695 2687 830 2753 Vicario
853 2654 1015 2770 temduarn
1039 2684 1145 2751 iudici
1167 2685 1322 2770 delegato

146 2813 195 2875 cui
210 2812 293 2877 alios
315 2810 463 2897 adiungit
484 2812 668 2878 conludices
691 2814 781 2897 qnasi
801 2812 1017 2877 conditionem
1034 2809 1092 2876 sub
1109 2830 1173 2895 qua
1192 2810 1323 2895 explen-

147 2935 218 3001 dum
249 2940 301 3000 est
330 2935 515 3001 mandatum
545 2936 763 3021 delegationis.
794 2936 842 3002 (li.
871 2936 1051 3003 Laurenius
1084 2935 1133 3001 De
1163 2934 1321 3009 Virtutis,

148 3079 176 3142 q.
199 3058 242 3124 73
265 3079 334 3146 seq.
359 3064 439 3134 etc.;
464 3060 569 3124 Bouix
593 3058 643 3124 Da
664 3059 734 3125 iud.
760 3060 787 3131 l,
806 3079 844 3142 p.
862 3058 945 3124 372.
972 3094 989 3107 -
1016 3056 1204 3124 Differentia
1226 3060 1321 3125 unius

229 3270 272 3339 (l)
293 3269 335 3323 Ex
352 3270 414 3324 iure
432 3271 582 3333 communi,
600 3271 798 3339 praescribitur
817 3272 983 3325 constitutio
1002 3270 1151 3325 tribunalis
1164 3269 1323 3339 collegiatis

148 3377 253 3445 qnando
272 3376 385 3445 procedi
410 3376 511 3431 debeat
534 3381 633 3431 contra
656 3376 781 3445 capitula
805 3382 950 3446 exempta3
974 3377 1097 3431 adhiberi
1123 3377 1197 3430 enirn
1220 3376 1323 3431 debant

148 3482 248 3538 iudicas
265 3487 393 3538 adiuncti
416 3500 450 3539 ex
469 3502 528 3554 cap.
550 3485 578 3551 6,
596 3501 664 3537 sess.
683 3486 729 3537 25
748 3485 790 3540 De
809 3489 863 3556 res.
884 3484 988 3539 (leucii.
1015 3484 1102 3551 Trid.‚·
1127 3485 1193 3537 item
1217 3484 1321 3537 clerici.

149 3586 345 3655 degradatione
370 3587 522 3642 mulctandi
547 3595 647 3643 sunta
666 3589 798 3643 tribunali
826 3589 978 3660 collegiati,
998 3590 1088 3658 prouti
1116 3589 1192 3643 iubet
1217 3588 1322 3643 Concil.

149 3688 216 3744 Trid.
235 3708 303 3747 sess.
323 3693 368 3759 13,
389 3712 448 3762 cup.
468 3695 497 3759 4,
516 3695 643 3763 quamuis
662 3712 716 3749 non
734 3695 884 3749 conveniat
903 3694 974 3764 apud
989 3694 1043 3748 DD.
1058 3712 1093 3747 an
1109 3693 1231 3748 Praelati
1252 3692 1323 3746 adsi·

149 3805 249 3856 stantes
266 3802 326 3855 sint
343 3803 403 3857 reri
424 3802 530 3857 iudices
551 3803 596 3857 vel
616 3804 708 3871 potius
725 3804 783 3857 sint
801 3810 890 3859 testes
911 3803 1106 3858 solemnitatis
1127 3802 1193 3855 Esse
1217 3801 1323 3857 iudices

150 3912 221 3965 tenet
233 3910 339 3965 Bensd.
354 3910 421 3963 xlv
439 3912 482 3965 De
497 3912 560 3979 Syn.
573 3910 629 3975 ΙΧ,
648 3930 707 3982 cap.
725 3913 753 3977 6,
771 3931 799 3967 a.
812 3914 833 3965 4
852 3918 950 3967 eontra
964 3912 1135 3981 Fagnanurn.
1150 3910 1218 3965 ltem
1232 3910 1260 3963 in
1275 3910 1323 3963 cit.

150 4033 203 4087 cap.
218 4019 269 4071 24.
290 4018 332 4072 De
351 4034 444 4072 accus.
464 4018 642 4073 lurrocsntins
661 4018 696 4072 lli
715 4020 743 4073 in
762 4019 868 4074 Concil.
880 4019 941 4073 Lat.
954 4018 991 4071 lv
1003 4046 1016 4058 ·
1028 4036 1053 4072 a.
1072 4018 1138 4072 1216
1150 4046 1163 4059 ·
1177 4018 1324 4071 constituit

152 4137 256 4176 normas
273 4140 419 4193 processus
431 4125 592 4195 inquisitici,
604 4129 633 4178 st
646 4127 701 4178 nna
712 4125 795 4178 simul
809 4126 887 4181 iubet
900 4126 1065 4195 Episcopum
1084 4124 1185 4179 debere
1198 4143 1213 4177 ‹
1227 4143 1323 4179 coram

151 4226 289 4283 Ecclesiae
306 4230 465 4283 senioribus
483 4232 630 4285 ueritatem
649 4229 1033 4311 diligentiusqperscrutnri»
1053 4232 1089 4285 Et
1107 4232 1134 4285 in
1154 4252 1213 4303 cop.
1230 4234 1324 4286 21De

152 4338 193 4404 off.
210 4337 267 4389 iud.
281 4337 373 4407 deley.
387 4338 413 4391 X
425 4329 470 4408 ll.
486 4338 532 4407 29)
551 4337 709 4392 inculcatur
727 4339 826 4409 regula
839 4360 855 4392 s
868 4339 937 4393 Cum
954 4340 1038 4404 (sicul
1055 4356 1175 4395 canones
1188 4346 1322 4395 attestan-

153 4445 205 4508 tur)
222 4442 363 4512 integrum
382 4444 421 4496 sit
437 4444 570 4497 iudicium
589 4444 660 4512 quod
680 4444 861 4514 plurimorum
881 4446 1030 4501 sententiis
1048 4446 1229 4501 confirmatur
1240 4462 1265 4502 u.
