3350 5100
525 321 569 368 os
593 318 747 366 nsnrcms
772 319 814 366 nr
839 319 960 366 rosms
1288 301 1329 366 31

148 444 356 530 temporales,
370 443 588 528 spiritualibus
604 442 761 514 adnexae,
778 445 812 506 in
828 442 956 508 casibus
970 463 991 506 a
1005 444 1077 507 inre
1093 443 1273 528 prohibitis
1290 444 1334 508 Et

149 570 219 634 dixi
238 569 277 633 in
290 568 370 652 foro
384 568 562 639 Ecclesiae,
580 588 638 633 seu
653 567 694 632 de
706 568 990 650 praesumptione
1003 567 1091 633 iuris
1098 588 1113 651 ,·
1127 589 1203 634 nam
1219 569 1246 634 si
1262 569 1334 652 quis

151 696 184 758 in
211 693 393 777 huiusmodi
420 665 617 780 peragendis
639 693 937 780 permutationibus,
954 714 1043 772 vere,
1067 694 1213 758 intendat
1238 695 1333 778 spiri·
1360 726 1364 734 ·

150 817 252 887 tuale,
279 819 383 902 pretio
410 817 582 902 temporali
609 837 729 898 emere,
754 817 909 898 rendere,
932 818 1102 884 committit
1126 819 1207 882 iuris
1233 814 1334 880 divini

152 940 333 1004 simoniam.
351 975 369 988 ·
388 938 539 1006 Ceterum
556 941 711 1004 simoniae
727 941 851 1004 crimen
869 941 995 1004 versari
1018 945 1123 1024 potest
1137 940 1226 1004 circa
1241 941 1335 1004 omis·

151 1064 286 1128 sionem.
304 1061 416 1127 Veluti
432 1061 546 1144 siquis
562 1067 680 1126 renuat
694 1062 865 1126 absolvere
879 1064 1098 1148 poenitentem
1114 1063 1178 1126 rite
1200 1061 1334 1146 disposi-

151 1191 230 1257 tum,
248 1185 301 1250 vel
326 1185 456 1251 solvere
471 1206 491 1250 a
507 1187 664 1268 censuris,
681 1185 872 1271 dispensare
894 1207 915 1250 a
937 1187 1039 1261 votis3
1056 1191 1089 1251 et
1104 1186 1187 1250 baec
1210 1187 1336 1250 omittat

153 1310 229 1392 qnia
251 1307 404 1373 mercede
422 1315 564 1393 accepta,
582 1310 644 1374 ista
667 1329 730 1373 non
752 1309 864 1374 tacere
887 1329 923 1374 se
939 1309 1104 1394 obligavit,
1121 1313 1212 1374 certe
1228 1314 1337 1392 patrat

153 1434 334 1498 simoniam.
352 1430 435 1496 llam
451 1433 506 1498 hic
520 1441 612 1499 actus
636 1436 815 1500 omissionis
839 1436 1018 1502 secumfert
1039 1434 1207 1500 decretum
1231 1439 1337 1499 aucto

154 1557 261 1620 nitatis
283 1555 459 1641 legitimae,
484 1576 547 1640 qua
570 1557 652 1623 alius
674 1559 833 1642 persentit
855 1555 989 1624 effectus
1011 1557 1164 1623 iuridieos
1178 1556 1235 1641 (1).

244 1679 298 1746 20.
323 1680 387 1747 Sed
409 1681 582 1747 videndum
606 1689 654 1747 est
677 1702 835 1766 quaenam
859 1683 1019 1764 dicantur,
1042 1703 1086 1748 ex
1108 1682 1252 1747 subiecta
1274 1699 1339 1744 ma·

153 1799 249 1879 teria,
270 1826 325 1870 res
347 1808 541 1892 spirituales.
567 1809 647 1873 Nam
670 1808 787 1874 adsunt
810 1810 848 1874 in
870 1828 990 1874 reram
1012 1815 1142 1876 namra
1165 1828 1219 1874 res
1241 1807 1337 1894 spiri-

153 1930 270 2012 tuales,
287 1950 307 1995 a
327 1931 393 1996 Deo
416 1937 552 1997 auctore
575 1939 712 1996 naturae
736 1934 976 2018 provenientes,
995 1938 1029 1998 et
1051 1933 1134 1998 haec
1157 1932 1242 1998 bona
1263 1936 1340 1996 sunt

154 2053 339 2118 intellectus
352 2059 386 2118 et
397 2054 572 2120 voluntatis
584 2055 755 2128 naturalia,
767 2054 877 2128 veluti,
890 2057 1036 2138 scientia,
1048 2058 1215 2130 institutio,
1225 2057 1339 2122 educa·

154 2179 211 2257 tio,
225 2183 259 2243 et
273 2177 333 2242 has
349 2180 453 2262 pretio
469 2177 528 2242 sibi
545 2181 717 2263 acquirere
733 2180 946 2245 simoniacum
962 2199 1026 2244 non
1043 2187 1101 2246 est.
1117 2216 1134 2229 -
1148 2181 1339 2267 Spiritnales

154 2321 235 2366 vero
259 2321 314 2366 res
336 2303 630 2384 supernaturales,
654 2303 694 2367 ad
718 2301 1007 2368 sanctificationem
1034 2323 1150 2390 nempe
1173 2305 1338 2370 hominum

156 2426 322 2491 aGhristo
345 2427 419 2492 lesu
443 2426 494 2491 vel
519 2426 559 2492 ab
584 2427 733 2492 Ecclesia
756 2436 971 2513 comparatas,
987 2431 1047 2495 has
1061 2447 1179 2506 emere,
1196 2431 1339 2495 vendere

157 2552 262 2635 pretio
284 2552 466 2635 temporali,
484 2554 620 2617 simonia
643 2560 701 2619 est.
720 2554 879 2637 Equidem
906 2562 982 2620 sunt
1007 2557 1132 2622 altioris
1158 2555 1289 2628 ordinis,
1307 2562 1340 2619 et

157 2680 341 2761 comparari
373 2698 437 2743 non
464 2686 605 2765 possunt,
630 2684 719 2766 quasi
745 2701 885 2763 merces,
909 2702 983 2747 cum
1007 2683 1104 2747 rebus
1128 2683 1338 2759 naturalibus,

159 2802 251 2884 qnasi
262 2800 387 2883 pretio.
406 2802 477 2866 Hae
493 2822 547 2867 res
570 2808 653 2869 sunt.
671 2822 724 2868 ex.
743 2824 771 2868 c.
788 2811 1003 2885 sacramenta,
1019 2804 1178 2870 absolutio
1193 2826 1214 2869 a
1228 2826 1341 2871 censu·

160 2924 215 2995 ris,
232 2925 299 2987 voti
317 2924 488 2999 relaxatio,
505 2925 612 3012 legum
632 2928 931 2993 ecclesiasticarum
953 2928 1216 3013 dispensationes,
1233 2949 1341 2994 sacra·

159 3048 330 3121 mantelia,
363 3049 589 3116 ecclesiastica
617 3049 791 3127 beneficia,
825 3050 948 3124 officia,
979 3052 1162 3139 dignitates.
1195 3053 1339 3128 Quorum

160 3176 302 3238 omnium
326 3174 469 3258 theologi
486 3176 589 3241 solent
613 3178 735 3262 triplex
752 3198 855 3261 genus
870 3178 1087 3263 distinguere;
1105 3185 1140 3245 ut
1154 3178 1261 3264 aliqua
1276 3182 1341 3247 sint

161 3303 279 3363 sancta
305 3297 510 3379 formaliter,
527 3318 609 3382 quae
632 3306 745 3386 suapte
770 3308 890 3365 natura
911 3309 1025 3367 sancta
1048 3308 1133 3383 sunt,
1157 3310 1192 3368 ut
1215 3306 1341 3389 gratiae

163 3422 264 3506 gratis
280 3420 383 3493 datae,
404 3421 573 3506 Reliquiae
589 3424 658 3500 SS.;
672 3431 793 3491 sancto
809 3428 1001 3500 causaliter,
1018 3448 1102 3512 quae
1117 3429 1182 3492 sint
1193 3428 1342 3494 ordinata

252 3678 292 3751 (l)
312 3680 399 3735 Docet
419 3682 596 3740 D'Annibale
616 3686 651 3739 lll
668 3705 693 3741 n.
712 3689 755 3755 98,
776 3693 832 3742 not.
849 3688 882 3743 19
900 3706 961 3744 esse
979 3690 1160 3743 simoniacum
1177 3688 1241 3743 Seio
1261 3705 1343 3757 pecu-

165 3784 239 3838 niam
258 3786 334 3851 dare,
347 3804 382 3841 ne
401 3796 550 3845 concmrat
573 3793 607 3845 ad
633 3795 816 3861 beneficium3
838 3800 867 3850 et
885 3796 967 3850 dicit:
985 3796 1086 3855 ‹Quid
1110 3796 1133 3848 si
1152 3796 1227 3849 inter
1248 3795 1342 3850 Seium

165 3900 193 3950 et
204 3896 310 3950 Titium
329 3901 500 3965 convenerit,
513 3918 548 3956 ne
566 3902 614 3957 ille
634 3911 782 3959 concurrat
800 3906 828 3959 in
850 3906 988 3974 praesenti
1008 3905 1147 3960 electione
1162 3922 1225 3958 cum
1238 3906 1301 3971 isto,
1314 3912 1343 3961 et

166 4004 217 4057 iste
234 4020 290 4059 non
304 4011 453 4060 concurrat
466 4010 494 4063 in
507 4010 602 4063 lutura
615 4026 677 4064 cum
697 4010 764 4066 illol
787 4013 898 4068 Etenim
919 4020 1035 4082 uterque
1048 4012 1158 4066 videtur
1177 4030 1275 4082 parare
1288 4014 1342 4067 sibi

167 4111 237 4164 viam
255 4112 290 4165 ad
302 4114 469 4169 beneficium
488 4118 676 4172 obtinendum.
694 4119 880 4190 Pasqusligns
900 4124 980 4190 putat
997 4120 1178 4174 simoniacum
1197 4138 1253 4175 non
1270 4138 1344 4187 ess03

168 4234 265 4272 emm
282 4222 376 4291 opinio
388 4226 545 4294 singularis
564 4236 611 4295 est,
625 4238 651 4282 et
664 4238 760 4282 contra
779 4230 1014 4295 commoramini
1026 4230 1110 4284 Croix
1127 4231 1184 4285 142.
1198 4231 1252 4287 Sed
1270 4234 1343 4285 torte

168 4326 226 4379 beia
243 4342 297 4380 non
317 4333 361 4382 est
379 4330 583 4399 improbabilis3
603 4336 734 4405 utrinque
755 4336 829 4389 enim
849 4336 893 4389 ius
910 4336 988 4405 quasi
1008 4336 1164 4406 spirituale,
1183 4343 1212 4393 et
1231 4343 1344 4407 propter

170 4432 313 4499 spirituale
332 4440 513 4492 renunciatur
524 4454 550 4496 ».
