3350 5100
461 797 703 899 INDEX
745 794 1011 904 RERUM

691 1089 779 1146 QUAE

215 1295 254 1405 ιἰι
280 1322 432 1424 aurare
456 1356 470 1371 -
495 1322 541 1405 ιι
564 1320 753 1406 runicus·

774 1318 964 1405 tibialia
989 1317 1261 1404 attitulati-Uli

411 1910 445 1974 A

203 2119 336 2173 Abolitio.
349 2147 385 2160 -
398 2117 468 2179 Quid
486 2118 532 2182 eit,
546 2134 608 2187 pag.
619 2118 681 2171 249.
695 2145 710 2156 -

148 2193 201 2247 Est
206 2190 360 2261 pancratis,
366 2190 507 2261 specialis,
515 2190 626 2260 legalis,
631 2191 711 2271 itaq.

148 2293 162 2306 ·
176 2261 322 2324 Quomodo
333 2261 451 2315 abolitio
463 2261 555 2314 locum
568 2259 672 2316 habeat
684 2276 713 2312 ιιι

147 2337 212 2389 iure
231 2331 431 2399 ecclesiastico,
451 2348 512 2402 pag.
529 2332 582 2386 250
600 2349 642 2403 sq.

204 2478 335 2530 Abortae.
345 2504 379 2515 -
390 2474 576 2529 procurantes
584 2476 713 2529 aberam

149 2550 198 2620 qui
213 2548 271 2601 sint
283 2546 426 2617 atquibus
438 2547 534 2616 poenis
553 2547 713 2615 puniantur,

149 2637 216 2690 pag.
234 2619 271 2671 79
289 2635 329 2689 sq.
348 2617 453 2678 -Quid
472 2618 505 2672 de
530 2623 620 2672 matre
640 2633 714 2688 quae

149 2695 213 2762 ipsa
231 2690 285 2743 sibi
300 2694 431 2759 procurat
442 2693 579 2755 abarim
593 2705 655 2758 pag.
668 2689 712 2741 81.

206 2833 346 2887 Absentia
365 2859 400 2872 -
422 2831 564 2892 Quomodo
590 2830 713 2900 suppleri

150 2905 242 2974 possit
259 2903 388 2972 legitima
409 2904 538 2958 absentia
554 2905 715 2969 defensoris

149 2976 325 3030 matrimonii
343 2991 380 3028 ac
398 2973 487 3044 affine
505 2975 534 3028 in
553 2975 645 3028 cauus
657 2991 715 3028 ma-

149 3044 370 3111 trimonialibus,
388 3061 452 3115 pag.
466 3047 527 3099 474.

206 3188 360 3243 Absolutis.
370 3215 406 3229 ··
418 3188 469 3242 Est
486 3186 599 3258 quidam
617 3187 715 3241 modus

152 3275 209 3384 (ὃὸ
236 3264 327 3314 cessat
353 3260 428 3314 actio
455 3259 623 3326 criminatis,
651 3275 715 3328 pag.

226 3348 267 3402 sq.

207 3473 369 3528 absolvam.
383 3501 416 3514 -
436 3472 621 3527 absolventes
643 3486 718 3526 com·

153 3544 256 3614 plicam
274 3545 302 3597 in
322 3548 438 3613 peccato
455 3544 530 3613 turpi
549 3545 596 3614 qui
615 3544 672 3597 sint
687 3547 717 3598 et

153 3631 304 3686 quamnam
322 3631 468 3670 censuram
486 3617 640 3681 incurrant,
653 3630 716 3683 pag.

152 3691 179 3742 6.
196 3715 212 3728 -
232 3687 526 3741 &communicatione
544 3685 717 3740 mulctantur

152 3759 277 3829 quisine
295 3758 430 3813 facultate
448 3758 601 3812 absolvunt
618 3775 636 3811 a
653 3773 718 3812 cen·

153 3831 228 3883 suris
239 3831 270 3883 in
282 3827 375 3884 cnnst.
390 3847 406 3882 ι
419 3829 600 3899 Apostolicae
609 3828 688 3883 Sedis
700 3846 717 3880 a

154 3901 317 3966 reservatis,
336 3917 398 3971 pag.
422 3902 480 3954 124.

208 4045 364 4098 Accusatio.
376 4071 414 4084 -
426 4043 468 4097 Dc
485 4045 717 4109 &evectionibus

153 4129 218 4184 pag.
240 4113 291 4170 153
309 4131 348 4186 sq.
367 4144 384 4154 -
404 4115 583 4169 Accusationi
606 4131 718 4183 praece·

152 4187 220 4241 dere
238 4187 322 4241 debet
343 4186 565 4255 experimentum
590 4185 718 4242 emenda·

153 4257 252 4323 tionis,
269 4273 332 4326 pag.
352 4257 406 4312 206
422 4286 437 4297 -
457 4263 487 4312 et
504 4259 527 4310 si
547 4273 601 4311 ιιοιι
620 4274 654 4312 ex
677 4259 719 4311 iu·

154 4329 236 4383 stitia
253 4328 354 4385 saitem
372 4344 408 4382 ex
426 4327 565 4384 charitate
586 4330 718 4398 praemit·

153 4400 240 4455 tenda
252 4401 371 4454 monitio
386 4398 564 4465 charitativa,
577 4417 640 4470 pag.
653 4400 717 4453 aut.

154 4501 171 4512 -
192 4469 232 4527 De
250 4471 427 4525 accusatione
445 4472 475 4524 in
500 4487 630 4541 procemu
649 4487 718 4540 pure

230 4595 291 4650 Soc.
309 4595 396 4666 Lapa,
416 4594 477 4649 Lib.
495 4595 529 4661 11,
548 4595 604 4650 vol·
622 4593 669 4648 lv,

765 1902 937 1972 inquisitiro,
957 1918 1019 1972 pag.
1033 1903 1093 1957 241.
1106 1932 1118 1944 ·
1131 1902 1265 1957 Partialis
1277 1902 1329 1957 eri·

765 1974 849 2026 minis
868 1977 1027 2029 contestatio
1039 1976 1115 2029 iacta
1127 1974 1269 2045 inquisito,
1283 1990 1330 2028 oc-

766 2047 878 2099 casione
896 2046 1040 2103 examinis,
1060 2050 1103 2101 eat
1121 2046 1266 2100 exordium
1285 2062 1331 2099 ac·

765 2118 928 2181 cusationis,
952 2133 1017 2187 pag.
1042 2115 1103 2170 388.
1124 2146 1138 2157 ·
1161 2119 1207 2171 An
1230 2117 1331 2173 exinde

766 2189 939 2243 instauretur·
952 2204 1023 2243 nova
1036 2188 1181 2253 instantia,
1194 2205 1257 2258 pag.
1267 2188 1330 2241 389.

820 2258 922 2313 Utrum
941 2260 1024 2314 iudex
1037 2276 1166 2314 recusare
1186 2261 1273 2329 possit
1285 2276 1331 2313 ac·

767 2332 941 2385 cusationem
969 2331 1099 2401 excipere
1130 2332 1157 2383 in
1186 2332 1332 2385 matrimo-

767 2404 861 2468 nium,
880 2418 942 2471 pag.
963 2404 1023 2455 472.
1041 2433 1058 2442 -
1077 2402 1117 2456 De
1136 2400 1179 2455 hie
1204 2403 1251 2473 qui
1270 2419 1330 2455 ma·

767 2474 929 2527 trimonium
958 2490 1089 2528 accusare
1117 2473 1237 2541 possint,
1267 2488 1330 2544 pag.

767 2545 821 2598 480
845 2562 884 2616 sq.
905 2575 921 2586 -
943 2544 988 2599 ius
1012 2543 1162 2600 accusandi
1186 2546 1331 2600 matrimo·
1435 2570 1438 2578 ·

767 2619 844 2670 nium
863 2633 919 2671 non
937 2633 1046 2686 semper
1070 2617 1206 2686 competit
1230 2617 1331 2688 cuique

767 2689 801 2744 de
828 2687 953 2758 populo,
971 2689 1018 2742 sed
1043 2686 1193 2759 aliquando
1221 2693 1331 2742 tantum

767 2760 881 2830 utrique
904 2760 1018 2827 coniugi
1046 2767 1095 2814 aut
1120 2759 1205 2814 etiam
1231 2777 1266 2814 ex
1288 2759 1332 2812 bia

768 2831 866 2897 alteri,
885 2846 948 2900 pag.
974 2830 1034 2885 481.
1055 2833 1230 2886 -Accusare
1258 2847 1332 2885 com·

768 2902 840 2972 petit
859 2907 969 2956 tantum
988 2901 1070 2956 coniu
1093 2903 1168 2956 'bust
1192 2903 1216 2972 1)
1232 2919 1267 2956 ex
1287 2918 1332 2956 ca·
1436 2932 1441 2941 ·

768 2975 827 3042 pite
846 2974 1044 3042 impotentiam
1062 2918 1160 3043 tiqpro
1180 2973 1333 3028 obtinenda

768 3044 976 3114 dispensatione
995 3061 1012 3098 a
1029 3049 1111 3099 matr.
1137 3049 1200 3098 rato
1223 3050 1253 3099 et
1277 3059 1333 3098 ιιοιι

769 3121 970 3188 consummato,
988 3117 1054 3170 ibid.
1073 3144 1087 3156 ·
1108 3115 1256 3170 Accusatio
1277 3132 1333 3170 ιιοιι
1389 3175 1391 3178 ,

769 3188 855 3242 semei
868 3188 1003 3257 competit
1021 3191 1131 3241 tantum
1151 3189 1198 3242 uui
1218 3205 1252 3242 ex
1269 3203 1335 3241 con-

769 3259 896 3328 ium'bus,
917 3260 952 3313 ib.
971 3274 1010 3328 aq.
1031 3287 1044 3300 ·
1065 3258 1096 3312 Ιιι
1122 3257 1264 3313 nonnuliis
1289 3263 1334 3313 ta·

769 3347 834 3385 men
853 3345 888 3385 ex
906 3329 982 3384 hisce
998 3331 1109 3383 casibus
1121 3331 1221 3401 cuique
1241 3329 1274 3384 de
1287 3345 1336 3399 po-
1383 3325 1387 3334 '

770 3399 845 3470 pulo,
856 3401 879 3455 si
894 3417 948 3456 uon
961 3418 1028 3456 uera
1037 3402 1189 3466 accusatio,
1199 3401 1335 3470 competit

769 3473 959 3538 denunciatio,
976 3489 1040 3543 pag.
1061 3473 1121 3526 484.
1136 3501 1149 3514 -
1168 3474 1199 3527 In
1219 3471 1335 3543 reliquis

771 3545 883 3599 casibus
901 3545 1001 3615 cuique
1020 3543 1053 3598 de
1072 3544 1175 3615 populo
1199 3545 1335 3612 competit

770 3616 924 3682 accusatio,
935 3621 964 3670 et
977 3616 1071 3669 curiae
1090 3616 1226 3684 competit
1244 3615 1332 3684 inqui·

771 3687 837 3741 sitio
856 3703 891 3741 ex
909 3686 1011 3752 officio,
1030 3689 1066 3742 ib.
1084 3717 1102 3727 -
1120 3686 1334 3741 Matrimonium

771 3757 992 3813 contrabendum
1011 3764 1144 3813 accusant
1162 3758 1208 3830 qui
1231 3757 1337 3812 denun-

772 3831 849 3883 ciant
866 3828 1074 3900 impedimenta,
1092 3845 1155 3898 pag.
1174 3829 1235 3883 485.
1250 3857 1266 3869 -
1283 3828 1335 3882 Ιιιι·

771 3901 960 3971 pedimentum
980 3917 1014 3955 ex
1033 3900 1208 3970 obligatione
1221 3915 1335 3970 sponsa·

772 3974 843 4026 liam
861 3973 1007 4026 dumtaxat
1025 3973 1117 4042 sponsi
1131 3985 1271 4040 opponere
1289 3987 1335 4025 va-

771 4044 841 4109 lent,
854 4045 890 4098 ib.
905 4072 919 4085 -
932 4041 1073 4104 Quomodo
1086 4042 1122 4096 lis
1135 4044 1209 4098 inter
1221 4057 1337 4112 sponsos

772 4116 963 4184 componenda
987 4115 1033 4182 sit,
1059 4130 1121 4185 pag.
1148 4113 1210 4168 486.
1230 4143 1243 4154 -
1262 4113 1337 4174 Quo·

771 4187 854 4241 modo
872 4187 929 4241 sint
947 4186 1127 4255 excipiendae
1144 4185 1337 4240 accusationes

771 4260 800 4313 in
820 4258 1039 4323 matrimonium,
1058 4273 1121 4327 pag.
1142 4255 1202 4310 496.
1254 4275 1262 4282 ·

827 4402 989 4454 Accusator.
1018 4427 1053 4441 -
1088 4399 1156 4468 Agit
1191 4411 1339 4468 personam

773 4473 877 4527 actoris
886 4472 915 4526 in
925 4471 1028 4525 indicio
1037 4453 1190 4534 oriminaii,
1201 4485 1263 4539 pag.
1278 4467 1337 4522 143.

1230 4592 1267 4644 ⁴2
