3350 5100
352 266 418 332 360
865 286 947 332 rans
972 286 1022 331 111.

349 410 516 494 wobame
531 409 741 496 intepritatis.
758 443 775 456 -
792 410 814 490 ἓ
833 409 847 472 1
867 408 973 473 Actus
985 408 1208 495 mosipnatur
1221 429 1244 474 a
1256 409 1416 492 partibus
1428 430 1524 492 prae-
1551 488 1555 495 ,

353 535 501 602 sentibus
524 541 556 602 et
578 542 802 618 amaeamto
826 554 962 621 quoqne
976 536 1007 600 si
1022 535 1109 600 vetit.
1131 569 1149 583 -
1166 534 1226 617 §2
1251 535 1407 601 Vicaaius
1421 535 1525 602 Gete-

354 660 440 726 ratis
462 660 611 726 adiicere
629 661 717 726 valet
740 661 973 726 iuramentum
996 661 1159 725 sanandi
1179 667 1349 726 secretam
1363 666 1527 744 quatenns

354 783 390 848 id
412 785 602 866 prudenter
624 787 762 868 adpetat
787 785 876 849 tituti
897 784 1024 851 indolis
1045 785 1089 849 de
1111 803 1179 868 quo
1201 786 1320 870 apitur
1334 806 1367 847 ›.

301 925 303 930 ’
445 909 654 981 advenum,
680 910 931 976 Instructionem
954 929 1095 990 mucre,
1114 917 1339 993 praeceptum
1361 911 1528 974 enunciari

355 1053 465 1098 coram
500 1033 632 1100 Vieario
659 1033 843 1116 Generali3
872 1033 947 1098 dum
978 1035 1171 1100 monitiones
1200 1037 1301 1100 satim
1323 1045 1374 1100 est
1395 1042 1432 1099 ut
1453 1033 1528 1098 fiant

355 1158 396 1224 ab
410 1160 479 1244 ipso
495 1159 654 1244 Episcopo
678 1165 732 1223 aut
748 1161 818 1222 eius
835 1160 979 1233 nomine;
1003 1157 1090 1223 iubet
1105 1160 1191 1222 enim
1205 1178 1363 1244 expresse
1385 1167 1447 1223 att„
1466 1159 1529 1222 Vll

359 1304 376 1342 c
395 1280 566 1352 cautam
580 1280 814 1362 infructuosae
829 1281 1031 1348 monitiones
1045 1283 1195 1347 wodani
1210 1280 1418 1348 ordinarius
1432 1301 1531 1365 prae·

357 1406 439 1488 cipit
468 1407 585 1472 cutim
614 1411 651 1470 ul
681 1407 892 1491 delinquenti
919 1406 1121 1492 iniunpatur
1146 1412 1372 1489 praeceptum
1389 1429 1420 1470 a.
1448 1410 1530 1472 Scin.

357 1530 523 1598 Ordinarii
546 1531 639 1597 titulo
662 1530 894 1616 comprehendi
910 1534 1006 1596 etiam
1023 1532 1191 1597 Vicarium
1214 1532 1409 1598 Generalem
1425 1533 1482 1597 sed
1500 1536 1531 1594 in

356 1658 500 1724 themate
524 1663 573 1721 est
596 1657 686 1722 clara
709 1657 866 1742 oppositio
890 1657 1056 1724 Ordinarii
1080 1657 1229 1742 Episcopi
1246 1657 1287 1722 ad
1301 1677 1393 1722 suam
1408 1659 1530 1721 curiam

358 1789 392 1849 et
413 1781 452 1846 ad
477 1783 550 1846 Vic.
576 1755 781 1848 Generalenl.
806 1782 956 1848 Ceterum
979 1789 1054 1846 acta
1077 1781 1240 1848 iudicialis
1261 1791 1317 1846 aut
1340 1801 1443 1868 prope
1457 1781 1532 1846 iudi-

358 1905 453 1970 cialis
479 1925 562 1990 pene
592 1905 759 1970 exclusive
790 1907 993 1971 committere
1025 1906 1186 1991 explenda
1219 1905 1353 1971 Vicario
1380 1906 1532 1970 Gener-ali

358 2038 408 2096 est
423 2031 537 2118 regula
558 2033 813 2116 sapientissimae
834 2030 1078 2117 gubernationis
1097 2033 1214 2097 eccles.
1230 2039 1264 2097 et
1278 2051 1441 2116 nunquam
1455 2034 1532 2097 satis

359 2157 589 2229 commendata,
615 2159 660 2223 uti
684 2156 891 2241 probavimus
911 2157 967 2222 lib.
993 2159 1018 2237 l,
1042 2177 1075 2221 n.
1102 2157 1164 2221 147
1187 2176 1235 2240 sq.

449 2281 531 2355 Quia
561 2288 768 2366 praeceptum
800 2284 944 2346 munitur
966 2283 1133 2347 sanctione
1155 2281 1301 2365 poenali,
1324 2299 1459 2346 necesse
1486 2289 1533 2345 est

319 2483 324 2498 ι
359 2403 537 2470 clarissime
560 2405 750 2470 denunciari
773 2406 848 2489 quid
876 2405 1059 2470 faciendum
1086 2405 1224 2488 quidque
1253 2404 1465 2470 omittendum
1494 2407 1531 2467 sit

359 2551 431 2595 cum
455 2537 546 2595 certa
568 2530 698 2595 termini
721 2527 923 2615 praefixione
945 2537 979 2595 et
1000 2550 1125 2615 poenae
1147 2509 1426 2595 determinatione.

447 2654 525 2729 289.
549 2652 714 2729 Quaenam
739 2673 844 2738 poena
858 2653 1034 2719 sancienda
1048 2656 1090 2718 sit
1104 2656 1136 2717 in
1153 2655 1330 2737 praecepti
1351 2661 1530 2739 transgres-
1628 2643 1629 2656 ¹

359 2797 466 2844 sorem
483 2780 644 2843 communi
660 2778 774 2863 regula
790 2777 998 2842 determinari
1015 2797 1080 2842 non
1097 2777 1188 2849 solet
1202 2780 1277 2861 quia
1293 2797 1346 2841 res
1361 2776 1481 2862 pendet
1494 2777 1531 2840 ab
1628 2803 1629 2812 ¹

359 2904 517 2970 adiunctis
543 2924 652 2969 rerum
677 2923 961 2987 personarumque.
986 2904 1091 2969 Hodie
1114 2904 1147 2966 in
1170 2904 1308 2968 clericos
1327 2910 1360 2967 et
1382 2904 1479 2969 etlam
1501 2907 1531 2966 in
1628 2883 1629 2896 ¹

359 3030 460 3095 laicos
484 3029 627 3094 remedia
649 3029 806 3114 poenalia,
824 3029 865 3093 ad
888 3030 1113 3094 executionem
1129 3028 1291 3114 expedita
1309 3034 1440 3114 praesto
1462 3041 1533 3094 sunt

361 3173 534 3221 censurae.
552 3153 642 3227 Quae
665 3154 790 3218 servari
815 3152 955 3218 debeant
977 3155 1010 3217 in
1035 3154 1085 3217 his
1108 3154 1253 3219 ferendis
1276 3155 1338 3217 iarn
1362 3154 1531 3226 innuimus·

360 3278 447 3343 infra
470 3278 621 3349 dicemus,
646 3278 721 3344 data
743 3298 854 3363 opera,
878 3280 911 3343 in
935 3278 1066 3363 speciali
1089 3280 1292 3344 tractatione.
1318 3314 1336 3325 ·
1362 3280 1532 3345 Instructiu

360 3424 515 3487 expresse
539 3406 683 3468 nominat
705 3404 869 3470 eaereitia
883 3405 1080 3487 spiritualia
1095 3423 1178 3487 quae
1192 3423 1368 3489 poenarum
1388 3402 1533 3468 redolent

360 3536 509 3593 naturam
533 3548 629 3611 quum
653 3530 896 3614 praecipiuntur
919 3530 951 3592 in
975 3530 1214 3613 reparationem
1240 3528 1290 3592 vel
1313 3528 1458 3593 scandali
1482 3529 1532 3593 vel

362 3654 477 3739 culpae
506 3654 558 3718 vel
589 3655 620 3717 in
653 3674 779 3718 morum
813 3654 1051 3717 correctionem
1082 3652 1249 3718 Ordinarii
1281 3653 1533 3737 reprehensione

363 3785 554 3844 amatorum.
578 3778 659 3843 Inde
689 3780 844 3861 sequitur,
868 3780 1007 3861 aliquem
1035 3777 1120 3864 adigi
1153 3798 1217 3842 non
1245 3798 1338 3863 posse
1365 3777 1406 3843 ad
1436 3779 1531 3860 spiti-

363 3906 468 3971 tuatia
491 3905 653 3971 coercitio
677 3904 848 3989 explenda,
872 3905 933 3968 nisi
957 3906 1034 3988 ipse,
1055 3904 1201 3987 promia
1226 3902 1311 3985 faeti
1337 3904 1531 3989 capnitione.

363 4036 510 4115 repertus
526 4031 567 4094 sit
582 4012 662 4095 reus
673 4029 808 4094 alicuius
823 4029 953 4111 culpae,
971 4030 1070 4093 veluti
1094 4028 1286 4094 omnacnis
1307 4027 1439 4094 debitae
1461 4028 1532 4093 dili·

362 4156 495 4241 pentiae
518 4157 551 4218 in
574 4157 640 4221 suis
663 4154 851 4219 muneribus
874 4152 1122 4239 parochialibus.

452 4280 629 4354 Quaeritur
643 4300 684 4344 an
697 4280 773 4344 haic
789 4279 932 4344 remedio
943 4279 1082 4361 poenali
1098 4279 1260 4361 praemitti
1279 4282 1428 4361 oporteat
1442 4288 1533 4342 antea

362 4404 573 4484 monitiones,
593 4411 704 4488 postea
717 4408 950 4486 praeceptum.
969 4438 985 4449 -
1006 4403 1172 4487 Inprimis
1192 4392 1414 4467 manitionem
1427 4405 1532 4501 pater·
1628 4435 1629 4484 3
