3350 5100
480 320 525 368 ort
551 322 691 369 romeus
714 320 959 369 oarurunrnaus
1243 302 1305 367 261

129 463 207 509 rero
230 445 401 511 coutinuis
429 444 576 511 decurrit
597 466 619 510 a
640 445 692 510 die
715 446 877 511 commissi
907 446 1060 531 postremi
1083 450 1175 511 actus
1201 446 1309 510 orimi-

129 571 205 635 nosi.
232 569 283 633 lta
312 572 410 635 etiam
441 572 475 635 in
499 570 576 636 cod.
601 570 701 657 Greg.
725 571 776 637 De
801 571 930 637 delictis
953 576 984 637 et
1003 570 1134 653 poenis,
1159 574 1226 635 art.
1251 570 1308 635 44.

129 694 165 757 ln
187 692 254 759 hoo
267 694 344 761 God.
362 693 453 759 nulla
474 692 511 760 tit
533 698 684 781 exceptio
700 695 741 761 de
763 696 902 763 occultis
917 694 1056 765 delictis,
1074 713 1156 778 quae
1172 692 1310 779 proinde

128 821 385 905 praescriptione
400 821 731 905 comprehenduntur.
752 820 827 886 dum
844 822 898 887 cit.
916 820 1090 885 Decretum
1105 827 1216 887 canet:
1237 841 1254 883 o
1274 822 1311 889 Si

127 943 290 1009 delictum
310 942 420 1025 suerit
445 964 636 1012 rorantren
659 948 838 1017 occultum,
862 944 1171 1029 praescriptionem
1194 965 1266 1010 non
1289 966 1310 1011 a

127 1066 181 1132 die
203 1068 379 1135 commissi
400 1070 554 1137 oriminis
576 1071 636 1137 sod
652 1070 746 1137 odie
768 1070 928 1136 scientiae
952 1068 1162 1136 comisatoris
1185 1072 1236 1135 oet
1259 1071 1311 1135 in-

127 1190 304 1273 quisitoris
317 1212 459 1259 currere
478 1194 592 1276 placet
608 1215 638 1256 r.
652 1194 757 1269 Quum
781 1193 865 1257 idem
883 1192 1051 1261 decretum
1067 1213 1148 1257 onus
1169 1194 1311 1277 imponat

130 1332 184 1376 reo
214 1313 375 1397 probandi
406 1318 632 1401 exceptionem
663 1316 930 1403 praescriptionis
958 1335 1053 1400 quam
1091 1318 1160 1402 ipse
1186 1322 1311 1381 tantum

126 1436 301 1504 abiiciendi
336 1441 387 1505 ius
419 1440 528 1513 habet,
559 1446 649 1527 patet
679 1443 742 1507 hoc
770 1440 965 1506 difficilimae
996 1460 1066 1505 esso
1102 1440 1311 1525 probationis,

130 1581 245 1647 nempe
256 1564 414 1629 evincere
430 1566 553 1630 crimen
571 1564 672 1630 fuisse
684 1584 875 1632 rornmrtta
886 1566 1066 1637 occultum,
1080 1566 1193 1630 saltem
1207 1563 1311 1649 quoad

130 1688 306 1753 sarmium
322 1689 532 1755 accusatoris
547 1690 600 1754 vel
616 1688 838 1774 inquisitoris.
859 1688 921 1755 Sed
947 1707 1118 1753 versamur
1134 1688 1166 1753 in
1183 1688 1312 1769 odiosis,

128 1815 286 1895 quocirca
307 1814 342 1876 in
365 1812 463 1879 dubio
486 1812 660 1879 favendum
684 1819 822 1879 ostreo.
1252 1890 1255 1899 ¹

216 1933 307 2008 Quia
333 1934 521 2001 canonistas
551 1932 741 2007 admittunt,
766 1937 837 2001 iure
861 1955 933 2000 can.
957 1954 1023 1999 non
1054 1954 1147 2000 secus
1176 1954 1215 1999 ac
1242 1934 1314 1999 iure

132 2076 220 2138 rom,
232 2058 418 2123 institutum
441 2060 707 2145 praescriptionis
723 2080 821 2126 unum
846 2058 993 2144 idemque
1010 2065 1231 2145 comparatum
1243 2078 1314 2123 esse

131 2202 187 2266 pro
210 2203 250 2247 re
276 2183 367 2249 civili
382 2188 415 2247 et
430 2184 613 2255 criminati,
631 2185 776 2251 fatentur
791 2186 1080 2270 praescriptionem
1096 2186 1234 2249 actionis
1250 2186 1312 2249 cri·

131 2307 257 2373 minalis
281 2308 348 2391 pati
372 2303 506 2373 effectus
527 2309 759 2391 suspensionis
783 2315 816 2374 et
837 2309 1106 2391 interruptionis.
1131 2306 1180 2375 Ol.
1208 2307 1312 2373 Vol.l

131 2450 160 2495 u.
175 2431 243 2497 297
262 2466 282 2479 -
301 2431 426 2497 Verum
441 2433 647 2515 interruptio
663 2432 704 2498 ad
721 2434 856 2499 nihilum
876 2432 993 2519 redigit
1009 2432 1311 2518 praescriptionem,

131 2559 202 2640 quia
225 2557 327 2624 iudici
342 2578 444 2643 usqne
466 2561 630 2645 integrum
647 2563 697 2626 est
711 2578 771 2644 per
793 2558 931 2644 aliquem
949 2566 1055 2624 actum
1072 2559 1314 2643 processualem

131 2682 385 2765 interrumpere
414 2685 680 2768 praescriptionis
710 2704 857 2758 cursum,
883 2685 946 2749 imo
975 2684 1036 2749 hnc
1061 2703 1103 2748 ex
1127 2703 1184 2748 suo
1207 2679 1313 2748 offloio

133 2814 300 2892 praestare
314 2813 465 2883 tenetur:
482 2817 515 2875 et
530 2808 605 2875 inde
628 2810 750 2876 factum
773 2813 832 2881 est,
850 2811 896 2874 uti
913 2811 976 2874 iam
996 2807 1204 2880 advertimus,
1221 2797 1315 2892 prue-

131 2935 341 3019 scn‘ptionem
356 2934 528 2998 criminum
544 2953 659 3018 parum
675 2931 842 2999 efficacem
854 2931 1005 2999 habuisse
1017 2933 1264 3017 applicationem
1280 2933 1314 2996 in

133 3057 202 3121 toro
224 3057 347 3123 eccles.
371 3064 404 3122 et
427 3059 512 3123 civili
537 3065 705 3143 postquam
729 3057 828 3123 iudex
852 3057 1032 3144 procedere
1055 3059 1163 3143 coepit
1177 3077 1223 3126 eea
1246 3057 1314 3142 offi-

133 3181 183 3248 cio
205 3183 241 3247 in
268 3201 426 3266 processu
453 3183 650 3267 inquisitiva
677 3179 734 3266 (l).
761 3217 778 3230 -
804 3181 989 3265 Suspensio
1020 3187 1126 3246 autem
1159 3183 1191 3246 in
1224 3201 1315 3268 prae·

135 3309 310 3393 scriptione
325 3306 454 3392 poenmi
470 3306 637 3372 commode
651 3307 830 3373 admittitur
842 3305 968 3390 quando
986 3319 1028 3371 ex
1044 3325 1149 3372 eausa
1166 3305 1315 3372 iuridioa

135 3431 330 3516 prohibitum
353 3436 404 3496 est
426 3431 619 3496 exercitium
636 3433 783 3496 actionis.
802 3466 819 3481 -
840 3433 877 3495 ln
893 3449 930 3496 re
946 3431 1104 3496 canonica
1126 3449 1220 3496 casus
1237 3431 1317 3496 clas·

134 3558 220 3623 siem
242 3554 399 3621 eiusmodi
424 3553 640 3640 impedimenti
660 3554 800 3620 habetur
823 3555 860 3619 in
883 3555 959 3620 iure
982 3555 1078 3638 aspli,
1097 3555 1236 3619 vionius
1261 3555 1316 3618 im·

222 3803 264 3873 (l)
285 3803 378 3856 Etiam
397 3803 426 3856 in
439 3801 505 3856 cod.
518 3801 601 3871 Greg.
618 3803 657 3856 De
675 3802 788 3856 delictis
803 3807 833 3855 et
846 3803 944 3871 poenis
962 3799 1122 3854 admittitur
1139 3799 1315 3868 interruptio.

136 3909 242 3964 Statuit
266 3921 320 3964 ara
343 3910 387 3963 45.
405 3909 654 3980 <Qualiscumque
683 3919 762 3962 actus
789 3908 934 3962 iudicialis
958 3921 1108 3977 processus
1135 3907 1317 3976 interrumpit

134 4016 368 4086 prescriptionis
386 4015 537 4067 decursum
556 4031 627 4084 quae
650 4017 755 4066 iterum
778 4013 927 4066 inchoatur
945 4013 980 4065 ab
999 4014 1051 4065 isto
1069 4020 1134 4064 actu
1145 4023 1172 4067 rr.
1191 4011 1252 4063 nrt.
1271 4011 1317 4064 ⁴6.

138 4136 153 4174 t
167 4122 313 4177 Sententia
325 4137 433 4190 qnoque
446 4121 658 4174 contumaciaiis
668 4102 922 4190 praescriptionem
935 4120 1051 4188 impedit
1063 4131 1088 4174 rr.
1101 4116 1239 4171 Nimirum
1254 4121 1316 4187 post

137 4227 304 4282 sententiam
316 4227 550 4281 contumacitatem
561 4242 614 4280 non
625 4224 744 4294 amplius
753 4224 848 4293 agitur
857 4224 890 4279 de
900 4224 1018 4279 crimine
1030 4223 1077 4278 sed
1087 4223 1120 4278 de
1131 4240 1222 4294 poena
1235 4240 1316 4294 prae-

138 4333 291 4397 scribenda,
309 4333 413 4403 qnippe
424 4312 499 4386 actio
511 4330 665 4386 criminalis
677 4335 806 4386 censetur
817 4329 948 4399 expedita
960 4330 1071 4399 penitus
1085 4344 1135 4400 per
1146 4329 1315 4384 sententiam

139 4438 181 4494 snt
192 4437 436 4494 contumacitatem.
447 4438 698 4508 Praescriptionem
715 4454 824 4507 poenae
842 4441 936 4492 autem
955 4437 1008 4492 iste
1027 4435 1113 4492 codex
1130 4452 1186 4492 non
1205 4436 1315 4492 recolit.
