3350 5100
330 275 374 342 ot
855 293 939 340 runs
963 293 1005 339 1..

331 426 541 504 praesentans
556 421 698 484 scienter
713 417 879 504 indignum
903 418 943 482 ad
967 418 1220 485 ecclesiasticum
1240 417 1445 496 beneficium
1463 424 1508 489 uti

331 544 435 631 legem
452 545 621 611 Ecclesiae
643 564 706 609 non
730 546 836 610 miuus
859 564 898 608 ac
923 544 1103 608 naturalem
1119 543 1268 630 infringit
1284 545 1339 609 ille
1355 545 1508 610 christia·

332 689 391 735 nus
414 671 467 753 qui
491 689 564 734 suas
587 671 675 735 vires
699 670 882 754 turpissime
906 669 1047 754 explicat
1069 670 1103 734 in
1126 668 1272 754 cogenda
1294 670 1432 737 muliere
1454 672 1507 738 rel

331 794 370 859 ad
386 799 503 860 statum
519 795 701 881 religiosum
718 795 769 860 vel
786 793 826 859 ad
842 800 959 862 statum
975 795 1241 860 matrimonialem
1258 794 1506 880 suscipiendum.

421 916 574 982 Mulieres
592 937 669 982 vero
685 923 718 982 et
740 919 792 1002 qui
810 919 857 982 eis
872 918 994 984 auxilio
1009 915 1085 982 sunt
1099 926 1156 982 aut
1170 919 1323 1003 propositi
1344 927 1506 990 auetrrres.

330 1045 515 1110 saevissime
546 1045 685 1109 hominis
712 1046 851 1110 animam
884 1051 915 1109 et
946 1064 1063 1129 eorpus
1093 1043 1302 1129 pessumdare
1328 1064 1393 1109 nou
1417 1044 1508 1110 dubi-

331 1175 400 1234 taut
418 1175 645 1254 proenrontes
668 1168 824 1236 obortum
849 1175 882 1234 et
904 1169 1133 1234 ecclesiasticis
1148 1187 1213 1233 non
1237 1170 1342 1235 minus
1365 1189 1403 1234 ac
1427 1172 1507 1236 eiri-

331 1293 412 1360 libus
435 1295 545 1380 poenis
568 1293 753 1360 deterrendi
777 1301 810 1360 et
833 1294 1057 1380 compescendi
1081 1301 1165 1360 sunt.

371 1467 376 1486 ,
420 1420 471 1486 46.
498 1421 640 1506 lienique
663 1422 799 1485 crimina
825 1421 987 1495 incertus,
1014 1399 1143 1504 stupet,
1167 1421 1329 1488 adulterii
1352 1421 1508 1488 directius

329 1553 522 1631 pervertunt
544 1547 742 1632 religionem,
768 1553 877 1632 utpote
899 1566 982 1629 quae
1004 1549 1244 1613 constituuntur
1266 1545 1368 1613 abusu
1388 1547 1506 1612 virium

331 1672 541 1744 naturalium,
566 1690 644 1755 quas
672 1673 755 1736 Deus
786 1671 947 1736 ordinavit
977 1671 1119 1736 humano
1142 1673 1256 1758 generi
1279 1671 1507 1758 propagand0;

332 1797 521 1879 illarumque
538 1796 714 1882 legitimum
727 1815 817 1862 usum
832 1797 980 1862 Christus
993 1798 1176 1862 honestavit
1189 1797 1384 1863 charismate
1401 1817 1508 1863 sacra·

331 1905 472 1970 mentali.

420 2011 537 2078 Omnia
559 2017 665 2077 autern
686 2013 822 2076 crimina
841 2030 923 2094 quae
938 2013 1069 2096 pariunt
1083 2011 1268 2094 infamium
1284 2014 1335 2078 rel
1351 2013 1438 2078 trois
1454 2014 1505 2080 rel

329 2129 411 2212 facti
438 2139 552 2196 arcent
578 2131 618 2197 ab
645 2131 757 2196 ordine
785 2131 930 2197 clericali
953 2131 993 2196 ob
1016 2133 1155 2216 aliquam
1187 2134 1420 2198 inhabilitatem
1452 2133 1506 2202 rel

327 2256 412 2338 sacti
427 2258 479 2321 vel
494 2257 591 2338 iuris,
609 2276 690 2341 quae
713 2257 853 2340 aliquam
878 2259 1035 2323 rationem
1059 2279 1182 2344 poenae
1205 2260 1391 2325 secumlert.
1407 2259 1505 2326 Modo
1595 2273 1598 2277 ·

329 2383 447 2467 aliquid
471 2383 613 2449 dicamus
636 2384 676 2448 de
699 2384 843 2470 singulis,
868 2383 1022 2449 breviter.

350 2672 372 2754 ἓ
391 2672 417 2735 1.
437 2672 485 2735 De
502 2670 753 2753 proferentibus
776 2671 879 2737 verba
902 2677 962 2735 aut
981 2672 1232 2754 propositiones
1254 2672 1483 2739 asso-ennom

560 2794 597 2857 in
620 2793 730 2859 Deum
753 2795 804 2859 oei
827 2794 865 2858 in
887 2794 1072 2860 Ecclesiam
1096 2793 1266 2859 iniuriosa

504 2924 534 2982 et
556 2918 599 2983 de
620 2918 663 2983 iis
686 2919 745 3003 qui
768 2937 893 2985 nomen
917 2918 1002 2983 dant
1022 2918 1121 2984 sectis
1143 2918 1326 2984 damnatis.

330 3126 545 3183 summarium.
573 3156 607 3167 —
636 3128 678 3179 ⁴7.
698 3128 808 3183 Poenae
828 3128 857 3182 in
876 3125 1061 3196 blasphemos.
1090 3154 1124 3169 -
1152 3126 1196 3181 48.
1216 3127 1311 3181 Poene
1328 3125 1356 3178 in
1376 3128 1507 3181 docentes

418 3238 446 3289 ei
470 3236 651 3303 defendentes
673 3238 877 3305 propositiones
901 3236 937 3287 ab
956 3236 1050 3303 Apost.
1074 3235 1136 3288 Sed.
1157 3235 1312 3287 damnatos.
1332 3208 1428 3285 449.
1448 3232 1504 3287 En·

417 3341 657 3395 communicentur
668 3357 771 3395 nomen
789 3342 982 3395 delitescente
1000 3340 1139 3395 damnatis
1156 3338 1244 3394 veluti
1259 3339 1433 3393 ltinssonicee
1451 3339 1504 3395 eis-

416 3448 533 3517 demque
551 3448 676 3502 laventes
701 3464 752 3501 nec
772 3462 826 3500 non
846 3446 1018 3518 coryphoeos
1036 3462 1091 3500 non
1116 3445 1325 3501 denunciantes.
1344 3472 1378 3485 ·-
1396 3444 1439 3497 50.
1463 3444 1502 3499 De

417 3556 548 3608 damnata
559 3555 688 3610 societate
702 3556 837 3610 catholiea
856 3572 909 3625 pro
928 3556 1115 3609 vindicatione
1127 3557 1234 3608 turtum
1243 3553 1347 3623 popuii
1359 3554 1505 3607 christiani

418 3674 443 3715 et
463 3664 609 3733 inprimis
628 3662 742 3725 romani,
761 3662 790 3714 in
808 3661 948 3715 electione
969 3660 1048 3713 Rom.
1070 3660 1223 3713 Pontificis.

419 3896 469 3959 47.
496 3897 569 3979 lpsa
592 3896 750 3959 naturalis
781 3896 864 3959 ratio
895 3894 1010 3975 dictat,
1034 3896 1116 3966 Deo,
1146 3892 1248 3968 Quem
1279 3891 1370 3958 nobis
1400 3894 1502 3958 nostri

285 4014 286 4019 ’
329 4018 510 4084 intellectus
525 4018 632 4083 lumen
649 4024 761 4103 aperte
778 4019 970 4088 manifestat.
983 4038 1110 4083 omnem
1125 4016 1283 4082 honorern
1298 4016 1503 4081 tribuendum

328 4164 399 4209 esse
422 4164 612 4228 omnemque
641 4145 858 4210 reverentiam
881 4142 991 4208 verbis
1014 4148 1046 4206 et
1074 4141 1169 4206 factis
1197 4138 1408 4227 profitendam
1432 4159 1506 4207 esse

329 4269 483 4333 externis.
510 4268 575 4333 Isto
598 4273 770 4353 praecepto
787 4286 825 4331 eo
845 4270 967 4332 arctius
989 4266 1235 4350 abstringuntur
1256 4264 1503 4348 christianique

329 4391 448 4454 clarius
480 4391 686 4455 revelationis
709 4391 815 4455 lumen
843 4390 941 4453 Deum
965 4389 1041 4473 ipsis
1064 4387 1203 4453 ostendit
1225 4405 1502 4472 quorumcumque
