3350 5100
327 269 392 337 460
840 288 923 335 elas
947 288 997 335 ιιι.

326 420 359 481 et
385 412 663 479 cohabitationem.
690 447 709 461 -
735 412 820 477 Illud
843 418 892 479 est
914 414 1080 499 singulare
1106 414 1136 477 in
1161 411 1212 479 his
1235 414 1341 479 causis
1357 378 1392 479 at
1406 430 1503 497 quum

325 543 442 623 agatur
457 536 496 602 de
512 538 717 603 matrimonio
732 541 842 622 utpote
864 540 1088 618 sacramente,
1106 537 1222 601 iuriam
1247 534 1323 601 inde
1337 534 1503 601 fluentium

325 662 425 728 tutela
440 680 498 727 seu
513 662 601 728 actio
617 659 788 729 iudicialis
804 681 869 727 non
885 665 1009 728 tantum
1026 666 1188 746 competat
1202 660 1356 746 partibus,
1370 660 1424 725 sed
1443 660 1503 745 ipsi

328 782 547 869 Reipublicae,
562 802 646 867 quae
661 784 770 849 sinere
786 802 852 848 non
864 789 968 868 potest
984 788 1019 849 ut
1033 803 1163 850 sacrum
1179 784 1374 850 matrimonii
1390 780 1504 849 foedus

324 914 380 974 aut
402 928 461 995 per
484 910 657 994 coniugum
680 907 844 983 desidiam,
861 914 917 974 aut
940 928 999 993 par
1022 909 1230 975 collusionem
1255 908 1350 973 foede
1373 908 1503 992 procul·

324 1038 429 1099 catur.
446 1070 465 1081 -
482 1030 598 1097 Partes
621 1030 831 1117 Reipublicae
854 1034 922 1118 agit
941 1036 1107 1127 promotor
1130 1030 1248 1097 fiscalis
1271 1053 1328 1097 seu
1351 1032 1503 1099 defensor

325 1159 521 1243 matrimonii
543 1177 590 1224 ea
611 1158 731 1243 officio.

416 1283 488 1351 415.
514 1285 627 1350 Gausis
656 1281 944 1348 matrimonialibus
970 1282 1193 1349 accensendae
1224 1289 1298 1347 sunt
1329 1301 1397 1357 eae,
1421 1299 1504 1366 quae

324 1414 472 1494 spectant
493 1409 534 1474 ad
557 1410 692 1493 effrntns
715 1405 808 1493 (quos
822 1407 952 1492 vocant)
975 1406 1187 1474 matrimonii
1209 1406 1428 1491 separabiles,
1446 1426 1503 1471 ve-

324 1532 384 1600 luti
406 1532 522 1606 dotem,
548 1533 736 1599 donationes
766 1536 899 1618 propter
926 1534 1064 1617 nuptias,
1096 1530 1351 1597 haereditariam
1375 1550 1503 1595 succes-

323 1660 456 1732 sionem,
480 1658 715 1743 legitimitatem
742 1654 900 1739 tiliorum,
923 1662 1082 1740 quatenus
1105 1656 1168 1721 hae
1197 1654 1278 1721 flunt
1299 1657 1503 1740 quaestiones

322 1782 518 1850 incidentes.
534 1819 550 1833 ·
565 1785 647 1850 Nam
662 1783 725 1848 bae
741 1802 859 1849 causae
874 1783 1039 1869 agitantur
1056 1782 1259 1866 displiciter5
1271 1783 1341 1847 scil.
1354 1781 1406 1847 vel
1422 1781 1504 1847 inci·

323 1908 451 1989 denter,
469 1928 526 1974 seu
541 1909 711 1974 occasione
729 1908 865 1974 alterius
880 1927 999 1973 causae
1015 1908 1260 1973 matrimonialis
1276 1908 1340 1973 iam
1360 1906 1502 1992 legitime

324 2036 523 2101 instauratae
538 2002 625 2119 apud
642 2034 779 2101 iudicem
795 2035 911 2101 eccles.
929 2034 982 2099 vel
1004 2036 1036 2098 in
1052 2035 1105 2098 via
1117 2033 1316 2121 principali,
1332 2050 1389 2098 seu
1405 2052 1502 2115 quum

323 2158 363 2224 de
378 2160 448 2224 istis
464 2160 662 2224 instauratur
677 2160 841 2232 instantia,
859 2164 893 2224 ut
908 2158 949 2223 de
965 2157 1090 2225 obiecto
1111 2158 1299 2241 principali
1315 2162 1348 2222 et
1363 2156 1500 2222 directo.

325 2283 368 2348 tat
390 2283 465 2365 quia
480 2281 706 2349 accessorium
728 2282 884 2367 seqnitur
902 2281 1099 2365 principale
1121 2280 1219 2367 (liep.
1236 2283 1303 2347 inr.
1328 2279 1386 2353 42,
1404 2281 1441 2345 in
1464 2278 1502 2362 6)

324 2405 388 2471 hae
401 2424 519 2470 causae
534 2405 724 2471 incidenter
739 2410 874 2469 exortae
890 2404 1146 2471 adnumerantur
1162 2404 1268 2469 causis
1285 2402 1502 2467 matrimonia-

322 2528 415 2600 libus.
432 2533 545 2615 suopte
569 2530 650 2601 iure,
673 2527 894 2616 spectantibus
908 2527 949 2594 ad
965 2528 1071 2596 forum
1087 2528 1202 2594 eccles.
1223 2563 1240 2578 ·
1259 2528 1286 2594 E
1303 2532 1418 2594 contra
1439 2528 1501 2592 hae

323 2673 440 2722 causae
467 2655 691 2720 consideratae
715 2674 774 2739 per
796 2673 842 2734 se,
867 2656 911 2720 uti
931 2653 1144 2738 principales
1167 2659 1242 2720 sunt
1272 2671 1389 2720 causae
1412 2673 1501 2718 mere

323 2779 437 2845 ciuiles
456 2783 490 2842 et
500 2778 685 2861 profanae.
703 2777 751 2844 cf.
769 2777 935 2844 Benedict.
954 2779 1047 2851 XIV,
1065 2777 1115 2844 De
1131 2779 1225 2862 Syn,
1242 2777 1302 2859 IX,
1318 2798 1347 2843 c.
1365 2777 1397 2851 9,
1413 2795 1448 2842 n.
1464 2775 1500 2842 5.

412 2899 590 2967 Praeterea
612 2903 688 2987 quia
710 2901 741 2968 S.
768 2900 918 2969 Pontifici
941 2903 992 2967 ius
1015 2907 1064 2968 est
1087 2901 1267 2976 relaxandi,
1291 2921 1351 2988 per
1365 2902 1501 2985 dispen-

323 3027 498 3100 sationem,
523 3029 761 3093 matrimonium
784 3033 900 3093 ratnm
924 3033 957 3092 et
979 3047 1050 3094 non
1073 3033 1356 3103 consummatum,
1381 3029 1408 3092 si
1431 3027 1502 3110 quis

321 3155 410 3236 petat
440 3151 720 3236 dispensationem,
744 3152 828 3217 haec
854 3171 1016 3236 nunquam
1040 3150 1230 3218 conceditur
1252 3152 1313 3218 nisi
1336 3153 1399 3219 rite
1423 3171 1501 3216 con·

321 3281 385 3343 stet
400 3276 440 3342 de
455 3279 594 3343 veritate
610 3295 675 3344 non
691 3282 822 3342 secutae
846 3278 1138 3344 consummationis.
1165 3276 1216 3343 Ad
1239 3277 1301 3342 hoc
1324 3277 1501 3342 instituitur

322 3421 503 3487 processus,
520 3409 554 3468 et
568 3403 642 3469 inde
659 3404 824 3470 enascitur
839 3421 936 3468 causa
952 3402 1217 3470 castimonialis
1231 3401 1403 3469 iudicialis
1418 3420 1500 3485 quae

322 3547 440 3592 revera
463 3529 567 3591 estin
590 3547 649 3592 sno
674 3546 773 3612 scopo
802 3527 958 3614 pretiosa
974 3562 992 3576 ·
1010 3547 1067 3594 sea
1093 3527 1243 3592 ordinata
1260 3561 1277 3576 ·
1293 3524 1334 3590 ad
1362 3525 1502 3608 dispen-

319 3653 495 3733 satanan,
519 3652 576 3718 sed
599 3652 771 3720 iudicialis
786 3654 819 3717 in
834 3672 990 3738 processu
1015 3653 1158 3718 instituto
1173 3651 1214 3717 ad
1231 3652 1377 3716 veritatis
1400 3650 1502 3734 inqui·

321 3779 470 3843 sitionem
494 3776 550 3861 (l).

410 3900 486 3966 416.
515 3899 586 3965 llae
617 3919 744 3974 causae,
776 3904 886 3985 utpote
916 3899 1103 3980 iudiciales,
1136 3900 1342 3985 expostulant
1372 3899 1499 3963 servari

321 4025 453 4111 regulas
475 4024 598 4089 ordinis
620 4024 795 4100 iudicialis;
820 4029 929 4109 utpote
953 4043 1033 4090 vero
1048 4023 1329 4094 matrimoniales,
1353 4042 1410 4088 seu
1434 4041 1499 4088 non

410 4199 450 4269 (l)
471 4200 509 4255 De
527 4199 691 4254 criminibus
712 4203 796 4253 minti
817 4203 877 4272 fori
902 4201 1010 4270 egimus
1038 4199 1094 4254 Vol.
1121 4199 1179 4265 ΙΙΙ,
1196 4218 1223 4254 n.
1244 4197 1498 4271 sisaponensi

320 4312 421 4376 agatur
439 4305 564 4362 demere
582 4312 658 4379 facto
683 4306 772 4362 saluti
791 4306 825 4361 de
850 4306 992 4361 adulterio
1018 4307 1069 4360 sub
1095 4306 1217 4377 simplici
1236 4306 1346 4361 ratione
1370 4309 1438 4376 facti
1456 4305 1500 4360 est

322 4415 484 4481 competens
501 4413 588 4466 etiam
606 4413 690 4466 iudex
709 4413 808 4468 laicas
