3350 5100
351 260 418 329 264
866 300 948 346 rans
978 300 1014 347 11.

350 414 454 477 sarias
484 434 556 479 esse
586 418 776 503 cuicumque
807 425 973 505 processui
1005 398 1182 497 criminali,
1207 424 1426 492 difficultatem
1450 428 1529 494 tacit

351 535 435 601 ratio
459 539 653 622 procedendi
676 563 736 629 per
758 546 845 609 viam
867 548 1032 631 simplicis
1054 547 1292 633 inquisitionis,
1313 548 1397 615 unde
1420 550 1526 616 iudex.

352 665 483 727 tontum
499 682 618 731 annm
634 670 667 731 et
679 666 854 749 factorum
877 672 1017 737 ueritate
1040 670 1203 756 inspecta,
1220 672 1365 757 procedit
1380 673 1420 738 ad
1437 694 1527 739 reum

352 788 641 855 condemnandum.
658 828 672 839 -
688 793 774 858 Sane
790 796 822 859 in
839 814 995 880 processu
1011 797 1221 881 ceteroquin
1236 797 1530 862 estlocnstormali

351 915 561 982 accusationi
576 922 648 1001 post
662 918 826 1004 expletam
839 919 1102 1005 inquisitionem,
1119 922 1304 1007 plenissime
1319 920 1435 987 satisfit
1449 942 1529 1007 qna-

351 1044 430 1106 tnor
445 1043 599 1125 expositis
613 1043 859 1109 conditionibus.
873 1081 891 1094 -
917 1047 954 1111 ln
979 1066 1134 1131 processu
1156 1053 1265 1113 antem
1288 1068 1370 1135 pure
1392 1047 1531 1133 inquisi-

353 1166 428 1238 tivo,
457 1166 583 1250 quando
610 1169 690 1236 velit
719 1171 847 1234 servari
878 1171 958 1235 ordo
988 1171 1160 1239 iudicialis
1195 1174 1252 1238 seu
1287 1173 1529 1240 contentiosus.

351 1294 527 1358 asserimus
548 1313 651 1378 aeque
674 1295 835 1361 servanda
858 1316 931 1361 esse
958 1298 1020 1361 ista
1047 1302 1187 1380 quatuor
1218 1303 1379 1363 momenta
1409 1294 1532 1360 ordinis

352 1418 577 1501 processualis,
593 1420 638 1483 uti
655 1420 770 1504 probat
788 1421 965 1507 Pellegrini
982 1420 1005 1486 l.
1022 1423 1074 1487 cit.
1094 1422 1177 1489 Sect.
1196 1423 1244 1488 II.
1257 1442 1292 1487 n.
1305 1421 1365 1485 20.
1383 1419 1467 1487 Soet.
1483 1418 1533 1483 IX
1631 1492 1632 1497 ἵ

352 1561 387 1607 n.
411 1544 469 1609 55.
489 1580 507 1592 -
524 1544 610 1611 Sane
624 1548 845 1630 quaestionem
868 1548 958 1613 hisce
980 1548 1131 1614 terminis
1155 1545 1333 1621 definimus,
1350 1548 1531 1613 nimirum·

353 1666 523 1734 dummodo
547 1672 674 1735 servari
693 1672 774 1738 velit
795 1672 875 1737 ordo
899 1693 956 1738 seu
971 1676 1135 1739 contentio
1150 1672 1331 1745 iudicialis,
1350 1710 1362 1722 ·
1382 1693 1532 1738 necessa-

349 1760 439 1858 rium
462 1814 543 1866 esse,
567 1796 815 1870 accusationem,
834 1802 1057 1883 erumpentem
1082 1818 1124 1863 ex
1150 1799 1363 1883 inquisitione,
1388 1796 1535 1885 pandere

353 1924 506 1984 accusato
518 1924 554 1985 ut
566 1920 621 1983 hic
636 1940 672 1985 se
687 1919 856 1997 deiendat;
869 1922 952 2007 quod
969 1924 996 1989 si
1011 1922 1051 1988 ab
1068 1927 1219 1989 accusato
1232 1924 1370 1987 crimine
1386 1943 1421 1987 se
1439 1943 1536 1988 excu-

356 2060 431 2107 sare
447 2062 510 2112 non
526 2042 643 2121 valeat,
653 2022 926 2108 ‘condemnatione
942 2046 1112 2129 plectetur.
1131 2080 1143 2093 ·
1161 2044 1377 2119 Quamobrem
1394 2046 1534 2127 quoties·
1633 2028 1634 2035 ἵ

355 2185 493 2250 cumque
508 2167 617 2243 iudex,
633 2169 776 2235 inaudito
794 2190 850 2235 reo
867 2170 919 2235 vel
935 2171 1048 2236 saltem
1065 2172 1143 2255 quin
1159 2171 1188 2235 ei
1203 2172 1319 2235 fecerit
1343 2174 1536 2255 potestatem

356 2312 373 2355 a
390 2311 426 2357 se
440 2294 619 2378 repellendi
632 2297 880 2368 accusationem,
898 2298 1001 2381 ipsum
1017 2296 1221 2375 condemnat,
1238 2296 1322 2359 iusta
1345 2298 1442 2378 atque
1458 2292 1539 2377 legi·
1634 2262 1635 2287 F

355 2418 433 2481 tima
448 2418 567 2502 poterit
581 2417 696 2482 haberi
711 2417 946 2498 condemnatio,
964 2417 1133 2483 dnmmodo
1149 2418 1190 2481 sit
1209 2416 1385 2481 conformis
1401 2416 1535 2479 veritati

356 2550 389 2610 et
405 2545 486 2610 haec
498 2542 695 2630 procedendi
711 2546 794 2609 ratio
811 2566 874 2609 non
892 2546 933 2611 sit
948 2546 1056 2610 aliena
1071 2565 1091 2610 a
1106 2548 1263 2630 potestate
1276 2540 1452 2616 Praesulis
1466 2541 1538 2609 sed.

356 2671 469 2757 procul
494 2669 599 2748 dnbio,
624 2669 777 2734 eiusmodi
801 2669 1026 2736 condemnatio
1050 2689 1114 2734 non
1138 2676 1188 2736 est
1210 2669 1390 2736 iudicialis.
1414 2703 1432 2716 -
1458 2668 1540 2732 lure

356 2801 463 2860 autem
480 2795 619 2861 naturali
637 2795 781 2880 inspecto
804 2792 841 2860 flt
863 2795 1067 2866 contestatio,
1085 2815 1181 2878 quum
1199 2792 1361 2860 accusatio
1382 2791 1541 2857 obiicitur

357 2927 517 2995 accusato,
534 2939 629 3004 quam
649 2919 775 3003 probat
796 2925 967 2986 accusator
983 2920 1141 2985 adversus
1157 2924 1342 2985 accusatum
1358 2921 1538 3002 negantem

358 3049 449 3110 etse
472 3042 717 3125 defendentem,
742 3045 833 3108 cuius
856 3044 1072 3108 contentionis
1096 3040 1170 3107 finis
1192 3047 1243 3107 est
1263 3041 1427 3107 sententia
1447 3041 1540 3106 indi·

359 3171 464 3237 ciniis

450 3296 521 3360 195.
540 3295 652 3378 Leges,
666 3294 779 3378 quibus
794 3296 863 3358 sive
886 3293 984 3358 iudex
1003 3295 1072 3358 sire
1087 3297 1259 3358 accusator
1274 3293 1344 3356 sive
1367 3296 1544 3356 accusatus

358 3420 584 3505 obtemperare
599 3418 726 3491 debent,
742 3421 776 3483 in
792 3420 882 3511 hisce
906 3419 1049 3504 partibus
1066 3415 1324 3503 processualibus
1339 3413 1543 3494 evolvendis,

359 3547 557 3612 constituunt
578 3563 764 3629 processum
781 3543 971 3609 iudicialem.
990 3579 1008 3590 -
1026 3543 1068 3607 Et
1083 3542 1138 3606 hic
1152 3547 1202 3608 est
1223 3541 1383 3623 formatis
1405 3559 1464 3604 seu
1489 3559 1545 3603 so-

358 3675 483 3754 lemnis,
495 3693 592 3756 quum
604 3673 823 3757 praescriptae
835 3689 968 3734 normae
979 3669 1097 3752 aliquid
1111 3667 1221 3734 iubent
1236 3666 1276 3731 ad
1291 3666 1545 3734 solemnitatem

359 3807 454 3866 actas
477 3817 534 3862 seu
556 3802 688 3882 praeter
703 3797 805 3879 ipsam
828 3796 1025 3879 exigentiam
1049 3793 1129 3857 iuris
1145 3791 1319 3864 naturalis:
1339 3809 1382 3854 ex
1401 3789 1546 3854 adverso

361 3931 410 3991 est
422 3922 655 3993 oecomonicns
670 3940 726 3986 sen
742 3919 961 3990 summarius,
979 3938 1074 4002 quum
1092 3935 1157 3980 non
1174 3923 1325 3981 servatur
1340 3917 1372 3978 in
1385 3933 1547 4000 processu

359 4050 420 4114 nisi
438 4049 520 4113 ratio
533 4043 727 4132 procedendi
740 4045 811 4107 iure
825 4041 964 4106 naturali
981 4041 1192 4126 praescripta.
1206 4037 1256 4104 Cf.
1273 4037 1349 4100 Vol.
1369 4037 1395 4110 l,
1411 4035 1474 4102 591
1497 4057 1544 4120 sq.

450 4174 570 4238 Rerum
598 4173 743 4254 inspecta
767 4174 900 4238 natura,
926 4184 1096 4250 processus
1117 4161 1277 4245 formatis
1305 4159 1464 4226 dicendus
1497 4165 1544 4224 est

360 4299 481 4363 distare
505 4293 728 4362 asummario
752 4295 876 4354 tantum
900 4289 1025 4352 ratione
1042 4293 1200 4353 actorum
1223 4283 1354 4364 indicii,
1375 4301 1442 4347 non
1464 4303 1546 4348 vero

361 4427 516 4489 actorum
537 4437 661 4486 causae
683 4415 737 4501 (cf.
751 4416 825 4480 Vol.
846 4415 870 4495 l,
895 4433 926 4476 n.
943 4413 1010 4478 385
1024 4409 1101 4494 sq.);
1119 4411 1193 4493 quia
1216 4409 1249 4471 in
1276 4426 1434 4493 processu
1457 4425 1546 4470 sum-
