3350 5100
385 309 427 352 nn
453 308 591 354 inmens
616 307 859 356 commeamus
884 307 918 354 m
942 308 1059 354 senone
1245 290 1312 354 383

129 432 316 513 exquiritur
344 439 433 496 certa
465 435 498 498 et
529 431 707 495 communis
739 432 862 516 regula.
889 465 906 478 ·
933 432 1113 497 Praeterea
1143 432 1254 506 hodie,
1279 433 1313 498 iu

126 577 203 620 casu
229 576 370 648 quoque.
382 559 499 623 notorii
524 555 678 629 criminis,
696 556 793 622 iudex
817 557 932 622 eccles.
950 557 1109 623 abstineat
1129 565 1258 643 oportet
1272 560 1313 624 ab

126 684 339 750 accusatione
355 685 386 746 in
403 683 512 748 libello
536 679 757 768 significanda,
776 703 817 747 ne
835 683 980 767 rapiatur
999 685 1031 747 in
1047 686 1209 769 querelae
1232 683 1313 750 indi-

129 809 213 872 cium
248 808 334 894 apud
365 809 501 874 iudicem
526 809 662 890 laicum,
687 809 739 874 vel
763 828 805 874 ne
832 808 897 872 alia
920 809 1100 874 huiusmodi
1128 808 1315 876 discrimina

129 939 285 1015 patiatur.

220 1063 299 1126 314.
326 1063 490 1127 articulus
513 1063 591 1127 Inst.
610 1063 726 1127 XXIV
749 1063 934 1129 citationem
959 1061 1145 1127 considerat
1167 1061 1250 1144 quod
1272 1061 1314 1125 ad

130 1185 284 1254 effectum
308 1188 546 1252 contumaciae:
566 1185 639 1252 «st
654 1205 772 1254 coram
795 1188 907 1254 iudice
921 1188 1039 1254 sistere
1054 1187 1183 1253 abnuat
1200 1189 1313 1268 (reus),

131 1315 280 1378 iteratur
303 1312 425 1384 citatio,
450 1331 520 1396 qua
545 1312 706 1377 statuitur
729 1330 902 1398 caupruus
928 1311 1181 1394 peremptorius
1204 1311 1314 1376 termi-
1377 1298 1379 1301 ⁵

131 1457 196 1502 uus
211 1443 318 1521 atque
341 1436 462 1502 citatim
485 1435 689 1501 admonetur
712 1436 811 1519 quael
831 1435 861 1500 si
884 1436 998 1501 adbuc
1020 1435 1157 1503 obedire
1179 1441 1313 1517 renuat,

133 1562 312 1628 habebitur
338 1581 399 1628 ceu
425 1567 631 1644 cautumaa;
657 1567 688 1628 et
714 1579 839 1627 revera
857 1562 976 1645 prouti
1003 1567 1190 1628 coummaa
1216 1563 1314 1628 aesti-

132 1687 295 1767 mabitur,
309 1693 493 1772 postquam
513 1686 660 1771 tepitime
684 1706 754 1752 uon
774 1686 921 1770 probate
944 1687 1197 1770 impedimento,
1213 1687 1315 1753 istam

133 1833 271 1898 quaque
286 1813 478 1879 citationem
492 1812 657 1896 spreverit
676 1835 704 1876 i.
724 1815 760 1876 ln
778 1815 850 1878 iure
865 1815 1025 1879 communi
1043 1814 1131 1893 (Vol.
1150 1815 1173 1886 l,
1190 1835 1222 1878 n.
1236 1814 1314 1900 565)

134 1947 264 2005 cautum
289 1945 347 2020 est,
364 1945 598 2006 contumacem
621 1937 692 2004 fleri
709 1941 762 2024 qui
779 1938 906 2004 triuam
922 1940 1106 2004 citationem
1130 1945 1187 2004 aut
1207 1959 1315 2004 uuam

133 2067 387 2152 peremptoriam
411 2066 657 2148 contempserit;
682 2065 820 2128 ethaeo
845 2063 967 2150 regula,
985 2085 1044 2150 per
1067 2085 1112 2138 se,
1129 2069 1254 2150 spectat
1275 2065 1315 2129 ad

136 2194 348 2277 negotiatum
366 2191 487 2274 civilia,
510 2197 577 2256 tum
597 2189 802 2256 criminatu.
825 2191 1041 2256 Nihilominus
1063 2190 1239 2276 Pellegrini
1259 2211 1314 2274 ap.

137 2318 186 2382 cit.
213 2317 253 2380 P.
279 2303 301 2379 Ῐ
307 2317 341 2396 V,
367 2319 451 2384 Seet.
476 2319 508 2389 6,
533 2339 567 2382 u.
584 2318 616 2390 6,
634 2319 761 2400 quaerit
783 2337 829 2382 aa
853 2317 890 2381 ia
913 2316 1149 2382 mentualibus
1169 2315 1315 2400 sufficiat

136 2460 206 2505 uua
222 2440 338 2506 citatio
354 2439 511 2524 quamuis
529 2439 772 2522 pererrzptom'a.
792 2439 833 2502 nt
851 2438 1033 2523 respondet,
1049 2458 1127 2504 cum
1143 2439 1316 2503 communi

137 2584 248 2647 perse
264 2584 372 2631 uuam
391 2565 662 2647 peremptoriam
685 2565 849 2649 sufficere,
866 2564 1066 2629 sedstatuta
1085 2563 1315 2646 particularia

138 2690 339 2757 observanda
361 2710 433 2757 esse
455 2710 537 2775 quae
561 2696 628 2755 tres
654 2691 706 2755 vel
729 2692 809 2755 duas
832 2692 1002 2756 citationes
1032 2690 1258 2775 expostulant,
1283 2696 1317 2755 et

140 2817 315 2883 concludit:
336 2838 354 2881 a
376 2818 470 2883 Uada
482 2822 576 2899 patet
600 2817 692 2900 quad
707 2816 745 2881 iu
761 2816 823 2882 boc
837 2817 1000 2881 staudum
1015 2822 1064 2882 est
1079 2816 1316 2883 camuetudiui

141 2943 200 3009 luci
213 2950 243 3009 et
255 2946 342 3029 styla
354 2944 510 3009 curiae».
528 2945 632 3007 Porro
643 2944 747 3009 uaica
759 2943 873 3009 citatio
886 2942 1062 3027 eademque
1070 2944 1314 3026 peremptoria,

140 3090 208 3136 cum
233 3073 266 3138 in
291 3070 513 3135 criminalibus
536 3070 739 3135 contumacia
762 3070 1011 3155 perniciosiores
1035 3065 1314 3155 pentateucum,

142 3194 207 3258 visa
230 3199 280 3258 est
303 3212 367 3256 non
391 3190 550 3257 sufficere.
578 3192 656 3257 lude
681 3198 792 3255 nostra
816 3192 991 3256 Instructio
1015 3189 1209 3275 praescribit
1228 3191 1316 3257 duas

143 3320 317 3399 citationes,
342 3337 477 3401 quarum
502 3318 607 3381 altera
631 3324 679 3381 est
699 3317 944 3400 peremptoria.
970 3352 988 3363 -
1016 3317 1061 3381 De
1085 3317 1217 3401 speciali
1240 3337 1342 3403 pro-¹

143 3462 230 3507 cessu
245 3442 407 3509 servando
423 3461 518 3526 quum
536 3440 707 3506 devenitur
724 3440 763 3505 ad
779 3442 972 3505 sententiam
988 3439 1185 3508 definitivam
1205 3440 1316 3505 adver-

143 3587 192 3631 sus
214 3573 431 3640 contumaces,
456 3566 543 3629 infra
566 3566 717 3632 dicemus.

226 3693 302 3759 315.
329 3691 497 3758 Articulus
521 3691 618 3757 XXV
644 3692 722 3756 lust.
748 3694 792 3755 ita
817 3712 852 3756 se
878 3692 991 3757 habet:
1019 3692 1091 3758 «δι’
1117 3698 1315 3776 compareat

144 3815 239 3904 (reus)
255 3820 398 3885 auditur
412 3819 449 3885 iu
464 3818 642 3901 ceramium
657 3824 690 3883 et
704 3824 872 3902 quatenus
893 3819 1105 3885 inductiones
1126 3818 1233 3899 faciat
1254 3818 1315 3883 ati·

144 3945 234 4011 cuius
249 3946 421 4027 momenti,
438 3944 558 4011 debeat
573 3945 665 4018 istae,
683 3949 852 4029 quantum
866 3945 942 4029 fieri
953 3949 1072 4027 potest,
1089 3944 1272 4010 eabauriri
1285 3965 1314 4009 ›.

146 4070 297 4137 Nimirum
328 4074 360 4136 iu
387 4072 506 4155 prima
530 4078 622 4155 parte
649 4071 808 4155 praecipit
835 4070 1007 4141 articulus,
1036 4070 1235 4164 inquisitum,
1262 4072 1314 4153 qui

144 4194 365 4283 obtemperans
387 4197 530 4262 citationi
550 4202 745 4279 compareat,
763 4195 910 4279 quamvis
925 4196 994 4259 eius
1010 4195 1134 4260 crimen
1158 4194 1316 4262 habeatur

143 4326 297 4390 notorium
317 4324 369 4389 vel
389 4325 458 4409 ipse
481 4323 717 4389 cenfessionem
734 4321 832 4387 edere
848 4320 1004 4403 intendat,
1021 4322 1162 4403 examini
1186 4321 1316 4387 formali

146 4449 369 4517 subiiciendum
385 4469 465 4517 esse.
485 4486 502 4499 -
521 4449 760 4515 Confessionem
778 4452 1003 4532 spontaneam
1022 4452 1117 4513 caute
1133 4466 1204 4512 esse
1219 4449 1316 4513 susci·
