3350 5100
629 268 834 316 nausearum
860 268 897 314 11.
1043 299 1045 302 v
1287 245 1353 311 583

174 396 291 450 Concilii
311 396 497 463 interpretum
518 392 561 447 vel
583 408 778 461 nonnunquam
798 390 831 442 ad
852 389 975 460 aliquam
995 387 1247 456 congregationem
1263 387 1354 455 parti-

173 501 296 556 cularem
316 502 477 570 deputatam
497 515 513 552 a
535 498 665 551 Romanis
691 497 875 550 Pontificibus
894 512 943 564 pro
970 500 1094 563 tempore
1119 493 1226 547 remitti
1252 492 1354 559 solent,

176 614 206 663 nt
224 608 379 663 huiusmodi
401 608 551 662 instantiae
569 605 665 659 ordine
684 621 717 658 ac
737 604 789 658 rite
813 602 971 672 procedant,
989 602 1116 655 volumus
1134 618 1168 654 ac
1180 601 1352 664 mandamns,

148 738 151 745 ·
176 721 205 770 ut
224 715 341 785 supplex
359 714 473 769 libellus
493 712 586 779 Nobis,
607 713 651 767 vel
673 713 797 765 Romano
816 710 947 765 Pontifici
967 726 1018 779 pro
1036 713 1161 778 tempore
1174 707 1353 774 exhibeatur,

175 822 204 873 in
229 835 284 890 quo
309 819 406 888 plena,
431 823 460 871 et
484 822 616 871 accurata
640 815 726 869 totins
752 815 818 869 tacti
847 815 954 884 species
982 814 1172 879 contineatur,
1199 828 1355 881 causaeque

175 944 271 983 omnes
289 928 317 979 in
337 942 370 981 eo
392 926 592 995 exprimantur,
610 940 681 994 quae
708 922 742 975 ad
768 920 951 975 obtinendam
976 921 1092 989 petitam
1117 918 1351 988 dispensationem

175 1033 328 1087 conducere
348 1049 426 1103 posse
445 1050 462 1085 a
480 1030 655 1103 supplicante
674 1034 832 1093 censentur,
853 1033 885 1081 ut
903 1028 1044 1081 Romanus
1064 1027 1202 1092 Pontifex,
1222 1041 1257 1080 eo
1270 1025 1355 1088 lecto,

175 1146 204 1195 et
222 1145 331 1195 mature
349 1140 532 1205 considerato,
545 1154 639 1192 secum
653 1137 813 1191 deliberare
834 1135 927 1205 possit,
941 1152 976 1187 an
992 1135 1155 1203 petitionem
1175 1133 1296 1197 reliciat,
1309 1131 1354 1185 vel

174 1248 234 1301 eins
253 1262 370 1302 examen
388 1246 472 1299 alicui
491 1262 526 1299 ex
544 1245 625 1297 dictis
644 1242 917 1311 Congregationib‘us
936 1242 1103 1305 committat,
1121 1259 1139 1293 a
1165 1257 1221 1310 qua
1245 1244 1356 1308 postea·

175 1371 258 1425 quam
277 1370 355 1407 suum
375 1357 470 1406 votnm
490 1352 677 1407 consultivum
696 1350 801 1405 editum
820 1350 914 1414 fuerit,
933 1366 950 1402 a
968 1348 1126 1403 Secretario
1145 1347 1269 1401 eiusdem
1283 1345 1353 1399 (lon-

176 1458 349 1528 gregationis
373 1458 459 1511 totins
484 1458 591 1527 negotii
616 1458 702 1511 serias
727 1461 825 1510 exacte
854 1455 978 1508 Romano
997 1454 1127 1508 Pontifici
1154 1470 1203 1521 pro
1229 1458 1355 1520 tempore

176 1567 320 1631 referatur,
339 1565 386 1635 qui
407 1581 455 1633 pro
474 1580 525 1617 sua
545 1564 692 1632 prudentia
711 1562 855 1625 iudicabit,
871 1578 907 1614 an
921 1559 1154 1629 Congregationis
1171 1548 1356 1614 resolutio'sit

85 1710 87 1713 -
175 1673 362 1743 approbanda,
381 1671 425 1725 vel
445 1672 538 1741 potius
555 1686 656 1724 causae
669 1686 786 1723 examen
800 1668 884 1723 alteri
898 1668 1127 1737 congregationi,
1140 1666 1184 1720 vel
1198 1665 1355 1727 Tribunali,

177 1787 259 1849 prout
278 1780 366 1835 cidem
387 1780 516 1833 Pontifici
536 1778 686 1843 videbitur,
707 1794 802 1831 rursus
821 1777 1059 1831 committendum.

247 1885 353 1953 dXVl.
379 1886 494 1940 Demum
520 1886 649 1939 volumus
674 1901 708 1938 ac
732 1885 916 1949 decernimus,
934 1883 1044 1936 easdem
1071 1886 1232 1951 praesentes
1256 1879 1354 1933 literas

176 2010 285 2062 semper
303 1995 405 2057 firmas,
425 1992 539 2059 validas,
558 2000 587 2047 et
605 1992 732 2048 efficaces
750 1992 880 2055 existere,
894 1995 923 2043 et
941 1992 1009 2055 fore,
1026 2005 1145 2059 suosque
1158 1988 1307 2057 plenarios,
1327 1992 1357 2039 et

176 2102 301 2169 integros
319 2100 435 2155 effectus
453 2100 547 2155 sortiri
567 2105 596 2153 et
615 2100 753 2164 obtinere,
771 2115 804 2152 ae
824 2100 859 2151 ab
881 2097 946 2163 illis,
968 2096 1001 2150 ad
1027 2114 1096 2168 qnos
1120 2100 1237 2165 spectat,
1257 2100 1286 2149 et
1304 2110 1354 2163 pro

178 2211 301 2275 tempore
320 2205 550 2275 quandocumque
572 2205 718 2273 spectabit,
737 2205 764 2256 in
789 2205 927 2267 omnibus,
946 2208 975 2256 et
994 2219 1043 2272 per
1067 2202 1162 2256 omnia
1185 2200 1354 2271 plenissime,

176 2316 205 2365 et
225 2308 426 2363 inviolabiliter
444 2310 594 2363 observari.
615 2310 725 2379 Sicque,
744 2314 772 2363 et
792 2325 846 2361 non
866 2306 949 2362 aliter
970 2325 1018 2376 per
1037 2324 1225 2378 quoscumque
1244 2307 1352 2359 ludices

176 2414 345 2479 Ordinarios,
368 2421 396 2469 et
422 2414 586 2483 Delegatos,
606 2415 691 2468 etiam
711 2415 863 2467 Cat-isarnm
891 2413 992 2466 Palatii
1013 2412 1166 2482 Apostolici
1194 2412 1356 2478 auditores,
1437 2422 1440 2427 '

176 2537 208 2576 ac
227 2521 337 2576 eosdem
357 2521 386 2588 S..
404 2522 436 2574 R.
457 2522 487 2576 E.
507 2521 677 2587 cardinales,
691 2521 775 2576 etiam
795 2520 827 2575 de
848 2520 937 2575 latere
957 2520 1086 2590 Legatos,
1099 2523 1129 2574 et
1147 2518 1173 2572 S.
1188 2518 1267 2573 Sedis
1279 2517 1355 2572 Nun·

176 2633 238 2696 tios,
258 2633 362 2687 aliosve
381 2632 522 2702 quoslibet
541 2647 715 2701 quacumque
736 2629 965 2698 praeeminentia,
984 2634 1013 2682 et
1032 2632 1170 2698 potestate
1193 2630 1355 2697 fungentes,

176 2743 205 2792 et
229 2739 382 2802 structurus,
402 2736 513 2789 sublata
536 2738 585 2801 eis,
605 2741 634 2790 et
659 2752 754 2790 eortrm
779 2735 897 2789 cuilibet
919 2735 1018 2804 quavis
1041 2735 1125 2789 aliter
1150 2734 1306 2797 iudicandi,
1325 2741 1355 2790 et

177 2841 376 2909 interpretandi
397 2841 540 2906 facultate,
559 2849 589 2895 et
607 2841 785 2904 auctoritate,
806 2841 908 2910 ubique
926 2839 1051 2905 iudicari,
1070 2846 1099 2894 et
1117 2840 1225 2895 definiri
1245 2841 1356 2905 debere,

176 2963 209 3000 ac
229 2947 350 3012 irritum,
369 2951 397 3000 et
422 2947 514 3012 inane,
533 2947 556 2998 si
581 2962 660 3000 secus
685 2963 767 3014 super
791 2945 871 3000 bisa
895 2962 1035 3017 quoquam
1060 2947 1158 3016 quavis
1183 2947 1355 3002 auctoritate

176 3057 297 3110 scienter
316 3055 360 3110 vel
380 3056 543 3124 ignoranter
562 3056 716 3124 contigerit
734 3056 877 3110 attentari.
898 3054 959 3108 Non
984 3057 1161 3110 obstantibus
1187 3057 1355 3126 praemissis,

177 3177 209 3214 ac
227 3161 482 3225 constitutionibus,
502 3167 530 3216 et
549 3160 772 3214 ordinationibus
786 3160 966 3230 Apostolicis,
978 3178 1030 3215 nec
1043 3178 1099 3216 non
1112 3162 1256 3232 quibusvis
1269 3164 1355 3217 etiam

176 3269 341 3333 iuramento,
361 3269 571 3322 confirmatione
592 3267 763 3336 Apostolica,
782 3267 826 3322 vel
847 3268 946 3337 quavis
967 3269 1101 3322 firmitate
1127 3268 1184 3322 alia
1208 3271 1356 3335 roboratis,

176 3377 299 3440 statutis,
318 3381 347 3430 et
366 3375 622 3442 consuetudinibus,
642 3375 798 3444 privilegiis
823 3392 943 3446 quoqne,
963 3375 1087 3440 indultis,
1107 3384 1135 3430 et
1159 3375 1263 3430 litteris
1281 3381 1356 3446 Apo-

177 3482 283 3536 stolicis
302 3484 353 3535 sub
371 3482 591 3553 quibuscumque
611 3483 755 3536 tenoribus
773 3484 932 3547 verborum,
945 3487 974 3536 et
992 3484 1096 3548 formis,
1109 3499 1143 3536 ac
1162 3499 1224 3536 cnm
1243 3485 1356 3554 quibus·

175 3589 218 3642 ris
237 3590 321 3643 etiam
340 3588 578 3658 derogatoriarum
599 3590 793 3658 derogaturus,
813 3589 932 3660 aliisque
954 3590 1164 3656 efficacioribus,
1188 3596 1216 3644 et
1235 3589 1356 3645 insolitis

177 3695 310 3749 clausulis
329 3697 568 3767 nutantibusque,
588 3702 618 3750 et
636 3697 699 3750 aliis
719 3697 839 3751 decretis
861 3698 945 3750 etiarn
971 3703 1058 3763 motu,
1078 3697 1205 3760 scientia,
1224 3702 1253 3751 et
1278 3703 1356 3765 pote·

177 3799 258 3852 statis
276 3799 449 3868 plenitudine
469 3801 581 3870 paribus
601 3801 628 3854 in
648 3817 759 3870 genere,
778 3801 822 3856 vel
836 3802 865 3853 in
878 3803 981 3870 specie,
993 3819 1041 3855 seu
1057 3801 1129 3855 alias
1145 3801 1356 3872 quomodolibet

177 3906 322 3970 concessis,
341 3907 521 3972 confirmatis,
540 3911 568 3961 et
588 3907 736 3960 innovatis.
755 3908 861 3969 Quibus
880 3908 1016 3973 omnibus,
1036 3913 1064 3962 et
1089 3907 1209 3976 singulis
1227 3908 1312 3962 etiam
1331 3909 1356 3961 si

178 4027 226 4078 pro
245 4010 357 4066 illorum
375 4013 523 4066 sufficienti
542 4014 726 4082 derogatione
745 4015 779 4069 de
798 4015 856 4069 illis
875 4031 1026 4086 eorumque
1046 4015 1113 4069 totis
1132 4016 1276 4069 tenoribus
1294 4032 1358 4084 spe·

177 4115 266 4180 cialis,
285 4119 422 4186 specifica,
442 4136 581 4188 expressa,
601 4125 630 4174 et
649 4119 799 4186 individua,
812 4137 845 4173 ac
864 4121 897 4175 de
910 4122 996 4174 verbo
1008 4120 1042 4173 ad
1054 4122 1179 4186 verbum,
1191 4137 1246 4176 non
1261 4127 1354 4175 antem

178 4241 225 4293 per
239 4224 379 4278 clausulas
392 4225 538 4293 generales
551 4225 623 4279 idem
637 4226 829 4296 importantes,
842 4228 958 4292 mentio,
971 4244 1018 4281 sen
1038 4227 1152 4298 quaevis
1171 4227 1228 4281 alia
1244 4244 1353 4296 expres·

176 4333 217 4386 sio
236 4331 371 4397 habenda,
392 4342 441 4386 aut
460 4333 555 4404 aliqua
580 4333 636 4386 alia
662 4335 802 4404 exquisita
826 4337 917 4388 torma
941 4336 970 4387 in
995 4335 1052 4388 illis
1077 4336 1181 4390 tradita
1205 4337 1355 4392 observata
