3350 5100
341 300 408 366 670

339 457 387 495 sus
404 439 535 509 graviora
552 439 671 493 crimina
688 448 800 494 amant
820 438 900 493 inha-

339 511 466 565 bilitates
483 518 543 566 tum
562 512 708 565 absolutae
725 520 785 565 tum
805 511 901 566 relati·

339 598 400 649 sne,
418 599 481 652 pag.
504 583 562 637 189.

394 724 573 779 Inidoncitas.
597 754 634 767 -
661 725 780 793 Propter
804 724 900 778 clerici

339 796 552 850 inidoueitatem
570 797 669 867 nequit
680 796 748 850 ierri
760 796 902 850 mutantia

338 883 374 920 ex
392 868 502 921 inform.
521 868 702 931 conscientia,
720 882 786 937 pag.
802 867 864 920 443.

394 1009 549 1079 Inquisitio.
568 1038 602 1050 -
627 1010 728 1064 Flebat
749 1006 901 1079 aliquando

340 1080 375 1133 ab
394 1086 556 1136 accusatore
575 1082 692 1150 privato,
704 1081 765 1134 iura
777 1094 901 1145 romano,

340 1168 403 1220 pag.
424 1152 482 1206 149.
507 1180 522 1193 ·
548 1152 608 1212 Quo
633 1152 755 1221 pertinet
780 1152 834 1205 Tit.
859 1152 901 1206 Dc

340 1224 561 1291 inquisitionibus
579 1224 640 1294 (X),
659 1240 721 1292 pag.
742 1222 799 1276 153.
813 1250 827 1263 ·
841 1222 901 1275 Tri·

358 1293 405 1348 lex
415 1300 458 1348 est
468 1295 621 1365 inquisitio:
635 1295 784 1363 generalis,
796 1294 903 1361 specia-

340 1311 384 1429 its,
402 1366 613 1434 specialissima,
632 1382 694 1435 pag.
710 1365 771 1419 201.
784 1393 797 1406 ·
809 1365 902 1435 lnqui-

338 1437 434 1491 sitioni
464 1438 683 1505 specialissimae
712 1438 813 1491 subiici
845 1440 910 1490 nou'

340 1514 433 1577 potest
444 1511 592 1579 quisquam
605 1510 658 1563 nisi
672 1510 826 1577 praemissa
838 1524 902 1575 pro·

340 1580 455 1633 batione
472 1580 507 1633 de
525 1581 655 1645 iufamia,
675 1595 736 1648 pag.
755 1578 809 1632 213
826 1596 867 1649 sq.
887 1606 901 1619 -

339 1648 481 1705 Remediis
498 1650 663 1721 poenahbus
680 1649 900 1706 extraiudiciali·

339 1722 391 1775 bus
416 1722 531 1791 praevia
554 1723 638 1777 debet
659 1738 721 1777 ease
746 1722 900 1792 inquisitio,

340 1808 403 1861 pag.
423 1793 484 1845 249.
497 1822 512 1834 -
526 1794 669 1853 Quaenam
688 1794 835 1863 inquisitio
854 1810 902 1847 ax·

339 1865 483 1935 quiratur,
506 1880 568 1989 paq.
593 1866 655 1919 250.
679 1892 694 1907 ·
720 1866 758 1919 De
785 1866 903 1935 inquisi-

339 1936 416 1989 tione
443 1936 567 1989 iudiciai
596 1937 626 1989 in
653 1952 782 2004 processu
812 1936 901 1989 mixto

338 2007 528 2071 oeconomico,
541 2022 603 2075 pag.
617 2006 671 2061 367
683 2024 723 2078 aq.
732 2036 746 2048 -
758 2006 900 2067 Quomodo

339 2078 528 2146 distinguatur
546 2079 692 2149 inquisitio
709 2078 850 2131 iudicialis
865 2079 900 2132 ab

338 2149 542 2204 extraiudiciali
576 2149 777 2219 praemittenda
810 2165 902 2203 remo·

337 2220 392 2273 diis
415 2220 686 2285 extraiudicialibus,
703 2222 770 2275 ibid.
789 2249 805 2261 ·
830 2220 902 2282 Quo-

337 2291 437 2362 tuplici
456 2293 539 2345 modo
550 2291 689 2345 introduci
701 2292 848 2362 contingat
861 2293 903 2345 iu·

338 2363 453 2434 quiaitio
476 2364 634 2426 iudicialis,
654 2379 717 2433 pag.
737 2362 798 2417 368.
818 2364 901 2418 -De-

337 2435 485 2489 claratioui
504 2452 638 2491 censurae
657 2435 847 2503 praemittitur
865 2438 902 2489 ci·

338 2506 405 2561 sotio
422 2510 452 2561 et
470 2507 597 2562 citationi
620 2506 778 2562 necessaria
800 2506 903 2561 notitia

338 2579 464 2632 criminis
482 2584 532 2632 aut
544 2581 683 2650 inquisitio
695 2597 748 2648 pro
765 2583 900 2648 infernin·

336 2654 411 2705 bons
429 2654 536 2715 curios,
555 2665 617 2719 pag.
634 2650 697 2705 514.

391 2792 550 2862 Inquisitus.
570 2821 604 2833 -·
623 2791 664 2846 De
683 2791 818 2863 inquisito
835 2807 900 2844 con·

338 2865 412 2918 fesso
421 2869 471 2917 aut
481 2865 582 2932 partim
592 2867 642 2917 sut
650 2864 680 2916 iu
689 2867 758 2919 toto.
769 2879 833 2932 pag.
839 2862 900 2917 386.

390 3005 546 3059 insinuatio
564 3006 696 3060 clamosa
714 3031 752 3048 -·
764 3004 901 3059 Praemit-

337 3077 422 3132 teuda
438 3081 483 3131 est
499 3076 687 3148 inquisitioni,
706 3093 770 3146 pag.
788 3075 836 3130 211
860 3091 900 3146 sq.

391 3219 527 3273 instantio
543 3221 737 3274 accusationis.
756 3244 792 3258 -
809 3217 848 3272 [le
859 3217 902 3270 in·

337 3291 443 3344 atsutia
467 3290 653 3344 accusationis
676 3307 693 3344 a
714 3305 765 3343 auo
787 3288 902 3344 exordio

338 3377 424 3432 usque
448 3363 483 3414 ad
511 3362 728 3430 publicationem
757 3377 901 3429 processus

337 3434 453 3503 eiusque
477 3433 682 3502 impetitionem
700 3450 735 3486 ex
759 3435 839 3500 parte
857 3448 903 3485 ac·

338 3505 438 3571 cusati,
450 3520 511 3572 pag.
525 3504 578 3558 388
596 3522 636 3575 sq.
656 3533 671 3547 ·
689 3503 730 3557 Gi.
744 3505 899 3558 Accusatio.

392 3647 529 3700 instantia
553 3647 716 3702 martinatis.
742 3673 779 3688 ·-
803 3649 847 3699 An
871 3648 901 3712 et

337 3718 473 3789 quomodo
491 3717 603 3771 differat
620 3719 655 3771 ab
674 3718 786 3772 actione
809 3717 901 3771 crimi-

337 3789 405 3855 nali,
424 3805 486 3858 pag.
506 3791 560 3842 242
576 3807 617 3860 aq.

391 3930 527 3985 Instantis
563 3932 777 4001 dispensationis
814 3955 850 3970 ·-
884 3945 902 3982 a

338 4003 518 4056 matrimonio
548 4011 610 4056 rato
637 4007 667 4056 et
692 4019 747 4059 nou
775 4017 903 4056 cousum-

337 4075 424 4126 matio
436 4073 635 4127 introducenda
651 4079 695 4128 est
705 4079 735 4128 et
746 4072 903 4126 definienda

337 4146 410 4213 apud
429 4145 455 4198 S.
474 4146 588 4211 Sadem,
607 4147 734 4217 quamvis
759 4160 903 4212 processus

337 4216 485 4285 delegetur
503 4217 690 4271 conficiendos
702 4217 737 4277 ab
750 4216 904 4270 Ordiuariis

339 4287 477 4353 locorum,
497 4307 559 4358 pag.
578 4289 639 4341 469.
653 4317 665 4328 ·
685 4288 716 4342 lu
729 4304 904 4360 quacumque

339 4358 475 4414 instantia
500 4361 657 4414 necessaria
680 4365 724 4414 est
747 4375 833 4428 opera
857 4359 903 4412 de·

340 4431 456 4485 iousoris
472 4433 654 4497 matrimonii,
673 4447 735 4500 pag.
754 4432 815 4484 474,

802 318 910 367 INDEX
933 318 1053 367 BERUH

1008 439 1159 494 Instructio
1182 458 1200 493 a
1220 439 1246 493 8.
1268 440 1297 494 C.
1320 440 1380 495 Ed.
1404 450 1431 495 st
1456 442 1513 497 lili.

955 512 1001 564 dic
1019 512 1050 563 11
1069 510 1132 564 lun.
1152 510 1240 564 1880.
1260 538 1297 553 -·
1314 512 1365 565 Est
1384 512 1515 568 directim

953 597 1009 637 uon
1030 584 1222 650 praeceptiva,
1241 598 1304 652 pag.
1327 584 1388 637 265.
1410 611 1422 624 ·
1440 584 1516 637 Gom·

954 654 1121 708 monterium
1146 654 1175 706 iu
1200 652 1272 707 hanc
1294 654 1517 721 instructionem,

954 740 1017 795 pag.
1036 722 1085 777 341
1107 741 1149 794 aq.
1170 752 1185 765 ·
1204 724 1280 779 liaeo
1295 726 1448 779 Instructio
1461 742 1519 795 par-

954 797 1005 849 tim
1019 797 1119 863 pressit
1137 796 1257 863 vestigia
1269 796 1380 850 Codicis
1396 798 1520 867 poenalis

954 866 1093 921 iudicialis
1110 866 1286 935 Gregorraui,
1298 884 1316 921 a
1330 884 1387 939 quo
1406 868 1520 938 proinde
1633 878 1634 935 j

954 938 1059 992 desumi
1086 954 1190 1008 posse
1210 939 1341 993 videntur
1369 939 1521 995 nonnullae

955 1026 1069 1063 normae
1093 1010 1283 1079 proceaauales
1305 1010 1474 1067 deficientes
1494 1012 1520 1064 in
1633 1010 1634 1013 ’

955 1082 1153 1146 instructione,
1181 1097 1244 1149 pag.
1271 1082 1334 1136 346.
1359 1110 1374 1123 -
1403 1084 1520 1137 Formas

955 1152 1141 1222 praescriptas
1160 1168 1215 1206 nou
1231 1154 1312 1207 iussit
1328 1156 1458 1209 tanciae
1475 1154 1520 1209 sed
1633 1172 1634 1219 3

955 1224 1097 1294 praecepit
1120 1224 1226 1277 servari
1255 1240 1368 1278 normas
1391 1226 1518 1280 iustitiae
1633 1274 1634 1285 .

954 1294 1162 1357 substantiolas,
1182 1310 1245 1363 pag.
1264 1296 1324 1349 431.

1043 1367 1192 1420 instructio
1218 1368 1245 1419 s.
1269 1366 1299 1419 c.
1323 1367 1349 1421 s,
1373 1367 1467 1420 ouen
1489 1367 1521 1419 u
1633 1350 1634 1353 '

955 1437 1168 1509 perquirendam
1182 1454 1273 1492 rerum
1286 1439 1437 1493 veritatem
1448 1438 1521 1491 circs
1633 1458 1634 1511 ,

954 1509 1059 1563 crimen
1086 1508 1295 1563 sollicitationis
1319 1509 1365 1564 die
1393 1508 1430 1563 20
1458 1508 1519 1562 lulii
1633 1514 1634 1533 ¹

957 1579 1032 1645 1890,
1053 1596 1116 1649 pag.
1129 1580 1183 1633 552
1200 1596 1240 1651 sq.
1255 1610 1267 1621 -
1281 1580 1435 1635 instructio
1448 1580 1475 1633 S.
1488 1578 1519 1635 C.

954 1650 980 1705 S.
994 1651 1083 1705 Officii
1097 1666 1185 1721 super
1202 1649 1357 1721 diliqe'rttiis
1377 1653 1406 1706 iu
1426 1653 1521 1706 causis

954 1722 988 1777 de
998 1722 1206 1777 sollicitationis
1215 1724 1332 1777 crimine
1345 1722 1520 1791 peragendis,

955 1794 1000 1849 die
1018 1794 1035 1847 6
1054 1794 1175 1862 Augusti
1198 1794 1273 1861 1897,
1294 1810 1356 1862 pag.
1376 1795 1432 1849 556
1450 1810 1491 1865 aq.
1508 1824 1520 1835 -

955 1865 1105 1919 instructio
1131 1865 1160 1918 S.
1184 1866 1213 1918 G.
1236 1867 1262 1917 S.
1284 1865 1373 1919 Officii
1399 1878 1418 1922 <
1443 1864 1521 1926 Quae

955 1936 1106 2006 Supremus
1122 1936 1283 1993 Pontifex>
1301 1952 1376 1991 anuo
1390 1936 1461 1991 1867
1478 1937 1522 1991 dia

954 2008 990 2061 20
1009 2008 1164 2073 Februarii,
1176 2024 1238 2077 pag.
1254 2008 1308 2061 564
1326 2024 1367 2079 sq.
1387 2036 1403 2047 -
1416 2008 1459 2061 Cf.
1471 2010 1523 2063 Al·

955 2080 1089 2149 tequam.

1008 2219 1193 2275 Interdictum
1211 2221 1299 2273 -ab
1320 2220 1450 2289 ingressu
1472 2220 1523 2273 Ec·

954 2291 1057 2347 clasiae
1079 2292 1147 2345 olim
1172 2292 1315 2345 tor-abatur
1337 2298 1438 2346 eontra
1458 2291 1523 2360 Epi·
1633 2358 1634 2361 Ἴ

953 2378 1053 2433 scopos
1070 2367 1099 2417 at
1117 2362 1226 2433 eosqui
1247 2362 1345 2417 maiori
1365 2363 1523 2432 praefulge-

955 2434 1024 2488 bant
1044 2434 1195 2515 dignitato‚
1215 2442 1362 2516 quaestum
1384 2436 1522 2516 iacientes
1633 2448 1634 2515 q

954 2522 990 2561 ex
1001 2505 1184 2576 indulgentiis
1196 2506 1315 2577 alnsque
1328 2507 1430 2575 gratiis
1440 2506 1521 2574 spui-
1633 2524 1634 2541 ¹

954 2577 1093 2643 tualibus,
1112 2593 1174 2646 pag.
1193 2579 1237 2630 54.
1256 2605 1271 2618 -
1291 2579 1322 2632 lu
1339 2578 1522 2633 interdictum

954 2650 991 2704 ab
1001 2651 1127 2718 ingressu
1142 2647 1284 2704 Ecclesiae
1298 2651 1446 2702 incurrunt
1457 2649 1523 2719 Epi·

954 2720 1029 2790 scopi
1043 2721 1090 2792 qui
1103 2719 1270 2790 delinquunt
1287 2724 1387 2774 contra
1401 2720 1520 2790 disposi-

954 2791 1046 2846 tiones
1061 2791 1155 2846 (louet.
1174 2808 1191 2844 s
1206 2791 1348 2844 Romanus
1360 2791 1522 2854 Pontifex)

953 2865 1028 2918 cium
1047 2869 1238 2932 praesentatos
1250 2869 1300 2917 aut
1311 2864 1472 2918 nominatos
1487 2862 1523 2916 sd

954 2934 1080 3005 τοςίωοιι
1099 2933 1250 2998 Ecclesiae,
1269 2949 1332 3002 pag.
1354 2933 1413 2988 136.

1008 3075 1355 3145 inerpretatio-stricta
1364 3075 1522 3130 adhibenda

955 3152 998 3202 ast
1013 3149 1042 3202 iu
1053 3147 1218 3216 applicando
1231 3147 1344 3202 decreto
1362 3145 1520 3202 Tridentini

954 3218 1030 3273 circa
1051 3219 1207 3274 mutentiaa
1227 3235 1262 3274 ex
1279 3219 1432 3273 informata
1451 3233 1520 3273 cou-

954 3289 1081 3356 scientia,
1102 3305 1163 3359 pag.
1184 3290 1245 3344 441.

1009 3431 1273 3502 inemoqatorium.
1302 3459 1335 3473 -
1360 3433 1385 3484 A
1410 3447 1465 3500 quo
1490 3431 1519 3484 iu

955 3503 1148 3557 criminalibus
1160 3506 1350 3573 proponantur
1369 3519 1416 3557 roo
1435 3504 1521 3558 intar-

955 3575 1114 3644 rogatoria,
1133 3589 1195 3642 pag.
1214 3575 1275 3626 288.
1295 3603 1308 3615 -
1328 3575 1517 3644 Interrogata·

955 3647 1005 3700 riis
1018 3648 1131 3714 praevia
1144 3648 1182 3699 sit
1193 3651 1304 3714 oportet
1314 3645 1460 3716 inquisitio
1469 3661 1519 3702 ssu

954 3715 1111 3786 exploratio
1124 3717 1247 3786 corporis
1259 3716 1365 3781 delicti,
1378 3733 1441 3786 pag.
1454 3717 1517 3770 289.

954 3817 967 3830 -
985 3787 1204 3858 interrogatoria
1222 3789 1385 3857 suggestiva
1403 3787 1518 3842 vitanda

956 3863 1030 3922 sunt,
1043 3859 1103 3914 290.
1117 3889 1131 3900 -
1147 3859 1270 3928 Regulus
1288 3859 1478 3914 observandas
1491 3860 1519 3914 in

955 3930 1162 4000 interrogandis
1181 3933 1243 3996 reis,
1257 3931 1317 3984 297.
1333 3959 1346 3972 -
1363 3931 1520 4001 interroga-

955 4003 1059 4056 torium
1078 4003 1203 4072 inquisiti
1224 4000 1329 4072 pluries
1347 4003 1457 4056 institui
1472 4019 1519 4056 va·

956 4072 1009 4140 lat,
1029 4073 1092 4127 299.
1113 4103 1125 4112 -
1147 4073 1272 4143 Regulos
1296 4073 1458 4140 desumptas
1484 4090 1520 4130 en

956 4145 1021 4198 God.
1041 4143 1211 4213 Gregoriauo
1236 4145 1270 4198 de
1294 4145 1375 4198 modo
1400 4145 1519 4200 interno·
1633 4207 1634 4212 ἵ

956 4216 1040 4284 gandi
1067 4219 1152 4270 tostos
1180 4217 1207 4268 in
1239 4215 1342 4270 iudicio
1370 4215 1515 4282 criminali,

956 4303 1019 4357 pag.
1038 4287 1098 4341 376.
1113 4317 1126 4328 -
1140 4286 1179 4341 De
1196 4287 1275 4342 modo
1293 4287 1415 4341 faciendi
1433 4290 1518 4342 iuter-
1633 4311 1634 4336 r

957 4359 1099 4428 rogatoria
1117 4359 1257 4428 inquisito,
1272 4375 1335 4429 pag.
1349 4359 1409 4412 384.
1423 4359 1516 4440 -Ωυο-

957 4430 1037 4485 modo
1064 4437 1093 4485 et
1116 4447 1253 4501 quaenam
1281 4431 1515 4499 interrogationes
