3350 5100
512 327 557 372 ns
581 323 721 372 leniens
744 321 988 370 caruissemus
1278 303 1362 370 147·

251 449 404 520 Romani,
430 451 538 534 prouti
562 447 807 534 explanavimus
824 445 899 510 Vol.
918 447 964 510 lll
991 465 1023 510 n.
1040 445 1083 510 24
1104 445 1342 532 distinguebant

161 573 298 638 erimina
309 573 450 656 privata
463 581 495 639 et
508 571 657 656 publiea.
672 607 690 621 ·
703 571 848 638 Privata
859 570 1114 636 aestimabantur
1127 572 1171 635 uti
1184 571 1342 636 laesiones

161 717 224 761 non
239 697 448 782 egredientes
463 697 637 783 sphaeram
648 698 767 762 inrium
780 696 992 782 privatorum,
1008 714 1146 778 quorum
1160 697 1344 780 persecutio

159 933 188 981 et
205 928 298 998 quoad
316 927 515 997 appellationis
532 928 697 980 instantiam
710 927 829 980 ulterius
845 925 1023 994 explicatam,
1036 927 1084 980 die
1095 925 1138 978 26
1150 926 1249 980 Martii
1261 925 1342 980 1886

158 1035 262 1088 mium
283 1065 300 1076 -
314 1054 370 1106 pro
389 1037 488 1090 eccles.
502 1037 590 1089 curiis
601 1037 694 1105 quoad
706 1035 820 1088 medum
837 1034 1011 1103 procedendi
1024 1034 1197 1086 oeconomice
1209 1033 1238 1084 in
1252 1035 1342 1086 causis

157 1143 391 1212 disciplinaribus
408 1151 436 1197 et
454 1142 649 1196 criminalibus
668 1142 846 1196 clericorum.
862 1169 876 1180 -
896 1141 944 1194 Uti
965 1141 1020 1194 lert
1038 1139 1130 1210 stylus
1150 1139 1181 1192 H.
1196 1138 1221 1190 S.
1235 1139 1264 1192 0.
1278 1155 1344 1193 exa·

125 1227 132 1240 ⁸
158 1253 219 1301 rata
237 1250 294 1302 fnit
316 1250 450 1304 idiomate
469 1249 579 1314 italico,
598 1249 646 1303 sed
670 1255 782 1303 attenta
806 1247 885 1302 illius
909 1247 1099 1316 competentia
1118 1257 1146 1300 et
1164 1263 1199 1302 ex
1217 1247 1344 1300 subiecta

158 1357 288 1420 materia,
299 1357 410 1411 ridetur
424 1355 494 1410 haec
506 1357 658 1410 instructio
677 1357 818 1425 pertinere
837 1355 872 1408 ad
891 1371 986 1409 omnes
999 1353 1135 1407 Catholici
1150 1353 1231 1406 Orbis
1244 1355 1344 1418 curiae,

157 1463 190 1514 ad
208 1479 282 1534 qnae
299 1469 410 1531 spectat
427 1465 615 1534 competentia
632 1463 724 1517 dictae
736 1462 979 1532 Congragationis.
1002 1461 1190 1514 Nihilominus
1209 1460 1343 1530 rescripto

156 1571 203 1622 dia
216 1571 253 1622 14
267 1569 329 1622 Ian
343 1569 425 1622 1882
441 1587 572 1638 expresse
589 1570 686 1624 eadem
700 1568 850 1624 instructio
866 1573 981 1622 extensa
1000 1571 1043 1621 est
1061 1567 1095 1620 sd
1114 1567 1206 1620 curias
1224 1565 1343 1620 Galliae.

157 1673 210 1728 Sed
240 1678 339 1730 forsan
370 1677 444 1730 istud
476 1677 642 1745 rescmptum
673 1683 716 1730 est
747 1675 940 1729 tantummodo
970 1675 1186 1729 declarativum.
1213 1703 1229 1714 -
1261 1673 1344 1728 Certe

157 1780 241 1836 hodie
265 1783 369 1838 saltem
388 1801 424 1838 ex
444 1785 565 1852 receptis
588 1784 714 1836 moribus
731 1800 780 1837 seu
800 1783 861 1838 iure
886 1781 1103 1846 consuetudinis,
1122 1797 1219 1836 ornnes
1240 1782 1342 1848 curiae,

158 1888 196 1939 nti
218 1903 348 1940 normam
362 1903 517 1956 processus,
529 1889 559 1940 in
578 1887 655 1940 bisce
667 1887 759 1940 causis
770 1891 918 1939 manarunt
930 1887 1013 1938 istam
1026 1885 1250 1940 Instructionem.
1264 1885 1344 1942 Oete·

157 2011 217 2047 rum
237 1994 325 2048 huius
343 1995 464 2050 intentio
481 1996 537 2048 fuit
555 2011 609 2048 nou
628 1995 764 2066 derogare
782 1993 837 2046 iuri
857 1993 996 2048 communi
1017 1994 1064 2048 sed
1078 1993 1230 2049 concedere
1248 1996 1343 2064 secut·

156 2112 243 2156 suern
266 2103 427 2157 Ordinanis
445 2109 477 2156 ut
494 2108 604 2174 [ermae
621 2106 711 2172 mepis
731 2119 921 2155 oeconomicus
934 2103 1067 2156 adhibere
1082 2103 1197 2156 ualeant
1215 2105 1245 2156 in
1263 2121 1344 2158 auen

158 2211 221 2262 citio
240 2225 312 2263 sasas
330 2211 526 2280 disciplinaris
543 2211 744 2264 iurisdictionis
769 2223 854 2277 super
873 2209 994 2272 clericis,
1014 2209 1053 2262 uti
1074 2223 1203 2277 expresse
1227 2215 1345 2262 caretur

158 2320 210 2368 art.
220 2316 248 2369 9.
259 2345 276 2354 -
288 2315 331 2369 sd
344 2315 441 2368 Status
454 2314 624 2369 Foederatos
637 2315 784 2368 amer-icae
796 2313 872 2382 Sept.
887 2312 956 2367 haee
969 2313 1064 2367 eadem
1080 2313 1238 2378 Instructio,
1250 2313 1345 2382 paucis

156 2419 263 2474 additis
280 2425 400 2473 extensa
416 2419 472 2472 init
490 2435 507 2472 a
525 2418 553 2471 S.
572 2417 659 2488 Cong.
679 2419 762 2487 Prop.
781 2417 861 2471 Fidei
879 2433 905 2471 u
929 2417 1024 2484 1883,-
1043 2417 1113 2472 unde
1135 2419 1272 2488 abrogata
1291 2417 1344 2490 sirit

156 2526 224 2581 luet
234 2543 310 2597 quae
318 2525 461 2581 abeodem
471 2527 557 2596 cong.
568 2525 1222 2597 proiisdemStatibuseditafueratctie201ut.
1233 2525 1324 2579 1878.
1332 2556 1344 2569 -

157 2634 305 2688 Nonnulla
329 2635 442 2689 decreta
466 2635 532 2687 data
550 2652 566 2687 s
585 2634 612 2689 S.
631 2634 720 2702 (long.
741 2634 794 2687 EE.
815 2638 844 2688 et
865 2634 923 2687 RR.
942 2650 1014 2703 quae
1040 2640 1132 2688 minen
1158 2638 1295 2703 spectant,
1314 2640 1345 2689 ut

157 2742 323 2809 plurimum,
335 2740 370 2793 ad
385 2741 520 2794 ditionem
538 2741 650 2795 civilem
670 2741 852 2809 pontificiam,
866 2740 1026 2794 referuntur
1039 2740 1110 2808 apud
1125 2742 1195 2794 Actu
1213 2741 1239 2793 S.
1254 2741 1343 2805 Sedis,

156 2846 212 2899 vol.
231 2846 314 2909 xlx,
333 2863 359 2914 p.
378 2846 432 2898 296
450 2862 523 2916 seq.;
542 2845 598 2899 alia
616 2861 684 2899 vero
702 2846 815 2899 decreta
832 2844 866 2898 de
886 2862 915 2899 re
934 2843 1058 2897 iudiciali
1072 2846 1230 2913 spectantia
1248 2846 1282 2899 ad
1303 2846 1345 2899 ius

156 2972 218 3009 can.
244 2956 292 3010 rel
320 2954 490 3024 particulare
515 2954 561 3008 rel
579 2970 739 3019 commune,
759 2958 886 3022 prostant
908 2954 937 3006 in
956 2952 1072 3007 Collect.
1093 2952 1219 3016 Lacensi,
1238 2960 1304 3007 tom.
1324 2956 1344 3021 l,

158 3078 182 3125 p.
195 3063 250 3114 ⁴27
264 3073 339 3129 seq,;
352 3058 423 3111 haec
434 3058 583 3112 citabimus
595 3063 709 3126 arrepta
720 3057 875 3111 occasione.
889 3057 992 3111 Nostra
1003 3062 1106 3119 aetate,
1122 3064 1234 3126 propter
1248 3074 1344 3112 neces-

156 3170 272 3223 sitatem
291 3173 359 3236 apte
376 3166 521 3220 ordinandi
547 3166 651 3219 iudicia
670 3166 820 3234 praecipue
845 3163 1045 3232 disciplinaris,
1064 3164 1156 3219 editae
1175 3171 1241 3218 sunt
1260 3167 1345 3233 parti·

156 3272 271 3327 culares
282 3271 501 3335 Instructiones3
519 3270 560 3324 ita
578 3286 628 3339 pro
640 3254 849 3324 Aichidioecesi
862 3268 1005 3323 Colonien.
1021 3289 1047 3323 α.
1062 3270 1142 3322 1818
1161 3276 1190 3324 et
1209 3270 1344 3339 Pragensi

157 3401 182 3435 a.
201 3382 289 3435 1870
308 3386 337 3433 et
355 3378 405 3432 has
423 3381 509 3433 etiem
528 3379 686 3444 citabimus,
705 3380 734 3431 in
754 3396 885 3447 processu
908 3380 1092 3443 tractationis,
1112 3378 1145 3431 ad
1165 3379 1345 3447 explicandas

159 3489 284 3557 practice
305 3487 433 3539 notiones
451 3486 604 3540 iudiciales.
618 3486 670 3539 Sed
691 3487 839 3555 praecipue
859 3487 995 3539 rationem
1015 3485 1180 3539 habebimus
1197 3486 1231 3539 de
1250 3485 1345 3539 codice

160 3594 271 3662 poenali
286 3592 470 3659 Gregoriann,
489 3593 563 3647 edito
583 3610 632 3661 pro
644 3594 750 3647 ditione
771 3594 914 3661 pontificia
933 3609 957 3644 a.
976 3592 1050 3658 1832,
1070 3594 1204 3661 inscripto
1224 3594 1345 3662 Repeta-

158 3712 253 3755 mente
271 3701 406 3768 erquerico
425 3717 441 3754 e
459 3702 489 3753 di
503 3704 666 3769 procedure
679 3700 835 3758 criminale.
850 3715 930 3768 quem
945 3699 1077 3764 codicem,
1090 3700 1191 3768 quippe
1211 3699 1258 3768 qui
1274 3700 1346 3766 opti·

160 3826 236 3862 mam
255 3808 338 3861 nobis
355 3807 517 3875 suppeditat
534 3824 658 3860 normam
678 3807 706 3859 in
726 3805 887 3859 ordinandis
909 3809 979 3858 cetis
998 3816 1024 3860 et
1040 3806 1177 3875 probatis,
1197 3806 1345 3858 citabimus

160 3914 301 3969 redditum
314 3914 344 3967 in
356 3912 475 3967 latinam
487 3913 621 3982 linguam.
633 3943 648 3953 -
659 3914 802 3967 Hactenus
813 3913 848 3967 de
861 3914 997 3983 fontibus-
1011 3912 1045 3964 sd
1059 3913 1237 3966 literaturam
1249 3916 1344 3965 aretem

160 4021 235 4092 qnod
254 4022 372 4087 attinet,
395 4020 577 4075 consulantur
596 4021 765 4075 celebriores
784 4024 1022 4073 commentatores
1041 4020 1109 4073 iuris
1130 4019 1236 4074 Decret.
1256 4019 1343 4073 veluti

161 4128 297 4197 Pirhing,
318 4129 517 4195 Reiffenstuel‚
536 4129 785 4197 Schmalzgrueber
809 4130 836 4181 in
863 4128 911 4181 lib.
933 4126 955 4179 ll
975 4132 1003 4181 et
1023 4127 1046 4178 V
1068 4126 1270 4187 Deci-etalinm;
1296 4145 1345 4197 pro

162 4234 298 4288 hodierna
318 4236 396 4303 praxi
417 4237 502 4289 etiam
523 4235 562 4289 De
575 4236 692 4303 Angelis
704 4243 733 4289 et
745 4234 833 4287 Santi.
848 4234 999 4309 Praeterea
1017 4234 1091 4287 inter
1109 4239 1218 4289 veteres
1237 4236 1271 4287 el.
1284 4234 1346 4288 Zal-

162 4340 266 4411 linger,
279 4342 346 4394 lust.
360 4346 415 4395 iur.
429 4344 537 4406 eccles,
550 4342 597 4395 lib.
615 4342 646 4407 V;
666 4342 747 4409 Zecb,
762 4344 803 4396 Dc
816 4344 928 4396 iudiciis
941 4342 1143 4407 emorientibus,
1158 4341 1210 4407 Vl3
1223 4341 1345 4410 Scaccia,

166 4448 206 4502 Dc
225 4448 351 4515 iudiciis,·
371 4450 447 4503 inter
465 4448 613 4502 hodiernos
625 4449 783 4517 scriptores,
803 4448 894 4515 Marx,
916 4451 956 4502 De
975 4450 1188 4503 denunciatione
1206 4453 1260 4503 iur.
1276 4468 1345 4516 cau.;
