3350 5100
493 299 537 345 nn
567 297 706 346 mmcus
730 297 973 348 caruissemus
1261 280 1325 346 155

142 420 480 517 crimeumanifestut
515 421 681 506 Superiori
712 443 785 487 cum
815 389 1000 488 intentione
1026 425 1186 509 querelae
1208 443 1265 488 seu
1288 428 1325 488 ut

140 547 209 628 ipse
240 544 384 612 obtineat
418 548 589 630 quamdam
625 547 885 624 indemnitatem
914 550 1012 614 veluti
1045 551 1098 634 qui
1133 567 1245 634 passus
1276 554 1325 613 est

139 670 334 736 calumniam
358 671 534 738 denunciat
555 674 821 739 calumniatorem
837 679 872 739 ut
896 675 950 740 hic
965 693 1101 759 poenam
1118 674 1187 740 luat
1201 673 1323 738 calum·

138 796 312 869 niatorum,
330 817 395 882 qua
413 818 457 863 ex
476 798 682 864 damnatione
704 801 918 865 calumniatus
933 798 1073 865 intendit
1095 805 1126 865 et
1152 801 1324 865 restituere

139 922 171 984 in
207 923 373 1006 integrum
404 942 497 988 suam
536 923 672 996 famam,
711 929 745 988 et
782 926 879 991 etiam
918 923 1065 990 obtinere
1102 925 1324 1011 pecuniariam

139 1043 401 1117 indemnitatem,
425 1048 453 1111 si
484 1047 566 1112 haec
596 1037 821 1133 expostuletur
851 1049 892 1114 ad
923 1048 1183 1114 satisfaciendum
1208 1048 1324 1114 damno

139 1170 279 1234 crimine
302 1170 402 1236 illato.
429 1172 571 1237 Proinde
586 1175 726 1257 querela
750 1179 800 1238 est
821 1175 946 1258 species
962 1172 1234 1240 denunciationem
1252 1173 1323 1238 iad.

139 1313 222 1378 quae
245 1296 395 1376 intendit,
419 1303 551 1381 praeter
577 1299 763 1364 uindictam
787 1297 959 1384 publicam,
985 1299 1143 1384 privatam
1167 1296 1324 1362 indemni·

138 1424 239 1484 tatem
277 1426 310 1484 et
343 1423 487 1486 maxime
521 1421 619 1486 habet
654 1423 757 1486 locum
789 1443 863 1488 cum
894 1421 1023 1506 publica
1054 1423 1229 1486 auctoritas
1259 1440 1323 1486 noo

138 1551 360 1628 persequatur
390 1552 483 1610 certa
512 1547 652 1612 crimina
682 1547 743 1610 nisi
774 1547 815 1610 ad
851 1547 1035 1611 instantiam
1070 1547 1171 1631 partis
1206 1546 1323 1610 laesae.

138 1667 269 1742 Quare,
298 1690 359 1754 per
385 1689 439 1742 se.
467 1671 553 1736 aliud
582 1677 631 1736 est
656 1691 757 1757 agere
788 1644 930 1738 ciuiliter
957 1671 997 1738 de
1024 1673 1177 1752 crimine,
1209 1689 1325 1756 nempe

138 1800 254 1878 petere
285 1795 395 1860 damni
424 1799 696 1862 restaurationem
720 1797 810 1861 inlati
835 1797 986 1862 exsecto
1010 1797 1199 1867 criminoso.
1224 1796 1324 1860 veluti

138 1935 181 1981 ex
211 1917 409 1993 homicidio;
443 1924 556 2004 utputa
588 1917 674 1984 filius
707 1918 866 1984 adversus
900 1921 1080 1984 occisorem
1111 1920 1211 2003 patris
1246 1917 1326 2003 petit

139 2043 252 2124 quanti
287 2041 348 2106 sibi
385 2044 545 2108 intererat
577 2050 703 2128 patrem
738 2062 803 2108 non
838 2041 938 2108 fuisse
972 2045 1131 2113 occisum,
1166 2063 1224 2108 seu
1258 2043 1326 2128 agit

138 2167 286 2233 civiliter
307 2167 350 2232 de
376 2169 514 2234 crimine
545 2169 629 2253 quod
655 2169 708 2234 vel
736 2171 804 2254 ipse
826 2169 879 2233 rel
903 2169 985 2234 alius
1011 2168 1219 2234 denunciavit
1245 2167 1324 2232 iudi-

140 2295 289 2375 cialiter3
324 2295 412 2359 aliud
448 2302 497 2360 est
534 2296 709 2378 querelam
747 2297 935 2367 instituere,
971 2314 1014 2358 ex
1052 2314 1114 2378 qua
1153 2294 1325 2378 querelans

140 2421 262 2505 repetit
291 2419 352 2485 sibi
382 2419 643 2501 indemnitatem,
668 2421 918 2486 satisfactionem
951 2441 993 2484 ex
1025 2422 1093 2505 ipsa
1117 2440 1239 2505 poenae
1261 2421 1324 2485 lui-

137 2546 238 2611 tioue.
271 2545 346 2612 Hoc
368 2545 428 2611 sub
459 2554 590 2632 aspectu
615 2544 765 2634 specifice
792 2548 932 2632 querela
956 2545 1164 2633 distinguitur
1194 2567 1212 2611 a
1244 2546 1325 2611 sirn-

135 2674 222 2755 plici
250 2674 515 2739 denunciatione
539 2672 595 2757 (1).

230 2936 273 3004 ll)
293 2934 370 2989 Haec
387 2934 503 2989 adverto
521 2934 588 3005 quia
605 2934 694 2989 Bouix
714 2934 732 2987 l.
755 2953 777 2989 c.
795 2953 823 3005 p.
844 2934 904 2996 35,
923 2933 995 2987 alios
1014 2932 1175 2986 canonistas
1194 2940 1323 3000 secutus,

139 3047 223 3110 putat
241 3070 257 3083 ·
275 3057 364 3109 agere
389 3043 513 3095 ciuiliter
536 3043 572 3095 dc
597 3042 716 3095 crimine
735 3070 750 3083 ·
768 3045 798 3095 at
816 3056 928 3095 movere
947 3042 1094 3109 querelam
1118 3040 1151 3095 de
1176 3040 1292 3095 crimine
1311 3070 1325 3081 ·

139 3150 213 3204 idem
233 3164 311 3212 aase3
330 3148 434 3218 quippe
452 3148 568 3218 quercla
586 3148 625 3202 sit
642 3148 823 3203 denunciatio
843 3150 871 3201 iu
892 3148 1030 3217 privatum
1049 3148 1193 3203 interesse.
1213 3149 1325 3215 Verum,

138 3254 219 3307 salva
247 3259 437 3321 conceptuum
466 3252 639 3320 proprietate
663 3251 716 3305 hoc
736 3252 847 3305 admitti
878 3268 931 3305 nou
960 3256 1065 3321 potest,
1085 3253 1124 3306 uti
1151 3253 1325 3307 demonstra·

139 3359 240 3411 timna
269 3356 343 3409 Nam
368 3354 423 3409 ieta
444 3355 550 3409 delicta
574 3357 628 3410 etsi
650 3356 850 3423 compescenda
875 3361 985 3409 tautum
1004 3357 1038 3409 ad
1064 3358 1210 3425 quereiam
1236 3358 1327 3425 priva·

139 3472 234 3519 torum
250 3481 304 3519 nou
319 3472 386 3518 suot
403 3464 508 3519 delicta
524 3470 636 3535 priuata
654 3482 737 3519 sensu
756 3466 825 3518 iuris
845 3482 921 3530 rom„
935 3466 1036 3535 quippe
1055 3466 1189 3520 eiusmodi
1209 3467 1327 3520 crimina

140 3574 231 3628 ueluti
250 3572 424 3638 calumniae,
447 3572 662 3637 diffamationes,
680 3574 835 3642 puniuntur
854 3574 946 3626 etiam'
959 3574 985 3625 iu
1006 3574 1108 3626 bouum
1128 3590 1283 3639 commune,
1298 3575 1326 3627 iu

142 3679 286 3747 publicam
308 3677 460 3731 vindictam
480 3678 528 3732 sed
547 3694 643 3732 eorunm
662 3677 801 3730 criminali
816 3678 1003 3746 persecutioni
1016 3693 1072 3732 non
1085 3680 1117 3731 lit
1128 3652 1214 3731 'locus
1226 3678 1277 3729 nisi
1292 3678 1326 3731 ad

142 3786 288 3857 querelam
308 3788 405 3855 partis.
424 3785 529 3839 Horum
550 3786 628 3840 notio
646 3788 717 3840 bene
736 3784 857 3839 traditur
873 3786 901 3837 in
921 3786 967 3838 cit.
985 3786 1079 3839 codice
1100 3786 1208 3854 poenali
1223 3785 1326 3855 Grego-

141 3895 223 3947 riano
241 3904 296 3945 art.
318 3893 351 3945 6:
369 3906 387 3947 a
406 3893 518 3947 Delicta
543 3910 614 3963 quac
639 3894 819 3961 expostulant
844 3893 991 3961 querelam
1012 3896 1102 3961 partis
1126 3894 1252 3945 instantis
1273 3909 1326 3962 pra

141 4002 329 4055 instaurando
342 4000 446 4053 iudicio
467 4000 619 4064 urminati,
633 4002 750 4069 publica
768 4000 920 4053 auctoritas
939 3998 1110 4052 iudicialiter
1121 4001 1254 4069 perseam
1271 4016 1326 4052 non

142 4111 220 4162 valet
237 4110 296 4160 nisi
313 4109 430 4176 praecia
449 4108 586 4161 eiusmodi
605 4108 744 4160 instantia.
764 4107 825 4159 Hac
843 4123 910 4160 uero
929 4116 1068 4175 promota,
1081 4105 1201 4175 afficiam
1215 4118 1255 4160 est
1271 4124 1325 4176 pa·

144 4218 236 4270 blicue
247 4216 425 4268 anaemtctis
442 4218 604 4269 instaurare
621 4215 838 4283 inquisitionem,
851 4214 1002 4267 dammodo
1022 4215 1128 4267 instans
1141 4216 1244 4267 indicia
1262 4230 1326 4285 anp-

141 4326 250 4393 peditet
268 4332 317 4376 aut
329 4332 497 4391 arctamenta
516 4321 681 4391 sufficientia
693 4336 717 4375 n.
737 4321 773 4375 Et
793 4321 821 4373 in
841 4331 893 4374 art.
912 4321 1123 4391 7subsequenti
1143 4320 1327 4391 distinguitur

143 4426 262 4495 querela
285 4428 452 4480 abortione
477 4426 555 4479 cicili
577 4442 650 4496 quae
673 4425 811 4479 cumulari
841 4430 932 4494 potest
960 4424 1064 4479 iudicio
1093 4426 1233 4479 criminali
1253 4423 1326 4496 linit:
