3350 5100
366 275 431 342 116
889 295 974 344 raas
997 297 1019 343 1.

366 418 426 484 bus
451 419 564 484 relatis
586 439 608 484 a
628 418 728 484 lucio
756 421 925 500 Ferraris,
949 419 1036 486 Bihl.
1070 421 1153 486 Can.
1180 441 1212 486 u.
1241 417 1392 488 Clericus
1422 427 1488 487 ort.
1515 423 1552 503 6,

365 564 400 609 n.
424 543 486 626 35,
511 563 605 627 quein
628 549 735 609 tamen
764 549 875 630 utpote
897 544 1117 630 indulgentem
1149 544 1327 613 laxioribus
1350 547 1551 612 clericorum

363 666 518 744 moribus,
534 669 639 753 carpit
654 669 849 734 Benedictus
864 667 947 734 XIV
972 670 992 734 l.
1009 687 1037 736 c.
1059 669 1105 734 uti
1120 669 1277 735 mollioris
1292 671 1421 736 ethices
1440 677 1548 736 secta·

363 799 470 861 torem
498 793 555 879 (1).
583 793 647 860 Sed
677 815 797 860 revera
823 796 877 860 hic
904 795 1033 876 Ductor,
1065 795 1264 882 prospiciens
1294 795 1437 861 moribus
1467 817 1552 862 suae

364 921 490 993 aetatis,
514 918 610 984 hodie
633 922 779 985 severius
801 938 902 1005 agere
925 918 1054 987 videtur
1076 921 1109 985 in
1133 921 1271 986 clericos
1293 926 1477 986 venatores.

455 1043 511 1107 84.
524 1043 571 1107 llo
582 1042 666 1108 ludis
678 1047 711 1108 et
722 1048 794 1109 arte
806 1040 933 1108 ludicra
945 1043 1073 1108 clericis
1084 1043 1256 1130 prohibita.
1266 1043 1348 1109 haec
1361 1044 1550 1110 teneantur.

366 1166 461 1234 lubet
476 1167 596 1234 Gnneil.
614 1166 701 1233 Trid.
717 1185 795 1233 sess.
812 1167 874 1242 22,
892 1186 965 1252 cap.
979 1167 1006 1242 1,
1023 1167 1073 1234 De
1088 1167 1164 1249 ref,
1181 1174 1217 1233 ut
1232 1169 1343 1234 clerici
1360 1167 1549 1234 abstineant

363 1292 506 1366 sineru,
530 1291 837 1367 comessationibus,
862 1291 1003 1364 choreis,
1028 1292 1120 1373 aleis,
1145 1292 1292 1376 lusibus5
1315 1299 1349 1358 et
1371 1291 1462 1378 (sess.
1483 1293 1550 1376 24,

361 1433 437 1498 cap.
461 1415 516 1490 12,
540 1413 591 1482 De
612 1413 693 1501 ret)
716 1414 757 1479 ab
786 1413 912 1480 illicitis
941 1414 1189 1490 venationibus,
1213 1415 1387 1498 aucupiis,
1412 1415 1546 1484 choreis

361 1539 522 1615 tubanis,
546 1537 750 1623 lusibusque.
768 1538 895 1603 Poenas
918 1539 1050 1623 reliquit
1073 1539 1334 1605 determinandas
1358 1539 1548 1607 Ordinariis

360 1684 422 1749 pro
444 1665 591 1730 locorum
614 1669 648 1731 et
669 1683 883 1749 personarum
907 1664 1151 1730 conditionibus.

452 1790 490 1854 ln
507 1789 615 1873 specie
631 1788 832 1864 advertatur,
846 1790 888 1856 de
904 1790 994 1855 ludis
1009 1791 1042 1854 in
1058 1808 1133 1872 cap.
1145 1790 1198 1870 15,
1214 1789 1268 1854 De
1283 1790 1353 1855 uita
1369 1794 1400 1855 et
1413 1789 1544 1856 honest.

360 1911 471 1978 cleric.
488 1913 714 1977 Innocentium
731 1911 779 1978 III
796 1913 989 1996 praecipere
1003 1913 1150 1976 clericis:
1169 1932 1187 1973 s
1203 1905 1260 1975 Aa
1274 1913 1366 1976 aleos
1389 1916 1420 1977 et
1437 1911 1542 1976 tuerit·

359 2039 411 2104 los
433 2056 505 2104 non
528 2037 660 2113 ludant,
676 2057 739 2103 nec
757 2038 924 2104 eiusmodi
946 2038 1036 2102 ludis
1059 2036 1259 2103 intersint».
1286 2036 1392 2101 Ho'die
1415 2019 1454 2100 in
1473 2043 1542 2102 sta-

357 2160 436 2227 tutis
459 2159 658 2226 dioecesanis
684 2160 802 2244 passim
829 2159 1044 2245 prohibentur
1070 2159 1144 2224 ludi
1167 2160 1334 2240 alentonii,
1358 2160 1412 2242 qui
1436 2161 1544 2244 magis

358 2283 491 2350 fortuna
506 2303 601 2367 quain
617 2289 689 2349 arte
704 2290 738 2349 et
753 2283 909 2349 industria
924 2283 1064 2349 ludentis
1077 2289 1248 2369 reguntur,
1265 2285 1318 2367 qni
1333 2283 1425 2347 laicis
1441 2284 1540 2348 etiarn

357 2407 511 2492 prohibiti
535 2414 720 2473 censentur.
737 2405 957 2472 Prohibentur
980 2427 1059 2471 vero
1080 2407 1192 2472 clerici
1215 2426 1258 2470 ne
1280 2407 1314 2470 in
1332 2405 1417 2470 ludis
1441 2408 1542 2472 etiarn
1643 2479 1644 2500 ἢ

357 2532 503 2598 honestis
517 2532 651 2598 nimium
666 2537 792 2617 tempus
806 2531 981 2614 insumant,
997 2532 1050 2596 vel
1066 2552 1140 2597 cum
1155 2531 1367 2597 admiratione
1379 2531 1434 2597 uel
1444 2551 1538 2597 scan-

356 2656 431 2721 dalo
447 2654 589 2723 fidelium
604 2656 694 2722 bisce
707 2656 793 2721 ludis
808 2655 937 2741 publice
953 2660 1095 2721 utantur.
1113 2656 1324 2721 Nihilominus
1341 2656 1404 2720 DD.
1422 2662 1543 2724 notant

354 2783 524 2868 Episcopis
545 2781 769 2848 abstinendum
793 2800 864 2846 esse
887 2801 908 2845 a
931 2782 1028 2846 nimio
1052 2782 1172 2867 rigore,
1197 2802 1239 2846 ne
1261 2782 1398 2847 honesta
1421 2783 1538 2849 solatia

355 2907 486 2971 clericis
507 2904 755 2971 interdicantur.
773 2905 821 2970 Ol.
839 2905 939 2979 Santi,
957 2906 1007 2971 De
1022 2905 1078 2971 uit.
1103 2910 1136 2971 et
1158 2905 1283 2971 honest.
1301 2906 1411 2971 cleric.
1428 2926 1463 2971 n.
1480 2907 1538 2972 19..
1643 2990 1644 2993 Ἴ

354 3027 424 3091 Hos
446 3027 552 3101 ludos,
576 3028 687 3091 iorsan
711 3029 874 3101 severius,
899 3027 1011 3093 saltem
1036 3046 1095 3111 pro
1117 3031 1230 3100 nostra
1255 3034 1363 3092 aetate
1385 3028 1541 3113 increpat

353 3151 474 3217 Bened.
498 3152 593 3233 XIV,
617 3152 667 3217 De
689 3172 775 3237 syn„
799 3153 821 3217 l.
845 3152 907 3228 XI,
932 3172 1007 3236 cap.
1031 3152 1084 3216 10.

443 3276 646 3349 Comoedias,
670 3276 763 3341 ludos
795 3278 975 3343 theatrales
1006 3296 1123 3362 agere,
1148 3276 1290 3344 choreas
1319 3276 1440 3342 ducere
1467 3298 1535 3345 nou

350 3401 429 3467 licet
450 3402 590 3474 clericis,
608 3406 640 3467 et
661 3402 792 3487 planum
816 3410 881 3478 θεῖς
905 3422 1010 3485 neque
1033 3402 1157 3476 mimis,
1182 3400 1412 3483 histrionibus,
1439 3403 1532 3469 iocu-

353 3523 519 3591 latorihus
550 3526 723 3606 interesse,
747 3544 817 3611 arg.
842 3544 915 3609 cop.
941 3525 994 3607 15,
1017 3526 1069 3591 De
1091 3525 1146 3590 ait.
1170 3530 1201 3591 et
1224 3524 1350 3591 honest.
1374 3524 1485 3591 cleric.
1512 3561 1531 3573 -
1643 3540 1644 3543 ’

351 3647 495 3713 Clericus
519 3667 645 3732 quoque
660 3648 797 3716 dedecet
814 3648 973 3732 publicas
997 3648 1155 3714 tabernas
1179 3644 1286 3733 (cane)
1309 3648 1531 3731 frequentare,

349 3774 451 3857 iisque
479 3773 646 3837 immorari
670 3771 796 3853 diutius,
820 3788 912 3835 mcre
942 3772 1104 3837 hominurn
1137 3772 1362 3837 saecularium.
1387 3775 1441 3836 At.
1458 3774 1536 3837 iure

349 3897 509 3961 communi
524 3895 622 3961 hodie
636 3914 761 3981 poenae
777 3897 845 3961 sive
862 3899 919 3961 lat.
946 3898 1014 3961 sive
1036 3895 1102 3978 ser.
1119 3901 1201 3961 sent.
1226 3901 1338 3960 certae
1354 3914 1420 3959 non
1440 3914 1532 3982 repe·

348 4022 479 4087 riuntur
494 4021 695 4095 constitutae,
713 4027 745 4085 et
763 4021 887 4086 vivitur
910 4020 985 4086 inre
1004 4020 1175 4103 peculiari
1194 4040 1254 4106 pro
1270 4018 1405 4105 singulis
1420 4022 1533 4106 regio-

436 4300 480 4375 (Ι)
499 4301 603 4357 Verum
615 4302 760 4373 opiniones
775 4320 844 4373 quas
857 4302 1036 4373 reprehendit
1049 4303 1094 4357 hic
1108 4303 1218 4369 Doctor,
1231 4302 1259 4357 in
1273 4302 1396 4358 editione
1409 4302 1534 4373 vulgatu

348 4410 434 4482 typis,
452 4415 483 4469 et
499 4410 632 4481 impensis
650 4412 825 4481 Propagand.
845 4410 903 4465 Fid.
923 4416 1080 4482 expunctae
1098 4417 1171 4466 sunt.
