3350 5100
613 336 821 385 saracenum
846 338 893 384 vr.
1280 318 1342 383 641

153 457 213 523 vit,
231 457 391 526 praedictae
410 457 594 527 appellationi
612 459 744 515 duximus
765 458 954 521 deferendum,
974 464 1003 513 et
1026 458 1060 513 de
1084 460 1160 513 lacto
1185 457 1349 525 detulimus,

157 570 192 619 et
211 566 314 633 petitos
332 566 474 634 apostolos
492 566 693 621 reverentiales
711 566 812 621 lterum
830 567 902 621 serie
921 566 1107 623 concedimus.
1129 565 1256 621 Datum...

909 689 969 758 Ego
988 688 1021 743 N.
1044 688 1173 743 Vicarius
1189 688 1345 745 Generalis.

910 795 970 865 Ego
989 795 1022 849 N.
1042 796 1201 851 Actuarius

406 1030 521 1078 FDRNA
543 1029 788 1079 APODI'OLORUN
811 1030 1092 1078 omresortlaausr.

250 1206 320 1259 Cum
337 1206 365 1259 in
385 1223 470 1261 causa
488 1206 593 1271 delicti,
607 1208 642 1261 de
660 1224 716 1279 quo
729 1207 888 1261 diffamatus
900 1208 970 1277 (sive
983 1207 1175 1272 denuntiatus,
1189 1207 1248 1261 sive
1261 1222 1344 1261 accu-

157 1314 249 1379 satus)
266 1312 321 1367 luit
340 1312 474 1367 Dominus
492 1313 526 1367 N.
544 1314 714 1369 sententiam
733 1314 906 1369 definitivam
919 1314 1075 1377 tulerimus,
1088 1318 1118 1367 et
1133 1330 1150 1365 a
1169 1316 1266 1367 nostra
1276 1328 1343 1367 sen·

157 1422 249 1475 tentia
268 1420 427 1489 praedictus
445 1420 579 1475 Dominus
596 1420 630 1474 N.
648 1420 835 1491 appellaverit
848 1425 877 1474 et
889 1420 1084 1489 provocaverit
1097 1419 1131 1473 ad
1144 1420 1186 1489 (et
1198 1419 1236 1472 ibi
1250 1420 1345 1489 expri-

155 1531 252 1580 matur
270 1543 372 1582 nomen
391 1526 490 1580 iudicis
509 1526 543 1580 ad
561 1526 655 1598 queml
674 1534 703 1583 et
722 1528 879 1581 successive
892 1525 926 1581 ad
945 1525 1136 1595 apostolicam
1156 1523 1270 1589 Sedem;
1285 1524 1342 1579 Nos

156 1632 343 1702 appellationi
360 1632 529 1697 huiusmodi,
548 1639 579 1687 ut
598 1650 648 1701 par
666 1637 717 1700 est,
736 1632 894 1687 deferentes
907 1632 997 1701 ipsum
1011 1630 1202 1701 appellantem
1215 1647 1232 1684 a
1245 1636 1342 1685 nostro

157 1738 262 1791 iudicio
285 1736 454 1791 dimittimus
471 1743 501 1791 et
520 1740 580 1791 eins
598 1754 711 1791 oaumm
730 1754 794 1791 cum
813 1738 894 1805 copia
913 1742 1040 1791 actorum
1060 1735 1187 1805 sigillata
1205 1734 1239 1789 ad
1259 1752 1341 1805 prae·
1363 1722 1365 1729 ¹

156 1844 264 1897 dictum
281 1845 323 1910 (et
341 1844 381 1895 ibi
400 1843 560 1897 nominetur
579 1859 674 1896 rursus
694 1842 776 1898 iudex
795 1842 973 1896 immediatus
993 1841 1027 1895 ad
1047 1842 1142 1912 quem)
1161 1841 1342 1909 remittimps.

158 1951 298 2003 Datum...

906 2052 965 2122 Ego
985 2054 1018 2107 N.
1040 2052 1167 2107 Vicarius
1186 2050 1340 2107 Generalis.

902 2158 963 2227 Ego
981 2157 1014 2211 N.
1036 2158 1194 2212 Actuallus.

201 2362 362 2447 QDONODD
394 2394 501 2442 luonx
531 2394 576 2441 sl>
607 2392 701 2447 Quam
734 2392 896 2439 morrona
923 2390 1057 2439 annual·
1086 2389 1295 2446 Pnocussulr,

247 2521 282 2567 lN
299 2520 404 2569 CAUSA
418 2519 683 2569 APPBLLATIONIS
698 2522 720 2567 A
735 2518 925 2568 SENTENTIA
944 2518 1249 2566 INTERLODD'I'ORIA.

244 2695 274 2748 ln
288 2695 406 2750 Nomine
420 2695 527 2748 Domini
541 2697 640 2750 Amen.
650 2694 720 2750 Cum
733 2694 936 2764 comparuisset
948 2703 1041 2747 coram
1056 2692 1208 2747 reverendo
1218 2691 1250 2744 N.
1257 2691 1340 2745 Vica-

155 2803 197 2855 rio
216 2801 346 2855 Genersli
365 2800 580 2856 archidioecesis
598 2799 631 2854 N.
651 2800 785 2854 Dominus
803 2800 837 2853 N.
856 2799 991 2857 dioecesis
1008 2799 1041 2853 N.
1061 2798 1131 2870 (sive
1152 2799 1284 2853 Dominus
1302 2797 1338 2862 N,

154 2911 289 2976 patronus
308 2907 418 2961 Domini
438 2906 471 2961 N.
491 2907 631 2976 praetensi
651 2907 708 2974 rei)
728 2912 757 2960 et
775 2907 950 2976 exposuisset
968 2923 998 2961 se
1016 2905 1174 2976 appellasse
1192 2921 1210 2957 a
1228 2905 1339 2959 decreto

153 3012 376 3080 interlocutorio,
394 3014 561 3082 interposito
579 3030 596 3066 a
614 3013 768 3068 reverendo
786 3012 820 3065 N.
840 3013 954 3066 Vicario
972 3011 1103 3066 Generali
1122 3010 1245 3066 eiusdem
1264 3010 1339 3064 dioe-

154 3134 251 3174 ceseos
268 3134 400 3189 super....
415 3123 455 3187 (et
473 3120 513 3173 ibi
532 3121 705 3188 exprimatur
723 3119 867 3174 decretum
886 3135 969 3188 super
981 3134 1037 3188 quo
1050 3118 1137 3173 luerit
1154 3116 1338 3186 appellatum)

153 3229 184 3278 et
202 3226 345 3294 praefatus
363 3225 497 3279 Dominus
516 3225 548 3278 N.
568 3224 714 3295 appellans
732 3225 883 3280 institisset
903 3228 933 3279 ut
952 3223 1148 3279 admitteretur
1168 3224 1201 3276 ad
1220 3224 1339 3292 proban·

153 3328 217 3383 dam
235 3345 329 3383 coram
348 3330 500 3384 reverendo
519 3329 552 3382 N.
571 3328 685 3385 Vioario
703 3328 834 3385 Generali
857 3329 941 3383 huius
960 3327 1206 3384 Archidioeceaaos
1225 3343 1337 3382 oausam

154 3436 199 3492 vel
216 3453 316 3491 musas
333 3437 493 3506 praedictae
511 3436 709 3506 appellationis
727 3455 745 3490 a
762 3453 793 3492 ee
811 3437 969 3507 productas,
983 3437 1057 3492 idem
1073 3433 1242 3491 reverendus
1255 3435 1337 3487 Vica-

154 3545 212 3598 rius
230 3543 389 3608 Generalis,
409 3542 536 3598 adhibito
560 3560 605 3598 me
627 3543 823 3613 infrascripto,
841 3543 925 3598 huius
945 3544 1040 3599 curiae
1059 3541 1172 3612 publico
1196 3541 1337 3604 actuario,

151 3652 286 3718 decrevit,
298 3655 382 3720 prout
398 3651 433 3704 de
452 3651 520 3719 iure,
535 3652 691 3720 proeedere.
704 3653 777 3706 Aeta
789 3655 855 3706 eunt
873 3651 943 3706 haec
955 3650 1000 3705 die
1060 3650 1206 3706 mensis
1220 3663 1335 3703 anno...

596 3794 655 3864 llgo
674 3792 707 3847 N.
728 3794 857 3849 vicarius
875 3794 1021 3850 Generalis
1046 3793 1282 3847 archidioeceseos
1300 3791 1349 3844 N.'

594 3899 654 3969 Ego
673 3899 705 3952 N.
727 3901 885 3954 Actuarius.

245 4075 452 4148 Consequenter
469 4077 540 4131 idem
554 4076 721 4132 reverendus
734 4076 864 4130 Vicarius
876 4076 1030 4144 Generalis,
1045 4077 1112 4130 visis
1130 4075 1221 4129 causis
1239 4075 1336 4144 appel-

151 4183 268 4238 lationis
287 4184 427 4253 productis
448 4183 557 4238 edicto
578 4185 694 4238 Domino
713 4183 746 4238 N.
760 4183 928 4254 appellante,
944 4182 1139 4253 pronuntiavit
1157 4197 1204 4235 eas
1222 4181 1255 4236 de
1275 4181 1335 4235 iure

153 4304 213 4342 esse
231 4287 387 4357 legitimam
406 4291 436 4342 et
453 4287 488 4340 ad
507 4288 657 4344 videndum
676 4305 713 4342 an
731 4288 886 4342 subsistant
910 4289 937 4340 in
957 4289 1043 4352 facto,
1062 4286 1096 4341 de
1115 4286 1238 4341 eiusdem
1256 4300 1334 4338 man·

152 4391 217 4446 dato
235 4392 290 4446 suit
306 4397 422 4446 vocatus
441 4392 514 4447 idem
534 4393 667 4448 Dominus
692 4394 725 4447 N.
744 4393 891 4462 appellans
910 4394 968 4460 (seu
990 4393 1123 4446 Dominus
1142 4389 1177 4444 N.
1197 4394 1332 4459 patronus

227 4556 286 4609 Sao.
306 4553 395 4624 Lapa,
415 4553 475 4608 Lib.
496 4553 529 4619 Il,
550 4553 604 4607 vol.
624 4553 670 4607 lv.
1226 4549 1258 4603 ll
1342 4585 1344 4592 ·
