3350 5100
350 319 417 389 246
863 341 948 389 Pales
976 337 1012 387 11.

360 481 449 550 quoe
471 462 515 530 ab
541 463 724 532 Ordinario
746 465 900 532 notanda
920 469 970 531 est
992 471 1030 530 at
1051 483 1096 530 an
1120 482 1313 532 unrsmona
1330 461 1531 545 procedere,
1642 513 1643 522 i

361 593 529 673 quatenns
559 607 646 673 opas
674 589 733 671 eit,
757 594 788 656 et
810 575 989 656 certiorem
1014 585 1160 654 reddere
1185 591 1289 672 qaeal
1311 585 1533 669 Superiorem
1642 587 1643 590 ’

343 712 603 779 “Ἀαοίονι’ταῖεννι
624 713 663 779 in
686 732 768 780 casn
791 711 931 798 tepitimi
952 730 1113 784 recarsns
1128 732 1160 776 r.

445 837 515 913 Quo
538 858 582 903 ex
604 839 742 903 articulo
773 842 877 923 patet,
901 837 1044 903 hicnon
1067 837 1120 924 agi
1143 837 1184 904 de
1210 836 1362 902 remediis
1384 833 1425 902 ab
1452 837 1534 920 Epi-

352 981 451 1048 scopo
474 963 631 1028 ordinatis
653 965 685 1027 in
710 983 910 1028 communem
925 963 978 1028 rel
994 961 1135 1027 fidelium
1150 962 1202 1027 vel
1226 962 1422 1027 clericorum
1444 957 1535 1025 aedi-

353 1083 545 1162 ficationem
561 1089 662 1155 veluti
677 1088 717 1154 de
740 1089 906 1154 exercitiis
921 1087 1140 1174 spiritualibus
1163 1087 1329 1169 obeundis,
1345 1091 1427 1152 stato
1450 1091 1532 1152 tem-

350 1231 448 1297 pore,
472 1212 512 1277 ab
536 1215 683 1279 omnibus
713 1213 934 1283 sacerdotibus
963 1233 1024 1278 neo
1048 1213 1087 1278 de
1118 1211 1344 1279 monitionibus
1371 1211 1465 1277 editis
1488 1212 1533 1276 ab

354 1339 515 1426 Episcopo
548 1359 609 1425 pro
632 1341 785 1404 universo
811 1339 943 1425 populo,
967 1357 1072 1424 neque
1102 1337 1143 1403 de
1170 1340 1352 1424 praeceptis
1375 1337 1473 1402 factis
1495 1339 1530 1400 in
1642 1371 1643 1404 2

333 1485 560 1530 -communem
577 1460 732 1530 dioecesis
755 1465 924 1529 utilitatem
948 1465 1043 1530 etiam
1068 1465 1269 1529 comminatis
1292 1465 1412 1548 poenis,
1428 1463 1531 1528 veluti

354 1588 394 1655 de
411 1589 743 1655 excommunicatione
766 1589 832 1653 lata
855 1590 887 1653 in
912 1591 1036 1671 eosqui
1058 1589 1196 1672 aliquem
1220 1589 1338 1654 librum
1353 1588 1406 1653 vel
1429 1588 1531 1672 ephe·
1642 1639 1643 1688 3

354 1712 510 1778 meridem
532 1712 674 1798 legerint
687 1731 845 1797 expresse
867 1710 1078 1796 prohibitam;
1103 1711 1159 1776 sed
1182 1712 1239 1776 hic
1260 1711 1369 1797 agitur
1384 1710 1424 1777 de
1447 1713 1532 1775 eius·

260 1825 267 1845 ⁵
357 1833 442 1902 modi
473 1836 624 1902 remediis
655 1836 841 1902 coercitieis
870 1836 942 1900 latis
977 1842 1049 1921 post
1077 1837 1255 1902 institutam
1289 1837 1532 1920 inquisitionem
1642 1861 1643 1864 ¹

358 1961 649 2043 spectatissimum,
662 1961 747 2025 unde
762 1962 922 2045 Episcopo
933 1960 1047 2026 notitia
1061 1959 1207 2026 derivata
1223 1966 1272 2026 est
1286 1960 1326 2026 de
1337 1962 1430 2046 gravi
1446 1961 1532 2044 peri-

349 2085 440 2165 culo,
453 2086 485 2149 in
498 2104 560 2167 quo
572 2086 687 2168 aliquis
702 2085 903 2172 obversatur,
921 2105 993 2149 cum
1005 2083 1218 2150 admiratione
1230 2083 1380 2158 fidelium,
1395 2086 1533 2170 gravius
1642 2091 1643 2134 i

354 2205 536 2275 offendendi
559 2210 592 2273 in
614 2209 720 2294 legem
744 2209 922 2275 Ecclesiae.
939 2209 1066 2276 Exinde
1083 2209 1277 2276 Ordinarius
1297 2210 1339 2275 ad
1362 2229 1531 2275 remoren-
1642 2269 1643 2294 p

354 2333 429 2398 dum
453 2335 630 2419 pericnlum
654 2337 780 2398 animae
804 2334 967 2399 cuiusdam
993 2331 1096 2400 fidelis
1120 2340 1152 2400 et
1174 2334 1361 2400 scandalum
1385 2337 1530 2398 omnium

355 2455 506 2530 fidelium,
523 2477 620 2523 unum
646 2446 793 2542 applicat,
811 2458 895 2541 qnod
919 2463 1009 2542 putat
1023 2459 1125 2544 magis
1140 2458 1300 2530 idoneum,
1318 2477 1361 2524 ex
1377 2457 1534 2522 remediis

349 2583 653 2667 praetereuntibus
676 2584 769 2649 modo
789 2586 969 2649 recensitis.
990 2620 1007 2633 -
1025 2585 1086 2650 Sed
1105 2584 1189 2650 istud
1206 2583 1393 2657 remedium,
1411 2586 1532 2669 quippe

356 2714 527 2794 promanat
550 2729 592 2773 ex
614 2708 810 2795 mapislerio
829 2708 972 2791 poenali
993 2711 1138 2793 quamvis
1157 2709 1388 2791 praesentiae,
1410 2713 1532 2774 onerat
1642 2704 1643 2755 ἶ

355 2834 476 2899 samam
489 2834 583 2900 illius.
597 2835 649 2917 qui
664 2833 844 2899 ostenditur
856 2834 888 2897 in
901 2834 1024 2898 crimen
1037 2850 1157 2917 pronus
1170 2838 1201 2898 et
1213 2854 1295 2919 pene
1312 2834 1529 2913 consentiens
1642 2904 1643 2911 χ

356 2959 554 3047 proindeque
569 2960 609 3024 ab
626 2960 716 3024 hisce
731 2959 882 3024 remediis
904 2961 965 3024 iste
987 2960 1246 3044 appellationem
1269 2965 1326 3024 aut
1347 2978 1530 3025 remersam

352 3084 560 3167 interponere
574 3084 676 3157 valet;
692 3084 744 3148 cui
760 3082 891 3147 deferre
906 3081 1000 3147 debet
1014 3082 1097 3147 idem
1111 3081 1317 3158 Ordinarius‚
1335 3080 1474 3167 probans
1489 3103 1529 3148 se

354 3208 497 3292 legitime
512 3209 708 3291 processisse
724 3206 763 3272 ad
780 3206 935 3272 eiusmodi
958 3208 1101 3273 remedia
1123 3207 1162 3272 ob
1178 3212 1371 3292 argumenta
1389 3208 1528 3273 collecta

354 3350 398 3397 ex
420 3332 627 3415 inquisitione
651 3332 904 3414 specialissima.
930 3332 1002 3397 Hac
1024 3332 1065 3397 de
1088 3352 1195 3414 causa,
1220 3333 1378 3417 praecipit
1403 3336 1465 3397 art.
1490 3334 1524 3399 5.

347 3454 388 3519 ab
412 3456 572 3539 Episcopo
595 3461 690 3519 caute
714 3456 881 3520 exaranda
903 3475 974 3520 esse
996 3455 1034 3521 in
1056 3456 1140 3522 actis
1164 3476 1246 3539 quae
1261 3456 1465 3522 deducuntur
1480 3476 1526 3521 ex

352 3579 544 3645 summaria
555 3579 639 3661 sacti
654 3579 853 3665 copnilione.
871 3577 1033 3663 Siquidem
1051 3579 1203 3645 iudicium
1222 3579 1446 3665 appellationis
1461 3580 1527 3645 hoc
1642 3548 1643 3623 Ῑ

347 3704 475 3785 quaerit
490 3705 570 3785 scil,
583 3724 623 3768 en
638 3702 813 3771 Ordinario
828 3704 878 3768 ius
895 3704 1075 3769 constiterit
1089 3702 1302 3788 persequendi
1318 3704 1401 3768 haec
1416 3722 1527 3766 reme·

349 3826 400 3891 dia
416 3828 566 3912 poenalia
577 3827 800 3912 praecentico
823 3827 858 3892 in
881 3826 1105 3911 appellantem.
1120 3861 1137 3872 -
1155 3825 1247 3891 Haec
1268 3826 1413 3891 innuisse
1434 3822 1527 3889 suffi-
1642 3804 1643 3861 i

353 3954 418 4017 ciat
443 3950 484 4015 ad
507 3949 732 4036 explicandam
756 3951 919 4017 notionem
941 3948 1136 4015 monitionis
1163 3946 1349 4012 canonicae
1372 3952 1404 4011 et
1422 3964 1527 4029 proe-

355 4076 442 4158 cepli
457 4080 613 4159 quatenus
627 4075 711 4141 haec
726 4074 870 4141 remedia
885 4074 1082 4139 conveniunt
1095 4092 1168 4137 cum
1185 4066 1344 4155 conceptu
1365 4067 1527 4157 penerico
1642 4112 1643 4115 =

348 4202 485 4267 actionis
508 4201 651 4285 poenalis
674 4200 922 4265 ecclesiasticae.

436 4324 558 4389 Parum
589 4324 727 4388 interest
755 4327 864 4387 utrum
894 4320 1085 4386 monitiones
1115 4317 1320 4402 appellentur
1341 4318 1525 4398 polentae,

348 4448 569 4515 charitativae
591 4451 648 4513 ant
670 4446 852 4514 canonicae
857 4466 872 4530 ;
893 4443 971 4511 illud
1002 4446 1088 4510 enim
1117 4443 1284 4527 distinguit
1314 4440 1526 4508 monitionem
