3350 5100
484 311 529 357 ou
552 310 691 357 runicus
714 309 956 360 communiens
979 356 981 363 ,
1248 291 1315 357 335

222 437 274 499 Ex
289 435 438 508 adverso,
451 436 529 501 iure
541 436 686 517 positivo
701 434 843 499 edictum
860 442 909 500 est
926 455 988 499 non
1006 441 1191 519 competere
1207 435 1314 520 appel·

124 561 284 625 lationem
311 561 343 644 l)
366 563 396 626 ei
420 562 473 645 qui
497 563 530 624 iu
552 560 665 626 eadem
689 580 788 627 causa
802 561 980 645 eodemque
995 560 1134 627 articulo
1150 568 1217 627 tres
1233 581 1313 627 cou-

123 687 253 751 formes
277 688 428 751 retulerit
457 688 639 751 contrarias
667 690 855 758 sententias.
881 707 922 751 ex
951 706 1022 771 cap.
1047 683 1119 751 Sua
1141 686 1238 753 nobis
1263 687 1312 752 De

124 815 244 895 appel.
268 812 303 876 X
318 848 336 860 -
354 812 391 892 2)
415 831 519 896 neque
542 814 581 881 ei.
606 814 659 895 qui
685 818 862 877 conventus
886 819 919 876 et
942 811 1173 877 condemnatus
1193 811 1253 876 fuit
1278 813 1311 876 in

123 938 304 1003 manifesto
328 945 362 1003 et
384 940 510 1002 notorio
525 939 680 1012 crimine;
697 957 739 1003 ex
756 956 825 1022 cap.
843 937 1003 1003 Pervenit
1019 973 1033 985 -
1051 944 1083 1003 et
1098 956 1167 1021 cap.
1188 938 1310 1003 Consu·

124 1064 224 1129 luisti
255 1098 273 1111 ·
307 1063 357 1129 De
384 1064 509 1147 appell.
532 1064 567 1127 X
574 1083 588 1145 ;
610 1070 642 1128 et
664 1082 734 1146 cap.
767 1062 938 1130 Romana.
972 1063 1020 1128 De
1050 1064 1175 1145 appell.
1207 1062 1243 1126 in
1260 1040 1263 1047 ⁴
1279 1064 1310 1125 6.

125 1187 163 1272 3)
177 1190 290 1272 Neque
314 1190 354 1260 ei.
375 1191 429 1272 qui
452 1188 493 1251 de
515 1209 572 1253 suo
588 1190 726 1253 crimine
740 1190 774 1253 in
791 1188 909 1253 iudicio
933 1187 1109 1267 confessus,
1127 1206 1192 1252 uua
1215 1187 1309 1251 simul

124 1314 300 1377 convictus
322 1314 393 1385 fuit,
418 1288 488 1377 can.
510 1314 552 1377 Ei
572 1314 632 1397 qui
654 1314 779 1395 appell.
804 1334 832 1377 c.
854 1312 885 1381 2.
904 1332 934 1396 q.
958 1312 990 1384 6,
1015 1318 1048 1377 et
1071 1314 1123 1377 cit.
1147 1332 1217 1397 cap.
1244 1312 1310 1377 Ro·

123 1458 247 1503 mana.
263 1440 302 1503 in
318 1438 379 1521 65
397 1436 435 1503 Si
457 1444 571 1503 aulem
588 1439 621 1518 4)
645 1457 749 1522 neque
773 1440 812 1509 ei,
839 1440 891 1521 qui
915 1443 1090 1503 contumax
1113 1438 1212 1502 luerit
1228 1456 1309 1501 con·

123 1563 300 1628 demnatus
314 1563 349 1645 5)
365 1582 385 1627 a
403 1563 564 1628 sententia
586 1582 629 1627 ex
651 1561 843 1644 informata
865 1562 1071 1628 conscientia
1087 1561 1183 1627 datur
1200 1582 1308 1627 recur-

123 1708 193 1756 sus,
219 1708 283 1751 uon
306 1673 489 1772 appellatio.

218 1811 295 1875 264.
321 1813 364 1875 At
386 1812 561 1896 appellare.
586 1817 698 1895 suapte
721 1816 847 1883 natura,
864 1813 1041 1877 secumlert
1064 1815 1309 1898 provocare‘ad

121 1938 267 2002 iudicem
283 1940 495 2022 superiorem,
509 1940 600 2002 cuius
614 1943 664 2002 est
680 1940 799 2001 iterum
818 1957 948 2004 causam
964 1958 1173 2023 cognoscere.
1191 1976 1206 1987 -
1225 1940 1307 2014 Quo

122 2064 219 2127 eirca
240 2061 449 2146 appellationi
473 2062 556 2125 inest
570 2058 705 2126 effectus
719 2060 932 2127 devolutione
947 2082 1002 2128 seu
1020 2063 1210 2129 devolvendi
1233 2084 1307 2130 cau·

122 2206 216 2265 sam3
238 2186 295 2251 sed
318 2186 400 2250 alius
424 2187 508 2249 inest
530 2182 664 2252 effectus
679 2206 737 2250 seu
753 2189 973 2270 mepmanuus
990 2187 1164 2273 prohibens
1181 2194 1307 2253 senten·

122 2315 203 2377 tiam
229 2311 422 2396 appellatam
446 2330 466 2375 a
489 2330 547 2375 sua
570 2312 771 2382 executione,
788 2311 892 2377 donec
911 2312 1061 2377 iudicium
1084 2313 1307 2397 appellationis

122 2438 324 2503 absolvatur.
342 2437 390 2503 Of.
414 2437 479 2501 vol.
506 2438 529 2507 Ι,
555 2457 586 2500 u.
610 2435 686 2500 625.
713 2437 767 2500 Ius
787 2438 957 2520 positivum
981 2436 1154 2520 aliquando
1179 2440 1308 2522 permit·
1400 2447 1406 2459 '

121 2565 164 2625 tit
187 2561 438 2645 appellationem
462 2560 566 2644 quoad
594 2556 744 2624 effectum
776 2559 1015 2630 deoolmiuum,
1040 2565 1073 2622 at
1100 2561 1240 2646 denegat
1266 2560 1306 2626 ad

122 2683 277 2752 effectum
300 2686 547 2768 suspeemivum.

218 2811 250 2895 l)
275 2815 304 2876 A
327 2811 474 2875 censuris
497 2831 557 2896 per
575 2812 766 2874 sententiam
783 2807 913 2873 inflictis
929 2791 1119 2874 ¹conceditur
1133 2809 1306 2893 appellatio

123 2937 160 3001 in
183 2936 387 3007 desolative
406 2955 470 3000 nou
494 2937 526 2998 in
542 2936 739 3018 compassivo
745 2955 759 3017 ;
779 2935 854 3018 quia
870 2953 1030 2998 censurae
1046 2953 1154 2999 secum
1170 2935 1307 3001 trahunt

124 3061 355 3133 executionem
386 3079 456 3144 arg.
482 3079 551 3144 cap.
578 3061 613 3124 ls
643 3059 699 3126 cui
724 3095 741 3108 ·
767 3059 817 3124 De
846 3063 929 3124 sent.
954 3078 1119 3125 eoecomm.
1144 3059 1181 3123 in
1204 3057 1236 3124 6.
1262 3058 1304 3124 cl.

122 3186 189 3249 vol.
208 3186 270 3264 111,
288 3204 319 3249 u.
337 3185 390 3249 86.
414 3185 547 3268 lnquam
567 3183 704 3268 inflictis
721 3219 738 3231 -
756 3204 814 3248 seu
833 3183 1019 3254 fulminatis,
1038 3185 1083 3248 uti
1104 3183 1166 3248 dici
1187 3185 1268 3248 solet
1287 3221 1304 3233 -

122 3310 201 3392 quia
216 3327 237 3372 a
252 3310 399 3373 censuris
414 3309 629 3374 comminatis
642 3307 816 3392 appellatio
832 3307 927 3371 datur
940 3327 1012 3371 curu
1029 3313 1165 3391 utroque
1178 3305 1304 3374 effectu.

123 3435 240 3498 Veluti
264 3435 290 3498 si
315 3435 493 3519 Episcopus
515 3433 601 3497 ferat
623 3435 816 3498 sententiam
841 3440 874 3499 et
897 3453 1067 3498 censuram
1090 3435 1242 3501 adnectat
1265 3436 1304 3500 ad

121 3557 306 3643 urgendum
328 3559 507 3622 sententiae
531 3558 766 3636 executionem,
793 3558 984 3641 interposita
1008 3558 1232 3642 appellatione,
1260 3561 1303 3625 uti

121 3681 333 3768 suspenditur
348 3678 482 3746 effectus
497 3682 686 3752 sententiae,
702 3682 748 3746 ita
762 3683 860 3746 etiam
880 3681 1087 3765 suspenditur
1109 3702 1258 3748 censura.
1285 3721 1302 3734 ·

123 3807 307 3873 Praeterea
319 3807 394 3889 quia
409 3806 442 3869 in
454 3805 678 3890 appellatione,
692 3813 806 3890 suapte
821 3811 948 3877 natura,
966 3807 1150 3886 continetur
1161 3813 1304 3892 uimque

123 3933 271 4014 effectas,
297 3931 354 3994 lex
380 3934 494 3994 vetans
518 3926 667 3996 effectum
697 3913 936 4012 suspensivum
958 3932 1070 3996 stricte
1093 3931 1304 4016 intelligenda

122 4059 217 4118 est·
233 4054 316 4118 Item
332 4072 473 4118 censura
483 4054 616 4137 proprie
631 4053 787 4118 sumenda
797 4058 856 4124 est,
866 4052 951 4130 unde
963 4071 1184 4137 quaecumque
1199 4074 1304 4140 poena

121 4179 302 4244 abhorreat
331 4181 689 4264 aconceptuproprio
711 4197 886 4260 camarae,
911 4183 988 4263 pute
1011 4181 1177 4262 suspensio
1200 4199 1221 4242 a
1238 4179 1303 4244 fru·
1360 4163 1362 4168 ¹

122 4305 229 4371 ctibus
240 4302 401 4384 beneficii,
413 4305 581 4390 suspensio
595 4303 636 4369 ad
652 4322 783 4384 aunum,
801 4323 866 4367 nou
882 4302 1169 4388 comprehenditur
1185 4307 1216 4368 in
1242 4306 1302 4370 ista

124 4429 329 4514 exceptione.
351 4427 544 4512 prohibente
567 4424 717 4492 effectum
741 4427 988 4510 suspensurum.
