<?xml version="1.0" encoding="UTF-8"?>
<!DOCTYPE html PUBLIC "-//W3C//DTD XHTML 1.0 Transitional//EN"
    "http://www.w3.org/TR/xhtml1/DTD/xhtml1-transitional.dtd">
<html xmlns="http://www.w3.org/1999/xhtml" xml:lang="en" lang="en">
 <head>
  <title>
</title>
<meta http-equiv="Content-Type" content="text/html;charset=utf-8" />
  <meta name='ocr-system' content='tesseract 3.04.00' />
  <meta name='ocr-capabilities' content='ocr_page ocr_carea ocr_par ocr_line ocrx_word'/>
</head>
<body>
  <div class='ocr_page' id='page_1' title='image "./praelectionesin00legagoog_0101.png"; bbox 0 0 3350 5100; ppageno 0'>
   <div class='ocr_carea' id='block_1_1' title="bbox 537 283 1340 349">
    <p class='ocr_par' dir='ltr' id='par_1_1' title="bbox 537 283 1340 349">
     <span class='ocr_line' id='line_1_1' title="bbox 537 283 1340 349; baseline -0.001 -1"><span class='ocrx_word' id='word_1_1' title='bbox 537 302 579 348; x_wconf 82' lang='lat' dir='ltr'>na</span> <span class='ocrx_word' id='word_1_2' title='bbox 604 301 760 349; x_wconf 80' lang='lat' dir='ltr'>nanterre</span> <span class='ocrx_word' id='word_1_3' title='bbox 785 303 826 348; x_wconf 82' lang='lat' dir='ltr'>nr</span> <span class='ocrx_word' id='word_1_4' title='bbox 852 301 971 348; x_wconf 77' lang='lat' dir='ltr'>roaros</span> <span class='ocrx_word' id='word_1_5' title='bbox 1296 283 1340 348; x_wconf 85' lang='grc'>97</span> 
     </span>
    </p>
   </div>
   <div class='ocr_carea' id='block_1_2' title="bbox 155 424 1341 762">
    <p class='ocr_par' dir='ltr' id='par_1_2' title="bbox 155 424 1341 762">
     <span class='ocr_line' id='line_1_2' title="bbox 156 424 1340 511; baseline 0.001 -22"><span class='ocrx_word' id='word_1_6' title='bbox 156 425 260 492; x_wconf 87' lang='lat' dir='ltr'>ductis</span> <span class='ocrx_word' id='word_1_7' title='bbox 292 444 419 510; x_wconf 89' lang='lat' dir='ltr'>quoque</span> <span class='ocrx_word' id='word_1_8' title='bbox 446 446 466 489; x_wconf 89' lang='lat' dir='ltr'>a</span> <span class='ocrx_word' id='word_1_9' title='bbox 493 426 633 490; x_wconf 92' lang='lat' dir='ltr'>naturali</span> <span class='ocrx_word' id='word_1_10' title='bbox 664 428 753 506; x_wconf 88' lang='lat' dir='ltr'>iura,</span> <span class='ocrx_word' id='word_1_11' title='bbox 782 425 956 511; x_wconf 82' lang='lat' dir='ltr'>Theologi,</span> <span class='ocrx_word' id='word_1_12' title='bbox 985 424 1067 490; x_wconf 91' lang='lat' dir='ltr'>duce</span> <span class='ocrx_word' id='word_1_13' title='bbox 1095 425 1175 490; x_wconf 84' lang='lat' dir='ltr'>Divo</span> <span class='ocrx_word' id='word_1_14' title='bbox 1198 426 1340 506; x_wconf 81' lang='lat' dir='ltr'>Thomu,</span> 
     </span>
     <span class='ocr_line' id='line_1_3' title="bbox 155 549 1341 636; baseline 0 -20"><span class='ocrx_word' id='word_1_15' title='bbox 155 549 222 636; x_wconf 70' lang='lat'>(2⁰.</span> <span class='ocrx_word' id='word_1_16' title='bbox 246 551 313 614; x_wconf 77' lang='lat'>2⁶⁶.</span> <span class='ocrx_word' id='word_1_17' title='bbox 339 569 371 634; x_wconf 82' lang='lat' dir='ltr'>q.</span> <span class='ocrx_word' id='word_1_18' title='bbox 397 551 453 630; x_wconf 84' lang='grc'>78,</span> <span class='ocrx_word' id='word_1_19' title='bbox 478 557 541 616; x_wconf 84' lang='lat' dir='ltr'>art.</span> <span class='ocrx_word' id='word_1_20' title='bbox 566 549 606 636; x_wconf 80' lang='lat'>2)</span> <span class='ocrx_word' id='word_1_21' title='bbox 629 550 845 636; x_wconf 80' lang='lat' dir='ltr'>explicarunt,</span> <span class='ocrx_word' id='word_1_22' title='bbox 869 550 950 615; x_wconf 89' lang='lat' dir='ltr'>adeo</span> <span class='ocrx_word' id='word_1_23' title='bbox 978 550 1124 617; x_wconf 87' lang='lat' dir='ltr'>districte</span> <span class='ocrx_word' id='word_1_24' title='bbox 1155 554 1341 616; x_wconf 78' lang='lat' dir='ltr'>asserentes</span> 
     </span>
     <span class='ocr_line' id='line_1_4' title="bbox 156 675 1339 762; baseline 0.005 -21"><span class='ocrx_word' id='word_1_25' title='bbox 156 696 228 741; x_wconf 84' lang='lat' dir='ltr'>esse</span> <span class='ocrx_word' id='word_1_26' title='bbox 251 677 370 740; x_wconf 83' lang='lat' dir='ltr'>vetitas</span> <span class='ocrx_word' id='word_1_27' title='bbox 387 695 500 741; x_wconf 89' lang='lat' dir='ltr'>usuras</span> <span class='ocrx_word' id='word_1_28' title='bbox 524 681 559 740; x_wconf 88' lang='lat' dir='ltr'>ut</span> <span class='ocrx_word' id='word_1_29' title='bbox 582 694 623 741; x_wconf 88' lang='lat' dir='ltr'>na</span> <span class='ocrx_word' id='word_1_30' title='bbox 642 696 759 742; x_wconf 87' lang='lat' dir='ltr'>munus</span> <span class='ocrx_word' id='word_1_31' title='bbox 775 676 902 760; x_wconf 87' lang='lat' dir='ltr'>quidem</span> <span class='ocrx_word' id='word_1_32' title='bbox 917 676 962 742; x_wconf 86' lang='lat' dir='ltr'>ab</span> <span class='ocrx_word' id='word_1_33' title='bbox 978 675 1185 762; x_wconf 79' lang='lat' dir='ltr'>obsequiae</span> <span class='ocrx_word' id='word_1_34' title='bbox 1207 676 1339 762; x_wconf 81' lang='lat' dir='ltr'>liapaa.</span> 
     </span>
    </p>
   </div>
   <div class='ocr_carea' id='block_1_3' title="bbox 151 799 1343 1748">
    <p class='ocr_par' dir='ltr' id='par_1_3' title="bbox 151 799 1343 1748">
     <span class='ocr_line' id='line_1_5' title="bbox 156 799 1341 886; baseline 0 -22"><span class='ocrx_word' id='word_1_35' title='bbox 156 800 242 882; x_wconf 90' lang='lat' dir='ltr'>quod</span> <span class='ocrx_word' id='word_1_36' title='bbox 266 819 345 865; x_wconf 88' lang='lat' dir='ltr'>sane</span> <span class='ocrx_word' id='word_1_37' title='bbox 368 806 416 864; x_wconf 87' lang='lat' dir='ltr'>est</span> <span class='ocrx_word' id='word_1_38' title='bbox 439 800 513 884; x_wconf 88' lang='lat' dir='ltr'>quid</span> <span class='ocrx_word' id='word_1_39' title='bbox 538 801 659 866; x_wconf 81' lang='lat' dir='ltr'>minimi</span> <span class='ocrx_word' id='word_1_40' title='bbox 677 801 799 864; x_wconf 88' lang='lat' dir='ltr'>valoris</span> <span class='ocrx_word' id='word_1_41' title='bbox 814 799 871 886; x_wconf 80' lang='lat' dir='ltr'>(l),</span> <span class='ocrx_word' id='word_1_42' title='bbox 888 801 988 866; x_wconf 88' lang='lat' dir='ltr'>solius</span> <span class='ocrx_word' id='word_1_43' title='bbox 1006 801 1107 867; x_wconf 90' lang='lat' dir='ltr'>mutui</span> <span class='ocrx_word' id='word_1_44' title='bbox 1128 820 1235 875; x_wconf 88' lang='lat' dir='ltr'>causa,</span> <span class='ocrx_word' id='word_1_45' title='bbox 1253 802 1341 886; x_wconf 81' lang='lat' dir='ltr'>exigi</span> 
     </span>
     <span class='ocr_line' id='line_1_6' title="bbox 155 923 1341 1009; baseline 0.003 -21"><span class='ocrx_word' id='word_1_46' title='bbox 155 944 252 1008; x_wconf 87' lang='lat' dir='ltr'>posse</span> <span class='ocrx_word' id='word_1_47' title='bbox 286 923 473 994; x_wconf 84' lang='lat' dir='ltr'>docuerint.</span> <span class='ocrx_word' id='word_1_48' title='bbox 505 931 732 1009; x_wconf 87' lang='lat' dir='ltr'>comparantes</span> <span class='ocrx_word' id='word_1_49' title='bbox 767 927 892 990; x_wconf 84' lang='lat' dir='ltr'>crimen</span> <span class='ocrx_word' id='word_1_50' title='bbox 922 945 1051 992; x_wconf 83' lang='lat' dir='ltr'>usurae</span> <span class='ocrx_word' id='word_1_51' title='bbox 1080 926 1207 991; x_wconf 86' lang='lat' dir='ltr'>crimini</span> <span class='ocrx_word' id='word_1_52' title='bbox 1237 925 1341 991; x_wconf 79' lang='lat' dir='ltr'>simo·</span> 
     </span>
     <span class='ocr_line' id='line_1_7' title="bbox 154 1047 1342 1132; baseline 0.003 -22"><span class='ocrx_word' id='word_1_53' title='bbox 154 1048 246 1114; x_wconf 78' lang='lat' dir='ltr'>mae.</span> <span class='ocrx_word' id='word_1_54' title='bbox 272 1047 367 1112; x_wconf 88' lang='lat' dir='ltr'>Hanc</span> <span class='ocrx_word' id='word_1_55' title='bbox 391 1047 569 1114; x_wconf 83' lang='lat' dir='ltr'>doctrinam</span> <span class='ocrx_word' id='word_1_56' title='bbox 594 1047 830 1115; x_wconf 83' lang='lat' dir='ltr'>confirmarunt</span> <span class='ocrx_word' id='word_1_57' title='bbox 853 1047 1028 1115; x_wconf 84' lang='lat' dir='ltr'>Pontifices</span> <span class='ocrx_word' id='word_1_58' title='bbox 1054 1068 1192 1132; x_wconf 89' lang='lat' dir='ltr'>quornm</span> <span class='ocrx_word' id='word_1_59' title='bbox 1215 1055 1342 1114; x_wconf 88' lang='lat' dir='ltr'>senten·</span> 
     </span>
     <span class='ocr_line' id='line_1_8' title="bbox 153 1173 1341 1259; baseline 0.003 -23"><span class='ocrx_word' id='word_1_60' title='bbox 153 1174 235 1237; x_wconf 91' lang='lat' dir='ltr'>tiam</span> <span class='ocrx_word' id='word_1_61' title='bbox 260 1174 449 1258; x_wconf 79' lang='lat' dir='ltr'>exprimens</span> <span class='ocrx_word' id='word_1_62' title='bbox 472 1173 661 1238; x_wconf 81' lang='lat' dir='ltr'>Alexander</span> <span class='ocrx_word' id='word_1_63' title='bbox 674 1174 724 1238; x_wconf 85' lang='grc' dir='ltr'>ΙΙΙ</span> <span class='ocrx_word' id='word_1_64' title='bbox 742 1175 774 1238; x_wconf 93' lang='lat' dir='ltr'>in</span> <span class='ocrx_word' id='word_1_65' title='bbox 792 1193 867 1258; x_wconf 83' lang='lat' dir='ltr'>cap.</span> <span class='ocrx_word' id='word_1_66' title='bbox 884 1174 907 1239; x_wconf 75' lang='lat'><em>4</em></span> <span class='ocrx_word' id='word_1_67' title='bbox 924 1174 955 1238; x_wconf 80' lang='lat' dir='ltr'>tt.</span> <span class='ocrx_word' id='word_1_68' title='bbox 973 1179 993 1238; x_wconf 88' lang='lat' dir='ltr'>t.</span> <span class='ocrx_word' id='word_1_69' title='bbox 1019 1173 1138 1240; x_wconf 79' lang='lat' dir='ltr'>edixit:</span> <span class='ocrx_word' id='word_1_70' title='bbox 1155 1193 1172 1236; x_wconf 78' lang='lat' dir='ltr'>c</span> <span class='ocrx_word' id='word_1_71' title='bbox 1190 1173 1341 1259; x_wconf 80' lang='lat' dir='ltr'>Respon-</span> 
     </span>
     <span class='ocr_line' id='line_1_9' title="bbox 155 1298 1342 1384; baseline 0.001 -21"><span class='ocrx_word' id='word_1_72' title='bbox 155 1298 280 1363; x_wconf 82' lang='lat' dir='ltr'>demus</span> <span class='ocrx_word' id='word_1_73' title='bbox 311 1299 404 1382; x_wconf 80' lang='lat' dir='ltr'>qaod</span> <span class='ocrx_word' id='word_1_74' title='bbox 434 1318 511 1364; x_wconf 84' lang='lat' dir='ltr'>eum</span> <span class='ocrx_word' id='word_1_75' title='bbox 542 1317 731 1364; x_wconf 73' lang='lat' dir='ltr'>asarenam</span> <span class='ocrx_word' id='word_1_76' title='bbox 763 1300 893 1365; x_wconf 81' lang='lat' dir='ltr'>crimen</span> <span class='ocrx_word' id='word_1_77' title='bbox 923 1299 1101 1384; x_wconf 75' lang='lat' dir='ltr'>utrimque</span> <span class='ocrx_word' id='word_1_78' title='bbox 1138 1299 1342 1366; x_wconf 78' lang='lat' dir='ltr'>Testamenti</span> 
     </span>
     <span class='ocr_line' id='line_1_10' title="bbox 151 1423 1342 1509; baseline 0.002 -21"><span class='ocrx_word' id='word_1_79' title='bbox 151 1424 290 1509; x_wconf 73' lang='lat' dir='ltr'>papiae</span> <span class='ocrx_word' id='word_1_80' title='bbox 321 1423 502 1488; x_wconf 82' lang='lat' dir='ltr'>detestetur</span> <span class='ocrx_word' id='word_1_81' title='bbox 531 1443 637 1507; x_wconf 79' lang='lat' dir='ltr'>super</span> <span class='ocrx_word' id='word_1_82' title='bbox 666 1424 728 1490; x_wconf 81' lang='lat' dir='ltr'>hoc</span> <span class='ocrx_word' id='word_1_83' title='bbox 758 1425 1024 1507; x_wconf 81' lang='lat' dir='ltr'>disputationem</span> <span class='ocrx_word' id='word_1_84' title='bbox 1055 1424 1210 1509; x_wconf 82' lang='lat' dir='ltr'>aliquam</span> <span class='ocrx_word' id='word_1_85' title='bbox 1241 1445 1342 1507; x_wconf 83' lang='lat' dir='ltr'>posse</span> 
     </span>
     <span class='ocr_line' id='line_1_11' title="bbox 155 1547 1343 1636; baseline 0 -22"><span class='ocrx_word' id='word_1_86' title='bbox 155 1547 234 1634; x_wconf 66' lang='lat' dir='ltr'>ficri</span> <span class='ocrx_word' id='word_1_87' title='bbox 263 1567 336 1614; x_wconf 80' lang='lat' dir='ltr'>aaa</span> <span class='ocrx_word' id='word_1_88' title='bbox 366 1549 519 1614; x_wconf 81' lang='lat' dir='ltr'>videmus</span> <span class='ocrx_word' id='word_1_89' title='bbox 541 1570 574 1612; x_wconf 86' lang='lat'>›.</span> <span class='ocrx_word' id='word_1_90' title='bbox 600 1549 793 1614; x_wconf 86' lang='lat' dir='ltr'>Benedictus</span> <span class='ocrx_word' id='word_1_91' title='bbox 821 1550 906 1614; x_wconf 87' lang='lat' dir='ltr'>XIV</span> <span class='ocrx_word' id='word_1_92' title='bbox 935 1549 1140 1636; x_wconf 90' lang='lat' dir='ltr'>perpendens</span> <span class='ocrx_word' id='word_1_93' title='bbox 1169 1569 1242 1616; x_wconf 86' lang='lat' dir='ltr'>esse</span> <span class='ocrx_word' id='word_1_94' title='bbox 1268 1569 1343 1616; x_wconf 92' lang='lat' dir='ltr'>con·</span> 
     </span>
     <span class='ocr_line' id='line_1_12' title="bbox 156 1669 1342 1748; baseline 0.002 -10"><span class='ocrx_word' id='word_1_95' title='bbox 156 1673 275 1738; x_wconf 85' lang='lat' dir='ltr'>cordes</span> <span class='ocrx_word' id='word_1_96' title='bbox 299 1669 520 1738; x_wconf 78' lang='lat' dir='ltr'>Consiliorum</span> <span class='ocrx_word' id='word_1_97' title='bbox 537 1677 570 1739; x_wconf 90' lang='lat' dir='ltr'>et</span> <span class='ocrx_word' id='word_1_98' title='bbox 588 1671 779 1740; x_wconf 83' lang='lat' dir='ltr'>Pontificum</span> <span class='ocrx_word' id='word_1_99' title='bbox 797 1675 987 1748; x_wconf 86' lang='lat' dir='ltr'>sententias,</span> <span class='ocrx_word' id='word_1_100' title='bbox 1003 1676 1134 1740; x_wconf 84' lang='lat' dir='ltr'>innixas</span> <span class='ocrx_word' id='word_1_101' title='bbox 1156 1676 1342 1743; x_wconf 77' lang='lat' dir='ltr'>auctoritati</span> 
     </span>
    </p>
   </div>
   <div class='ocr_carea' id='block_1_4' title="bbox 155 1865 1345 4496">
    <p class='ocr_par' dir='ltr' id='par_1_4' title="bbox 155 1865 1345 4496">
     <span class='ocr_line' id='line_1_13' title="bbox 249 1865 1341 1938; baseline 0.001 -17"><span class='ocrx_word' id='word_1_102' title='bbox 249 1867 477 1936; x_wconf 84' lang='lat' dir='ltr'>(l)·Ballerinus‚</span> <span class='ocrx_word' id='word_1_103' title='bbox 491 1868 533 1922; x_wconf 89' lang='lat' dir='ltr'>De</span> <span class='ocrx_word' id='word_1_104' title='bbox 550 1869 647 1921; x_wconf 80' lang='lat' dir='ltr'>usuris</span> <span class='ocrx_word' id='word_1_105' title='bbox 659 1871 688 1921; x_wconf 84' lang='lat' dir='ltr'>in</span> <span class='ocrx_word' id='word_1_106' title='bbox 703 1872 799 1938; x_wconf 81' lang='lat' dir='ltr'>praef.</span> <span class='ocrx_word' id='word_1_107' title='bbox 812 1865 935 1922; x_wconf 86' lang='lat' dir='ltr'>advertit</span> <span class='ocrx_word' id='word_1_108' title='bbox 947 1867 1109 1935; x_wconf 84' lang='lat' dir='ltr'>Ecclesiam,</span> <span class='ocrx_word' id='word_1_109' title='bbox 1130 1885 1179 1938; x_wconf 85' lang='lat' dir='ltr'>per</span> <span class='ocrx_word' id='word_1_110' title='bbox 1197 1868 1341 1923; x_wconf 82' lang='lat' dir='ltr'>duodecim</span> 
     </span>
     <span class='ocr_line' id='line_1_14' title="bbox 157 1975 1343 2048; baseline 0.003 -19"><span class='ocrx_word' id='word_1_111' title='bbox 157 1977 253 2047; x_wconf 84' lang='lat' dir='ltr'>priora</span> <span class='ocrx_word' id='word_1_112' title='bbox 271 1977 394 2042; x_wconf 80' lang='lat' dir='ltr'>saecula,</span> <span class='ocrx_word' id='word_1_113' title='bbox 413 1976 610 2032; x_wconf 82' lang='lat' dir='ltr'>condemnasse</span> <span class='ocrx_word' id='word_1_114' title='bbox 629 1993 736 2042; x_wconf 88' lang='lat' dir='ltr'>usuras,</span> <span class='ocrx_word' id='word_1_115' title='bbox 754 1994 824 2048; x_wconf 86' lang='lat' dir='ltr'>quas</span> <span class='ocrx_word' id='word_1_116' title='bbox 843 1977 1013 2032; x_wconf 80' lang='lat' dir='ltr'>exercebant</span> <span class='ocrx_word' id='word_1_117' title='bbox 1030 1975 1158 2033; x_wconf 88' lang='lat' dir='ltr'>homines</span> <span class='ocrx_word' id='word_1_118' title='bbox 1174 1983 1343 2033; x_wconf 81' lang='lat' dir='ltr'>mercatores</span> 
     </span>
     <span class='ocr_line' id='line_1_15' title="bbox 156 2081 1342 2152; baseline 0.001 -17"><span class='ocrx_word' id='word_1_119' title='bbox 156 2085 189 2136; x_wconf 90' lang='lat' dir='ltr'>et</span> <span class='ocrx_word' id='word_1_120' title='bbox 201 2082 230 2135; x_wconf 92' lang='lat' dir='ltr'>in</span> <span class='ocrx_word' id='word_1_121' title='bbox 243 2098 375 2135; x_wconf 86' lang='lat' dir='ltr'>mensura</span> <span class='ocrx_word' id='word_1_122' title='bbox 387 2082 500 2135; x_wconf 91' lang='lat' dir='ltr'>omnino</span> <span class='ocrx_word' id='word_1_123' title='bbox 513 2083 669 2148; x_wconf 86' lang='lat' dir='ltr'>immodica,</span> <span class='ocrx_word' id='word_1_124' title='bbox 683 2081 755 2137; x_wconf 88' lang='lat' dir='ltr'>male</span> <span class='ocrx_word' id='word_1_125' title='bbox 767 2083 986 2151; x_wconf 85' lang='lat' dir='ltr'>interpretantes</span> <span class='ocrx_word' id='word_1_126' title='bbox 998 2082 1132 2152; x_wconf 85' lang='lat' dir='ltr'>(maxime</span> <span class='ocrx_word' id='word_1_127' title='bbox 1149 2083 1200 2136; x_wconf 88' lang='lat' dir='ltr'>sub</span> <span class='ocrx_word' id='word_1_128' title='bbox 1213 2098 1288 2136; x_wconf 88' lang='lat' dir='ltr'>saec.</span> <span class='ocrx_word' id='word_1_129' title='bbox 1303 2097 1342 2147; x_wconf 80' lang='lat' dir='ltr'>xi,</span> 
     </span>
     <span class='ocr_line' id='line_1_16' title="bbox 157 2188 1343 2259; baseline 0 -17"><span class='ocrx_word' id='word_1_130' title='bbox 157 2190 211 2258; x_wconf 83' lang='lat' dir='ltr'>xri)</span> <span class='ocrx_word' id='word_1_131' title='bbox 231 2188 310 2258; x_wconf 79' lang='lat' dir='ltr'>leges</span> <span class='ocrx_word' id='word_1_132' title='bbox 329 2189 399 2242; x_wconf 86' lang='lat' dir='ltr'>iuria</span> <span class='ocrx_word' id='word_1_133' title='bbox 418 2189 525 2243; x_wconf 87' lang='lat' dir='ltr'>romani</span> <span class='ocrx_word' id='word_1_134' title='bbox 546 2189 587 2244; x_wconf 92' lang='lat' dir='ltr'>uti</span> <span class='ocrx_word' id='word_1_135' title='bbox 606 2189 731 2259; x_wconf 84' lang='lat' dir='ltr'>explicat</span> <span class='ocrx_word' id='word_1_136' title='bbox 750 2189 932 2253; x_wconf 82' lang='lat' dir='ltr'>D&#39;Annibale,</span> <span class='ocrx_word' id='word_1_137' title='bbox 946 2189 986 2254; x_wconf 85' lang='lat'>11,</span> <span class='ocrx_word' id='word_1_138' title='bbox 1003 2207 1031 2242; x_wconf 84' lang='lat' dir='ltr'>n.</span> <span class='ocrx_word' id='word_1_139' title='bbox 1046 2191 1115 2255; x_wconf 81' lang='lat'>531,</span> <span class='ocrx_word' id='word_1_140' title='bbox 1133 2199 1190 2243; x_wconf 81' lang='lat' dir='ltr'>not.</span> <span class='ocrx_word' id='word_1_141' title='bbox 1203 2191 1232 2255; x_wconf 81' lang='lat'>2;</span> <span class='ocrx_word' id='word_1_142' title='bbox 1245 2193 1343 2258; x_wconf 84' lang='lat' dir='ltr'>postea</span> 
     </span>
     <span class='ocr_line' id='line_1_17' title="bbox 155 2293 1341 2364; baseline -0.001 -16"><span class='ocrx_word' id='word_1_143' title='bbox 155 2311 239 2360; x_wconf 84' lang='lat' dir='ltr'>vero,</span> <span class='ocrx_word' id='word_1_144' title='bbox 263 2293 378 2349; x_wconf 85' lang='lat' dir='ltr'>saeculo</span> <span class='ocrx_word' id='word_1_145' title='bbox 396 2311 462 2360; x_wconf 84' lang='lat' dir='ltr'>xtrt,</span> <span class='ocrx_word' id='word_1_146' title='bbox 487 2295 640 2350; x_wconf 84' lang='lat' dir='ltr'>Ecclesiam</span> <span class='ocrx_word' id='word_1_147' title='bbox 669 2295 867 2350; x_wconf 86' lang='lat' dir='ltr'>condemnasse</span> <span class='ocrx_word' id='word_1_148' title='bbox 889 2294 1047 2351; x_wconf 81' lang='lat' dir='ltr'>haereticos</span> <span class='ocrx_word' id='word_1_149' title='bbox 1072 2296 1114 2350; x_wconf 87' lang='lat' dir='ltr'>uti</span> <span class='ocrx_word' id='word_1_150' title='bbox 1140 2293 1270 2348; x_wconf 85' lang='lat' dir='ltr'>catharos</span> <span class='ocrx_word' id='word_1_151' title='bbox 1294 2295 1341 2364; x_wconf 88' lang='lat' dir='ltr'>qui</span> 
     </span>
     <span class='ocr_line' id='line_1_18' title="bbox 159 2400 1341 2472; baseline -0.003 -16"><span class='ocrx_word' id='word_1_152' title='bbox 159 2419 259 2456; x_wconf 85' lang='lat' dir='ltr'>usuras</span> <span class='ocrx_word' id='word_1_153' title='bbox 278 2401 371 2456; x_wconf 83' lang='lat' dir='ltr'>licitas</span> <span class='ocrx_word' id='word_1_154' title='bbox 394 2418 455 2458; x_wconf 86' lang='lat' dir='ltr'>essa</span> <span class='ocrx_word' id='word_1_155' title='bbox 474 2405 646 2466; x_wconf 78' lang='lat' dir='ltr'>asscrebant.</span> <span class='ocrx_word' id='word_1_156' title='bbox 665 2403 745 2456; x_wconf 90' lang='lat' dir='ltr'>Hunc</span> <span class='ocrx_word' id='word_1_157' title='bbox 770 2420 893 2458; x_wconf 87' lang='lat' dir='ltr'>errorem</span> <span class='ocrx_word' id='word_1_158' title='bbox 918 2402 1087 2456; x_wconf 81' lang='lat' dir='ltr'>instauravit</span> <span class='ocrx_word' id='word_1_159' title='bbox 1105 2400 1238 2457; x_wconf 81' lang='lat' dir='ltr'>Calvinus</span> <span class='ocrx_word' id='word_1_160' title='bbox 1259 2418 1341 2472; x_wconf 88' lang='lat' dir='ltr'>quem</span> 
     </span>
     <span class='ocr_line' id='line_1_19' title="bbox 159 2507 1343 2581; baseline -0.002 -18"><span class='ocrx_word' id='word_1_161' title='bbox 159 2508 254 2580; x_wconf 84' lang='lat' dir='ltr'>plnres</span> <span class='ocrx_word' id='word_1_162' title='bbox 274 2525 290 2565; x_wconf 87' lang='lat' dir='ltr'>e</span> <span class='ocrx_word' id='word_1_163' title='bbox 307 2511 542 2581; x_wconf 71' lang='lat' dir='ltr'>reformatoribus</span> <span class='ocrx_word' id='word_1_164' title='bbox 555 2511 643 2566; x_wconf 87' lang='lat' dir='ltr'>secuti</span> <span class='ocrx_word' id='word_1_165' title='bbox 658 2514 730 2565; x_wconf 86' lang='lat' dir='ltr'>sunt.</span> <span class='ocrx_word' id='word_1_166' title='bbox 745 2540 760 2551; x_wconf 94' lang='lat'><em>·</em></span> <span class='ocrx_word' id='word_1_167' title='bbox 774 2509 900 2565; x_wconf 83' lang='lat' dir='ltr'>Celebris</span> <span class='ocrx_word' id='word_1_168' title='bbox 914 2514 957 2565; x_wconf 90' lang='lat' dir='ltr'>est</span> <span class='ocrx_word' id='word_1_169' title='bbox 970 2509 1160 2564; x_wconf 81' lang='lat' dir='ltr'>controuersia</span> <span class='ocrx_word' id='word_1_170' title='bbox 1173 2507 1206 2563; x_wconf 91' lang='lat' dir='ltr'>de</span> <span class='ocrx_word' id='word_1_171' title='bbox 1220 2508 1311 2562; x_wconf 87' lang='lat' dir='ltr'>usuris</span> <span class='ocrx_word' id='word_1_172' title='bbox 1326 2525 1343 2561; x_wconf 87' lang='lat' dir='ltr'>a</span> 
     </span>
     <span class='ocr_line' id='line_1_20' title="bbox 160 2614 1343 2688; baseline -0.002 -17"><span class='ocrx_word' id='word_1_173' title='bbox 160 2616 324 2671; x_wconf 85' lang='lat' dir='ltr'>leusenistis</span> <span class='ocrx_word' id='word_1_174' title='bbox 341 2618 465 2672; x_wconf 85' lang='lat' dir='ltr'>excitata</span> <span class='ocrx_word' id='word_1_175' title='bbox 483 2618 513 2671; x_wconf 92' lang='lat' dir='ltr'>in</span> <span class='ocrx_word' id='word_1_176' title='bbox 532 2618 632 2688; x_wconf 82' lang='lat' dir='ltr'>Belgio</span> <span class='ocrx_word' id='word_1_177' title='bbox 644 2620 790 2674; x_wconf 86' lang='lat' dir='ltr'>occasione</span> <span class='ocrx_word' id='word_1_178' title='bbox 804 2618 871 2673; x_wconf 90' lang='lat' dir='ltr'>editi</span> <span class='ocrx_word' id='word_1_179' title='bbox 885 2617 1026 2688; x_wconf 88' lang='lat' dir='ltr'>opusculi:</span> <span class='ocrx_word' id='word_1_180' title='bbox 1045 2616 1184 2671; x_wconf 72' lang='lat' dir='ltr'>Memaire</span> <span class='ocrx_word' id='word_1_181' title='bbox 1197 2633 1247 2670; x_wconf 80' lang='lat' dir='ltr'>sur</span> <span class='ocrx_word' id='word_1_182' title='bbox 1267 2614 1343 2671; x_wconf 79' lang='lat' dir='ltr'>l&#39;e&#39;rat</span> 
     </span>
     <span class='ocr_line' id='line_1_21' title="bbox 158 2722 1343 2793; baseline -0.003 -17"><span class='ocrx_word' id='word_1_183' title='bbox 158 2722 275 2792; x_wconf 76' lang='lat' dir='ltr'>present</span> <span class='ocrx_word' id='word_1_184' title='bbox 301 2724 353 2776; x_wconf 82' lang='lat' dir='ltr'>des</span> <span class='ocrx_word' id='word_1_185' title='bbox 380 2725 510 2793; x_wconf 78' lang='lat' dir='ltr'>resupies</span> <span class='ocrx_word' id='word_1_186' title='bbox 535 2724 671 2787; x_wconf 75' lang='lat' dir='ltr'>Franccis</span> <span class='ocrx_word' id='word_1_187' title='bbox 699 2741 734 2777; x_wconf 86' lang='lat' dir='ltr'>en</span> <span class='ocrx_word' id='word_1_188' title='bbox 760 2724 905 2777; x_wconf 82' lang='lat' dir='ltr'>Hcltande</span> <span class='ocrx_word' id='word_1_189' title='bbox 932 2741 970 2776; x_wconf 81' lang='lat' dir='ltr'>aa</span> <span class='ocrx_word' id='word_1_190' title='bbox 996 2725 1071 2792; x_wconf 80' lang='lat' dir='ltr'>sajet</span> <span class='ocrx_word' id='word_1_191' title='bbox 1095 2724 1133 2776; x_wconf 83' lang='lat' dir='ltr'>de</span> <span class='ocrx_word' id='word_1_192' title='bbox 1158 2723 1188 2773; x_wconf 87' lang='lat' dir='ltr'>ta</span> <span class='ocrx_word' id='word_1_193' title='bbox 1211 2722 1343 2789; x_wconf 81' lang='lat' dir='ltr'>retipr&#39;an,</span> 
     </span>
     <span class='ocr_line' id='line_1_22' title="bbox 160 2828 1342 2899; baseline -0.002 -16"><span class='ocrx_word' id='word_1_194' title='bbox 160 2828 333 2883; x_wconf 81' lang='lat' dir='ltr'>Paris1828.</span> <span class='ocrx_word' id='word_1_195' title='bbox 352 2858 367 2871; x_wconf 93' lang='lat'><strong>·</strong></span> <span class='ocrx_word' id='word_1_196' title='bbox 386 2829 442 2882; x_wconf 89' lang='lat' dir='ltr'>Sub</span> <span class='ocrx_word' id='word_1_197' title='bbox 461 2828 573 2885; x_wconf 85' lang='lat' dir='ltr'>saeculo</span> <span class='ocrx_word' id='word_1_198' title='bbox 591 2846 672 2895; x_wconf 83' lang='lat' dir='ltr'>xviri,</span> <span class='ocrx_word' id='word_1_199' title='bbox 691 2835 785 2885; x_wconf 84' lang='lat' dir='ltr'>aetate</span> <span class='ocrx_word' id='word_1_200' title='bbox 806 2829 949 2884; x_wconf 88' lang='lat' dir='ltr'>Benedicti</span> <span class='ocrx_word' id='word_1_201' title='bbox 962 2828 1029 2883; x_wconf 83' lang='lat' dir='ltr'>xlv</span> <span class='ocrx_word' id='word_1_202' title='bbox 1048 2829 1124 2899; x_wconf 83' lang='lat' dir='ltr'>quia,</span> <span class='ocrx_word' id='word_1_203' title='bbox 1141 2829 1231 2882; x_wconf 88' lang='lat' dir='ltr'>auctis</span> <span class='ocrx_word' id='word_1_204' title='bbox 1249 2843 1342 2881; x_wconf 89' lang='lat' dir='ltr'>rerum</span> 
     </span>
     <span class='ocr_line' id='line_1_23' title="bbox 158 2936 1344 3007; baseline 0 -17"><span class='ocrx_word' id='word_1_205' title='bbox 158 2937 342 3003; x_wconf 87' lang='lat' dir='ltr'>commerciis,</span> <span class='ocrx_word' id='word_1_206' title='bbox 354 2954 454 2991; x_wconf 85' lang='lat' dir='ltr'>usurae</span> <span class='ocrx_word' id='word_1_207' title='bbox 467 2938 725 3007; x_wconf 73' lang='lat' dir='ltr'>frequentabantur,</span> <span class='ocrx_word' id='word_1_208' title='bbox 737 2941 830 2991; x_wconf 89' lang='lat' dir='ltr'>tamen</span> <span class='ocrx_word' id='word_1_209' title='bbox 845 2938 880 2991; x_wconf 93' lang='lat' dir='ltr'>ob</span> <span class='ocrx_word' id='word_1_210' title='bbox 895 2936 992 2990; x_wconf 89' lang='lat' dir='ltr'>titulos</span> <span class='ocrx_word' id='word_1_211' title='bbox 1003 2937 1175 2990; x_wconf 74' lang='lat' dir='ltr'>extrinsecas</span> <span class='ocrx_word' id='word_1_212' title='bbox 1187 2945 1344 2990; x_wconf 76' lang='lat' dir='ltr'>castrenses</span> 
     </span>
     <span class='ocr_line' id='line_1_24' title="bbox 159 3041 1344 3113; baseline -0.003 -16"><span class='ocrx_word' id='word_1_213' title='bbox 159 3042 187 3111; x_wconf 86' lang='lat' dir='ltr'>(a</span> <span class='ocrx_word' id='word_1_214' title='bbox 206 3041 296 3097; x_wconf 84' lang='lat' dir='ltr'>Paolo</span> <span class='ocrx_word' id='word_1_215' title='bbox 317 3042 352 3097; x_wconf 90' lang='lat' dir='ltr'>de</span> <span class='ocrx_word' id='word_1_216' title='bbox 371 3042 469 3097; x_wconf 83' lang='lat' dir='ltr'>Castro</span> <span class='ocrx_word' id='word_1_217' title='bbox 487 3042 534 3113; x_wconf 90' lang='lat' dir='ltr'>qui</span> <span class='ocrx_word' id='word_1_218' title='bbox 554 3060 625 3098; x_wconf 85' lang='lat' dir='ltr'>saec.</span> <span class='ocrx_word' id='word_1_219' title='bbox 647 3060 695 3097; x_wconf 80' lang='lat' dir='ltr'>xri</span> <span class='ocrx_word' id='word_1_220' title='bbox 715 3060 763 3099; x_wconf 88' lang='lat' dir='ltr'>eos</span> <span class='ocrx_word' id='word_1_221' title='bbox 788 3044 918 3113; x_wconf 77' lang='lat' dir='ltr'>probarit</span> <span class='ocrx_word' id='word_1_222' title='bbox 942 3049 971 3097; x_wconf 89' lang='lat' dir='ltr'>et</span> <span class='ocrx_word' id='word_1_223' title='bbox 993 3042 1104 3097; x_wconf 83' lang='lat' dir='ltr'>induxit</span> <span class='ocrx_word' id='word_1_224' title='bbox 1122 3042 1151 3097; x_wconf 88' lang='lat' dir='ltr'>in</span> <span class='ocrx_word' id='word_1_225' title='bbox 1169 3042 1251 3109; x_wconf 80' lang='lat' dir='ltr'>loro),</span> <span class='ocrx_word' id='word_1_226' title='bbox 1269 3042 1344 3096; x_wconf 89' lang='lat' dir='ltr'>inter</span> 
     </span>
     <span class='ocr_line' id='line_1_25' title="bbox 159 3148 1345 3220; baseline -0.001 -16"><span class='ocrx_word' id='word_1_227' title='bbox 159 3149 288 3204; x_wconf 88' lang='lat' dir='ltr'>homines</span> <span class='ocrx_word' id='word_1_228' title='bbox 301 3150 386 3204; x_wconf 86' lang='lat' dir='ltr'>etiam</span> <span class='ocrx_word' id='word_1_229' title='bbox 400 3148 562 3217; x_wconf 82' lang='lat' dir='ltr'>catholicos,</span> <span class='ocrx_word' id='word_1_230' title='bbox 576 3168 677 3206; x_wconf 86' lang='lat' dir='ltr'>usurae</span> <span class='ocrx_word' id='word_1_231' title='bbox 689 3155 823 3220; x_wconf 85' lang='lat' dir='ltr'>patronos</span> <span class='ocrx_word' id='word_1_232' title='bbox 835 3155 936 3206; x_wconf 89' lang='lat' dir='ltr'>nactae</span> <span class='ocrx_word' id='word_1_233' title='bbox 948 3155 1030 3215; x_wconf 86' lang='lat' dir='ltr'>sunt;</span> <span class='ocrx_word' id='word_1_234' title='bbox 1050 3150 1091 3204; x_wconf 86' lang='lat' dir='ltr'>ita</span> <span class='ocrx_word' id='word_1_235' title='bbox 1109 3166 1160 3220; x_wconf 91' lang='lat' dir='ltr'>pro</span> <span class='ocrx_word' id='word_1_236' title='bbox 1172 3150 1264 3203; x_wconf 88' lang='lat' dir='ltr'>usuris</span> <span class='ocrx_word' id='word_1_237' title='bbox 1276 3152 1345 3203; x_wconf 88' lang='lat' dir='ltr'>scri·</span> 
     </span>
     <span class='ocr_line' id='line_1_26' title="bbox 159 3254 1344 3327; baseline -0.003 -16"><span class='ocrx_word' id='word_1_238' title='bbox 159 3258 215 3327; x_wconf 88' lang='lat' dir='ltr'>psit</span> <span class='ocrx_word' id='word_1_239' title='bbox 227 3256 290 3311; x_wconf 88' lang='lat' dir='ltr'>Nic.</span> <span class='ocrx_word' id='word_1_240' title='bbox 301 3257 491 3311; x_wconf 85' lang='lat' dir='ltr'>Broendersen</span> <span class='ocrx_word' id='word_1_241' title='bbox 505 3254 659 3327; x_wconf 75' lang='lat' dir='ltr'>(parochus</span> <span class='ocrx_word' id='word_1_242' title='bbox 669 3256 781 3327; x_wconf 88' lang='lat' dir='ltr'>Delphi)</span> <span class='ocrx_word' id='word_1_243' title='bbox 797 3259 838 3313; x_wconf 86' lang='lat' dir='ltr'>De</span> <span class='ocrx_word' id='word_1_244' title='bbox 847 3260 945 3312; x_wconf 74' lang='lat' dir='ltr'>mur-is</span> <span class='ocrx_word' id='word_1_245' title='bbox 957 3260 1040 3313; x_wconf 83' lang='lat' dir='ltr'>licitis</span> <span class='ocrx_word' id='word_1_246' title='bbox 1052 3267 1135 3327; x_wconf 77' lang='lat' dir='ltr'>atqete</span> <span class='ocrx_word' id='word_1_247' title='bbox 1147 3258 1218 3310; x_wconf 85' lang='lat' dir='ltr'>illic.</span> <span class='ocrx_word' id='word_1_248' title='bbox 1229 3274 1253 3309; x_wconf 88' lang='lat' dir='ltr'>a.</span> <span class='ocrx_word' id='word_1_249' title='bbox 1266 3255 1344 3318; x_wconf 73' lang='lat'><strong>17433</strong></span> 
     </span>
     <span class='ocr_line' id='line_1_27' title="bbox 159 3362 1343 3433; baseline -0.001 -16"><span class='ocrx_word' id='word_1_250' title='bbox 159 3362 254 3433; x_wconf 85' lang='lat' dir='ltr'>Scipio</span> <span class='ocrx_word' id='word_1_251' title='bbox 267 3362 372 3427; x_wconf 81' lang='lat' dir='ltr'>Maffei,</span> <span class='ocrx_word' id='word_1_252' title='bbox 385 3362 584 3433; x_wconf 79' lang='lat' dir='ltr'>Dett&#39;impiepa</span> <span class='ocrx_word' id='word_1_253' title='bbox 598 3364 646 3417; x_wconf 85' lang='lat' dir='ltr'>det</span> <span class='ocrx_word' id='word_1_254' title='bbox 659 3364 776 3427; x_wconf 77' lang='lat' dir='ltr'>dertare,</span> <span class='ocrx_word' id='word_1_255' title='bbox 790 3362 903 3419; x_wconf 84' lang='lat' dir='ltr'>Verona</span> <span class='ocrx_word' id='word_1_256' title='bbox 918 3362 1000 3426; x_wconf 76' lang='lat'>17443</span> <span class='ocrx_word' id='word_1_257' title='bbox 1015 3362 1182 3429; x_wconf 84' lang='lat' dir='ltr'>lilaetrofini,</span> <span class='ocrx_word' id='word_1_258' title='bbox 1194 3362 1235 3417; x_wconf 81' lang='lat' dir='ltr'>Le</span> <span class='ocrx_word' id='word_1_259' title='bbox 1247 3379 1343 3425; x_wconf 80' lang='lat' dir='ltr'>usur-e,</span> 
     </span>
     <span class='ocr_line' id='line_1_28' title="bbox 160 3468 1342 3541; baseline -0.003 -16"><span class='ocrx_word' id='word_1_260' title='bbox 160 3472 251 3525; x_wconf 85' lang='lat' dir='ltr'>Roma</span> <span class='ocrx_word' id='word_1_261' title='bbox 267 3469 345 3533; x_wconf 82' lang='grc'>1831,</span> <span class='ocrx_word' id='word_1_262' title='bbox 358 3468 398 3523; x_wconf 89' lang='lat' dir='ltr'>De</span> <span class='ocrx_word' id='word_1_263' title='bbox 412 3470 542 3537; x_wconf 77' lang='lat' dir='ltr'>Lucerna,</span> <span class='ocrx_word' id='word_1_264' title='bbox 558 3471 614 3525; x_wconf 83' lang='lat' dir='ltr'>Sar</span> <span class='ocrx_word' id='word_1_265' title='bbox 629 3472 655 3525; x_wconf 87' lang='lat' dir='ltr'>le</span> <span class='ocrx_word' id='word_1_266' title='bbox 665 3472 733 3541; x_wconf 66' lang='lat' dir='ltr'>pret</span> <span class='ocrx_word' id='word_1_267' title='bbox 745 3474 780 3525; x_wconf 85' lang='lat' dir='ltr'>de</span> <span class='ocrx_word' id='word_1_268' title='bbox 796 3470 950 3533; x_wconf 78' lang='lat' dir='ltr'>Ccmrrrerc,</span> <span class='ocrx_word' id='word_1_269' title='bbox 966 3470 1076 3524; x_wconf 76' lang='lat' dir='ltr'>Divioni</span> <span class='ocrx_word' id='word_1_270' title='bbox 1091 3470 1175 3536; x_wconf 76' lang='lat'>18233</span> <span class='ocrx_word' id='word_1_271' title='bbox 1193 3469 1342 3535; x_wconf 82' lang='lat' dir='ltr'>Generosi,</span> 
     </span>
     <span class='ocr_line' id='line_1_29' title="bbox 159 3575 1344 3648; baseline -0.003 -17"><span class='ocrx_word' id='word_1_272' title='bbox 159 3576 236 3632; x_wconf 88' lang='lat' dir='ltr'>Tam.</span> <span class='ocrx_word' id='word_1_273' title='bbox 252 3577 299 3643; x_wconf 74' lang='lat' dir='ltr'>lt,</span> <span class='ocrx_word' id='word_1_274' title='bbox 313 3578 444 3648; x_wconf 69' lang='lat' dir='ltr'>Metapa,</span> <span class='ocrx_word' id='word_1_275' title='bbox 457 3578 506 3630; x_wconf 94' lang='lat' dir='ltr'>lib.</span> <span class='ocrx_word' id='word_1_276' title='bbox 519 3576 552 3642; x_wconf 87' lang='lat'>11,</span> <span class='ocrx_word' id='word_1_277' title='bbox 566 3577 608 3631; x_wconf 84' lang='lat' dir='ltr'>De</span> <span class='ocrx_word' id='word_1_278' title='bbox 621 3580 666 3647; x_wconf 73' lang='lat' dir='ltr'>off.</span> <span class='ocrx_word' id='word_1_279' title='bbox 680 3592 739 3646; x_wconf 84' lang='lat' dir='ltr'>cap.</span> <span class='ocrx_word' id='word_1_280' title='bbox 753 3576 790 3643; x_wconf 84' lang='lat' dir='ltr'>X,</span> <span class='ocrx_word' id='word_1_281' title='bbox 805 3580 823 3641; x_wconf 66' lang='grc' dir='ltr'><strong>ἓ</strong></span> <span class='ocrx_word' id='word_1_282' title='bbox 837 3578 880 3629; x_wconf 77' lang='grc'>22.</span> <span class='ocrx_word' id='word_1_283' title='bbox 894 3604 907 3617; x_wconf 92' lang='grc'><strong>-</strong></span> <span class='ocrx_word' id='word_1_284' title='bbox 921 3577 997 3630; x_wconf 88' lang='lat' dir='ltr'>later</span> <span class='ocrx_word' id='word_1_285' title='bbox 1011 3575 1168 3641; x_wconf 85' lang='lat' dir='ltr'>hodiernos,</span> <span class='ocrx_word' id='word_1_286' title='bbox 1181 3576 1215 3630; x_wconf 85' lang='lat' dir='ltr'>of.</span> <span class='ocrx_word' id='word_1_287' title='bbox 1229 3576 1344 3637; x_wconf 77' lang='lat' dir='ltr'>Anteia,</span> 
     </span>
     <span class='ocr_line' id='line_1_30' title="bbox 162 3682 1345 3753; baseline -0.005 -13"><span class='ocrx_word' id='word_1_288' title='bbox 162 3686 251 3740; x_wconf 71' lang='lat' dir='ltr'>doura</span> <span class='ocrx_word' id='word_1_289' title='bbox 263 3684 445 3739; x_wconf 82' lang='lat' dir='ltr'>d‘Eaanomie</span> <span class='ocrx_word' id='word_1_290' title='bbox 457 3684 570 3748; x_wconf 86' lang='lat' dir='ltr'>sociale,</span> <span class='ocrx_word' id='word_1_291' title='bbox 583 3690 613 3737; x_wconf 91' lang='lat' dir='ltr'>et</span> <span class='ocrx_word' id='word_1_292' title='bbox 626 3682 744 3752; x_wconf 79' lang='lat' dir='ltr'>Gaggia‚</span> <span class='ocrx_word' id='word_1_293' title='bbox 759 3683 799 3737; x_wconf 83' lang='lat' dir='ltr'>Le</span> <span class='ocrx_word' id='word_1_294' title='bbox 812 3698 900 3738; x_wconf 79' lang='lat' dir='ltr'>usura</span> <span class='ocrx_word' id='word_1_295' title='bbox 915 3683 993 3738; x_wconf 83' lang='lat' dir='ltr'>nella</span> <span class='ocrx_word' id='word_1_296' title='bbox 1005 3686 1078 3753; x_wconf 80' lang='lat' dir='ltr'>sonti</span> <span class='ocrx_word' id='word_1_297' title='bbox 1089 3684 1139 3737; x_wconf 87' lang='lat' dir='ltr'>det</span> <span class='ocrx_word' id='word_1_298' title='bbox 1151 3684 1246 3736; x_wconf 83' lang='lat' dir='ltr'>diritto</span> <span class='ocrx_word' id='word_1_299' title='bbox 1263 3699 1345 3735; x_wconf 84' lang='lat' dir='ltr'>cano·</span> 
     </span>
     <span class='ocr_line' id='line_1_31' title="bbox 158 3785 1343 3857; baseline -0.007 -12"><span class='ocrx_word' id='word_1_300' title='bbox 158 3794 230 3857; x_wconf 81' lang='lat' dir='ltr'>aiae,</span> <span class='ocrx_word' id='word_1_301' title='bbox 250 3790 313 3844; x_wconf 87' lang='lat' dir='ltr'>Riv.</span> <span class='ocrx_word' id='word_1_302' title='bbox 333 3790 468 3844; x_wconf 80' lang='lat' dir='ltr'>internae.</span> <span class='ocrx_word' id='word_1_303' title='bbox 494 3786 599 3843; x_wconf 88' lang='lat' dir='ltr'>Scienz.</span> <span class='ocrx_word' id='word_1_304' title='bbox 624 3804 680 3842; x_wconf 87' lang='lat' dir='ltr'>soc.</span> <span class='ocrx_word' id='word_1_305' title='bbox 701 3788 804 3853; x_wconf 84' lang='lat' dir='ltr'>Roma,</span> <span class='ocrx_word' id='word_1_306' title='bbox 823 3790 892 3841; x_wconf 85' lang='lat' dir='ltr'>fasc.</span> <span class='ocrx_word' id='word_1_307' title='bbox 914 3787 978 3841; x_wconf 88' lang='lat' dir='ltr'>Dec.</span> <span class='ocrx_word' id='word_1_308' title='bbox 994 3786 1078 3851; x_wconf 72' lang='lat'>1897,</span> <span class='ocrx_word' id='word_1_309' title='bbox 1103 3804 1129 3855; x_wconf 89' lang='lat' dir='ltr'>p.</span> <span class='ocrx_word' id='word_1_310' title='bbox 1148 3785 1202 3839; x_wconf 80' lang='lat'>523</span> <span class='ocrx_word' id='word_1_311' title='bbox 1223 3791 1253 3840; x_wconf 90' lang='lat' dir='ltr'>et</span> <span class='ocrx_word' id='word_1_312' title='bbox 1276 3786 1343 3839; x_wconf 84' lang='lat' dir='ltr'>fasc.</span> 
     </span>
     <span class='ocr_line' id='line_1_32' title="bbox 159 3889 1345 3964; baseline -0.007 -13"><span class='ocrx_word' id='word_1_313' title='bbox 159 3895 246 3951; x_wconf 83' lang='lat' dir='ltr'>Gaea.</span> <span class='ocrx_word' id='word_1_314' title='bbox 263 3894 342 3961; x_wconf 82' lang='grc'>1898,</span> <span class='ocrx_word' id='word_1_315' title='bbox 355 3910 417 3964; x_wconf 80' lang='lat' dir='ltr'>pag.</span> <span class='ocrx_word' id='word_1_316' title='bbox 430 3894 467 3948; x_wconf 86' lang='grc'>39</span> <span class='ocrx_word' id='word_1_317' title='bbox 479 3898 508 3948; x_wconf 91' lang='lat' dir='ltr'>et</span> <span class='ocrx_word' id='word_1_318' title='bbox 521 3895 622 3963; x_wconf 88' lang='lat' dir='ltr'>passim</span> <span class='ocrx_word' id='word_1_319' title='bbox 636 3892 760 3963; x_wconf 87' lang='lat' dir='ltr'>epheme·</span> <span class='ocrx_word' id='word_1_320' title='bbox 770 3892 828 3947; x_wconf 90' lang='lat' dir='ltr'>ides</span> <span class='ocrx_word' id='word_1_321' title='bbox 841 3908 913 3964; x_wconf 91' lang='lat' dir='ltr'>quae</span> <span class='ocrx_word' id='word_1_322' title='bbox 926 3892 1065 3945; x_wconf 88' lang='lat' dir='ltr'>disserunt</span> <span class='ocrx_word' id='word_1_323' title='bbox 1077 3890 1111 3945; x_wconf 87' lang='lat' dir='ltr'>de</span> <span class='ocrx_word' id='word_1_324' title='bbox 1123 3906 1154 3945; x_wconf 88' lang='lat' dir='ltr'>re</span> <span class='ocrx_word' id='word_1_325' title='bbox 1166 3889 1345 3944; x_wconf 87' lang='lat' dir='ltr'>oeconomica</span> 
     </span>
     <span class='ocr_line' id='line_1_33' title="bbox 160 3996 1345 4071; baseline -0.004 -16"><span class='ocrx_word' id='word_1_326' title='bbox 160 4001 266 4057; x_wconf 80' lang='lat' dir='ltr'>sociali.</span> <span class='ocrx_word' id='word_1_327' title='bbox 281 4000 342 4055; x_wconf 90' lang='lat' dir='ltr'>Hoc</span> <span class='ocrx_word' id='word_1_328' title='bbox 356 4001 431 4055; x_wconf 89' lang='lat' dir='ltr'>enim</span> <span class='ocrx_word' id='word_1_329' title='bbox 444 4004 640 4071; x_wconf 81' lang='lat' dir='ltr'>argumentum</span> <span class='ocrx_word' id='word_1_330' title='bbox 654 3997 735 4054; x_wconf 90' lang='lat' dir='ltr'>hodie</span> <span class='ocrx_word' id='word_1_331' title='bbox 748 3998 833 4053; x_wconf 90' lang='lat' dir='ltr'>etiam</span> <span class='ocrx_word' id='word_1_332' title='bbox 848 4002 891 4053; x_wconf 87' lang='lat' dir='ltr'>est</span> <span class='ocrx_word' id='word_1_333' title='bbox 904 3998 1045 4069; x_wconf 86' lang='lat' dir='ltr'>practicae</span> <span class='ocrx_word' id='word_1_334' title='bbox 1059 3996 1205 4062; x_wconf 81' lang='lat' dir='ltr'>utilitatis3</span> <span class='ocrx_word' id='word_1_335' title='bbox 1224 4012 1345 4063; x_wconf 88' lang='lat' dir='ltr'>namque</span> 
     </span>
     <span class='ocr_line' id='line_1_34' title="bbox 160 4101 1344 4173; baseline -0.006 -12"><span class='ocrx_word' id='word_1_336' title='bbox 160 4122 260 4161; x_wconf 84' lang='lat' dir='ltr'>usurae</span> <span class='ocrx_word' id='word_1_337' title='bbox 273 4105 420 4171; x_wconf 86' lang='lat' dir='ltr'>hactenus,</span> <span class='ocrx_word' id='word_1_338' title='bbox 439 4103 514 4158; x_wconf 91' lang='lat' dir='ltr'>malo</span> <span class='ocrx_word' id='word_1_339' title='bbox 533 4104 601 4169; x_wconf 81' lang='lat' dir='ltr'>tato,</span> <span class='ocrx_word' id='word_1_340' title='bbox 621 4102 678 4157; x_wconf 81' lang='lat' dir='ltr'>late</span> <span class='ocrx_word' id='word_1_341' title='bbox 697 4103 859 4173; x_wconf 89' lang='lat' dir='ltr'>opprimunt</span> <span class='ocrx_word' id='word_1_342' title='bbox 877 4101 1004 4157; x_wconf 89' lang='lat' dir='ltr'>homines</span> <span class='ocrx_word' id='word_1_343' title='bbox 1022 4118 1166 4172; x_wconf 86' lang='lat' dir='ltr'>pauperes,</span> <span class='ocrx_word' id='word_1_344' title='bbox 1180 4102 1344 4170; x_wconf 88' lang='lat' dir='ltr'>praesertim</span> 
     </span>
     <span class='ocr_line' id='line_1_35' title="bbox 161 4208 1345 4285; baseline -0.007 -16"><span class='ocrx_word' id='word_1_345' title='bbox 161 4214 301 4285; x_wconf 78' lang='lat' dir='ltr'>agricolas</span> <span class='ocrx_word' id='word_1_346' title='bbox 319 4218 349 4269; x_wconf 87' lang='lat' dir='ltr'>et</span> <span class='ocrx_word' id='word_1_347' title='bbox 368 4212 443 4267; x_wconf 89' lang='lat' dir='ltr'>omni</span> <span class='ocrx_word' id='word_1_348' title='bbox 461 4227 546 4282; x_wconf 88' lang='lat' dir='ltr'>opere</span> <span class='ocrx_word' id='word_1_349' title='bbox 557 4209 736 4265; x_wconf 86' lang='lat' dir='ltr'>adnitendum</span> <span class='ocrx_word' id='word_1_350' title='bbox 756 4214 799 4265; x_wconf 90' lang='lat' dir='ltr'>est</span> <span class='ocrx_word' id='word_1_351' title='bbox 818 4215 849 4264; x_wconf 87' lang='lat' dir='ltr'>ut</span> <span class='ocrx_word' id='word_1_352' title='bbox 868 4226 968 4265; x_wconf 87' lang='lat' dir='ltr'>usurae</span> <span class='ocrx_word' id='word_1_353' title='bbox 986 4211 1152 4263; x_wconf 81' lang='lat' dir='ltr'>immodicae</span> <span class='ocrx_word' id='word_1_354' title='bbox 1164 4208 1345 4264; x_wconf 85' lang='lat' dir='ltr'>vehementer</span> 
     </span>
     <span class='ocr_line' id='line_1_36' title="bbox 161 4310 1343 4391; baseline -0.008 -15"><span class='ocrx_word' id='word_1_355' title='bbox 161 4321 366 4391; x_wconf 80' lang='lat' dir='ltr'>exprobrentur</span> <span class='ocrx_word' id='word_1_356' title='bbox 384 4320 413 4371; x_wconf 91' lang='lat' dir='ltr'>et</span> <span class='ocrx_word' id='word_1_357' title='bbox 431 4314 564 4371; x_wconf 80' lang='lat' dir='ltr'>infamiae</span> <span class='ocrx_word' id='word_1_358' title='bbox 583 4320 650 4369; x_wconf 89' lang='lat' dir='ltr'>nota</span> <span class='ocrx_word' id='word_1_359' title='bbox 667 4318 855 4385; x_wconf 76' lang='lat' dir='ltr'>aspergantur</span> <span class='ocrx_word' id='word_1_360' title='bbox 870 4314 918 4385; x_wconf 90' lang='lat' dir='ltr'>qui</span> <span class='ocrx_word' id='word_1_361' title='bbox 938 4313 1002 4367; x_wconf 90' lang='lat' dir='ltr'>illas</span> <span class='ocrx_word' id='word_1_362' title='bbox 1015 4314 1141 4383; x_wconf 80' lang='lat' dir='ltr'>exigunt,</span> <span class='ocrx_word' id='word_1_363' title='bbox 1159 4318 1189 4369; x_wconf 90' lang='lat' dir='ltr'>et</span> <span class='ocrx_word' id='word_1_364' title='bbox 1205 4310 1243 4367; x_wconf 81' lang='lat' dir='ltr'>lae</span> <span class='ocrx_word' id='word_1_365' title='bbox 1261 4312 1343 4367; x_wconf 82' lang='lat' dir='ltr'>inve-</span> 
     </span>
     <span class='ocr_line' id='line_1_37' title="bbox 159 4414 1017 4496; baseline -0.003 -18"><span class='ocrx_word' id='word_1_366' title='bbox 159 4414 239 4483; x_wconf 84' lang='lat' dir='ltr'>niant</span> <span class='ocrx_word' id='word_1_367' title='bbox 257 4424 308 4496; x_wconf 89' lang='lat' dir='ltr'>qui</span> <span class='ocrx_word' id='word_1_368' title='bbox 327 4422 463 4491; x_wconf 84' lang='lat' dir='ltr'>eiusmodi</span> <span class='ocrx_word' id='word_1_369' title='bbox 482 4416 581 4475; x_wconf 78' lang='lat' dir='ltr'>usuras</span> <span class='ocrx_word' id='word_1_370' title='bbox 599 4424 751 4490; x_wconf 83' lang='lat' dir='ltr'>praestant,</span> <span class='ocrx_word' id='word_1_371' title='bbox 771 4418 947 4475; x_wconf 84' lang='lat' dir='ltr'>efficiendum</span> <span class='ocrx_word' id='word_1_372' title='bbox 965 4422 1017 4475; x_wconf 83' lang='lat' dir='ltr'>est.</span> 
     </span>
    </p>
   </div>
   <div class='ocr_carea' id='block_1_5' title="bbox 269 4527 1272 4600">
    <p class='ocr_par' dir='ltr' id='par_1_5' title="bbox 269 4527 1272 4600">
     <span class='ocr_line' id='line_1_38' title="bbox 269 4527 1272 4600; baseline -0.009 -12"><span class='ocrx_word' id='word_1_373' title='bbox 269 4534 332 4589; x_wconf 78' lang='lat' dir='ltr'>Sao.</span> <span class='ocrx_word' id='word_1_374' title='bbox 353 4530 431 4600; x_wconf 75' lang='lat' dir='ltr'>Lapa</span> <span class='ocrx_word' id='word_1_375' title='bbox 1254 4527 1272 4579; x_wconf 85' lang='lat'><strong>7</strong></span> 
     </span>
    </p>
   </div>
   <div class='ocr_carea' id='block_1_6' title="bbox 0 0 1681 5100">
    <p class='ocr_par' dir='ltr' id='par_1_6' title="bbox 0 0 1681 5100">
     <span class='ocr_line' id='line_1_39' title="bbox 0 0 1681 5100; baseline 0 0"><span class='ocrx_word' id='word_1_376' title='bbox 0 0 1681 5100; x_wconf 95' lang='lat' dir='ltr'> </span> 
     </span>
    </p>
   </div>
  </div>
 </body>
</html>
