3350 5100
275 372 277 377 ,
314 303 380 369 590
683 392 688 403 ἱ
759 322 966 377 asianarum
991 322 1042 368 nr.

314 450 465 509 transacto,
485 444 661 499 adstantibus
678 461 788 514 semper
806 448 836 499 et
855 445 1049 513 praesentibus
1069 444 1208 509 Matrona,
1226 444 1260 500 ed
1278 443 1491 507 obstetricibus,

312 551 408 603 statim
429 566 462 605 ne
482 546 569 605 ullum
587 551 717 619 spatium,
737 554 787 603 aut
804 556 975 616 momentum
995 552 1130 619 temporis
1148 550 1261 605 mulieri
1279 550 1370 614 detur,
1388 550 1491 619 quoad

200 648 204 655 ’
313 658 475 711 arctandum
495 674 543 711 ras
562 657 621 711 ulio
640 658 853 722 medicamento,
872 663 923 711 ant
941 657 1038 728 aliqua
1056 656 1154 712 tunde
1173 658 1214 711 uti
1233 662 1328 727 queat,
1347 657 1381 710 ad
1404 656 1491 727 ipsius

313 766 435 834 corporis
454 766 654 833 inspectionem
674 764 828 834 a'singulis
846 766 962 819 seorsim
981 764 1184 819 deveniendum
1203 765 1267 825 erit,
1279 764 1407 817 adstante
1420 780 1492 817 sem·

314 888 363 941 per
381 876 410 925 et
428 878 575 941 praesente
593 872 738 935 Metrona;
758 888 814 944 qua
832 874 862 925 in
881 890 912 927 re
931 872 1155 942 prospiciendum
1173 873 1270 939 etiam,
1283 880 1315 927 ut
1332 871 1404 927 baec
1415 886 1493 927 reco-

313 978 403 1045 gnitio
421 978 471 1034 flat
490 983 615 1047 tempore
634 982 742 1032 tanturn
762 977 862 1031 diurno
880 983 910 1031 et
927 978 957 1031 in
977 975 1107 1031 cubiculo
1126 976 1274 1041 luminoso,
1293 980 1325 1030 ut
1343 993 1379 1031 ex
1396 976 1490 1046 inspe-

312 1084 405 1139 ctione
425 1084 581 1138 huiusmodi
600 1090 695 1138 utrum
715 1084 815 1139 mulier
835 1085 915 1153 virgo
933 1085 980 1149 sit,
993 1100 1028 1136 an
1042 1082 1148 1137 violata
1161 1090 1191 1137 et
1203 1088 1344 1153 corrupta,
1357 1081 1492 1137 adhibitis

313 1192 382 1243 artis
401 1192 515 1261 regulis,
534 1194 659 1247 exactius
676 1193 908 1261 deprehendatur.

384 1298 475 1366 ludex,
496 1299 629 1354 Defensor
648 1300 819 1353 Matrimonii
839 1306 869 1355 et
887 1299 1080 1355 Canceilarius
1097 1316 1161 1353 cum
1180 1298 1292 1363 Peritis,
1311 1306 1342 1351 nt
1358 1315 1443 1367 supra
1455 1297 1491 1349 ad

311 1404 423 1457 domum
443 1406 589 1459 Matronae
608 1405 749 1461 accedent.
769 1406 889 1459 Peracta
908 1403 974 1459 hinc
1001 1405 1202 1475 recognitione,
1221 1405 1337 1459 seorsim
1361 1403 1491 1473 singulae

311 1511 483 1566 Obstetrices
501 1512 624 1567 referent
636 1512 669 1567 de
683 1512 862 1581 virginitatis,
874 1519 925 1566 aut
937 1513 1125 1582 corruptionis
1137 1512 1249 1567 iudiciis
1268 1513 1304 1565 ab
1318 1511 1491 1580 inspectione

311 1617 520 1683 resultantibus,
531 1636 566 1672 an
586 1624 664 1674 certa
682 1625 711 1673 et
729 1618 825 1691 qualia
844 1619 985 1689 supersint
997 1620 1079 1688 signa
1097 1624 1128 1673 at
1140 1624 1308 1688 argumenta
1321 1617 1491 1683 intemerati,

312 1728 362 1777 aut
373 1726 496 1795 corrupti
511 1724 628 1779 claustri
646 1724 802 1793 virginalis,
821 1728 851 1779 et
869 1742 904 1777 au
924 1724 983 1778 ulla
1002 1725 1080 1778 frans
1096 1724 1131 1778 ad
1150 1724 1344 1794 virginitatem
1357 1723 1492 1777 simulan-

311 1832 374 1886 dam
387 1832 512 1888 adhiberi
522 1834 653 1902 potuerit.
669 1832 773 1887 Deinde
791 1831 930 1902 superbis
944 1832 1034 1903 magis
1048 1834 1172 1903 praecise
1184 1833 1325 1903 deponent
1337 1833 1366 1887 in
1376 1848 1492 1902 respon-

311 1941 435 1995 sionibus
454 1940 488 1994 ad
508 1941 733 2010 interrogatoria,
752 1958 824 2012 quae
843 1941 940 1995 clausa
960 1946 991 1995 et
1015 1942 1164 2011 obsignata
1186 1941 1332 1997 exhibebit
1356 1940 1490 1995 Defensor

312 2045 466 2105 validitatis
486 2046 668 2100 Matrimonii.
689 2045 793 2101 Deinde
815 2045 926 2101 formali
947 2046 1068 2101 examini
1092 2051 1177 2101 erunt
1198 2046 1363 2101 subiiciendi
1392 2046 1491 2111 Periti,

311 2168 429 2223 quorum
448 2153 579 2206 iudicium
599 2153 654 2207 erit
673 2153 873 2223 exquirendum
899 2169 983 2222 snper
1009 2151 1106 2208 relatis
1130 2157 1160 2207 et
1177 2152 1312 2221 depositis
1335 2154 1371 2206 ab
1390 2152 1491 2207 Obste-

312 2260 435 2314 tricibns.
474 2260 596 2315 Tandem
615 2275 732 2315 examen
751 2261 846 2314 subire
865 2260 978 2314 debebit
995 2275 1105 2330 quoque
1125 2259 1256 2313 Matrona
1267 2258 1359 2330 quoad
1372 2260 1492 2328 praesti·

312 2370 368 2419 tsm
389 2370 449 2421 toto
477 2366 571 2422 balnei
596 2371 624 2421 et
650 2366 851 2435 recognitionis
875 2370 1002 2435 tempore
1027 2366 1235 2432 adsistentiam,
1253 2366 1373 2420 servatis
1396 2364 1488 2436 quoad

311 2488 426 2527 examen
445 2473 480 2526 iis
498 2472 636 2537 omnibns,
655 2488 727 2542 quae
745 2472 874 2541 superius
892 2472 968 2525 dicta
994 2476 1069 2537 sunt,
1087 2488 1213 2541 congrua
1236 2476 1330 2527 tamen
1355 2473 1489 2541 congruis

312 2580 464 2634 referendo.

381 2686 523 2746 Quatenus
543 2685 685 2740 Defensori
707 2685 880 2740 Matrimonii
900 2685 979 2741 nulla
997 2685 1054 2740 alia
1067 2687 1195 2756 probatio
1208 2685 1380 2756 exquirenda
1392 2685 1488 2739 videa-

310 2798 364 2856 tur,
384 2791 545 2861 nullamque
567 2796 647 2860 putet
665 2791 750 2845 aliam
769 2792 854 2846 ludex
873 2807 941 2860 prae
960 2809 1011 2846 sua
1028 2790 1177 2861 diligentia
1201 2791 1406 2856 assumendam,
1422 2792 1490 2846 tlnis

310 2899 467 2966 imponatur
487 2899 682 2968 probationum
701 2898 861 2953 collectioni
883 2905 913 2953 et
933 2887 1122 2968 publicabitur
1139 2914 1292 2968 processus,
1310 2898 1386 2953 edito
1404 2915 1490 2968 super

310 3003 363 3059 hoc
381 3004 494 3061 decreto
512 3023 529 3058 a
548 3005 647 3070 Indice,
666 3006 803 3076 factisque
822 3006 1076 3074 subscriptionibus
1093 3007 1129 3059 ab
1141 3022 1185 3072 eo,
1197 3023 1214 3059 a
1228 3005 1377 3061 Defensnre
1390 3006 1490 3060 Matri-

310 3111 405 3176 monii,
415 3115 444 3166 et
458 3129 475 3164 a
486 3110 669 3166 cancellario.
680 3111 756 3166 Haec
769 3111 896 3166 habenda
908 3110 1065 3166 methodus.
1079 3111 1156 3172 Quae
1168 3112 1197 3165 in
1216 3112 1288 3165 actis
1300 3112 1490 3176 continentur,

311 3219 415 3271 nemini
443 3235 494 3272 nec
513 3219 580 3288 ipsis
600 3219 710 3290 quidem
734 3219 902 3287 coniugibus
922 3235 1074 3290 eorumque
1092 3219 1290 3274 Defensoribus
1309 3223 1394 3273 arunt
1411 3235 1490 3274 com·

309 3323 475 3376 municanda
494 3327 560 3378 ante
580 3339 724 3393 processus
750 3324 978 3392 publicationem,
997 3341 1053 3378 uno
1074 3329 1192 3393 excepto
1218 3323 1368 3378 Defensore
1385 3323 1490 3378 Matri-

311 3429 411 3496 monii,
436 3431 479 3484 cui
506 3431 595 3485 libera
622 3447 732 3500 semper
757 3436 786 3484 et
811 3431 1042 3502 quandocumque
1068 3431 1122 3484 erit
1146 3436 1272 3484 actorum
1298 3431 1436 3500 inspectio
1459 3436 1489 3486 et

309 3552 435 3591 examen.

382 3625 471 3679 Locus
489 3625 588 3681 deinde
607 3626 663 3680 erit
681 3625 895 3682 defensionibus
916 3627 1048 3682 Liberum
1060 3629 1146 3681 etiam
1158 3627 1214 3683 erit
1228 3625 1368 3681 Defensori
1389 3625 1490 3679 Matri·

309 3732 395 3785 monii
416 3739 476 3802 post
496 3749 640 3802 processus
653 3732 871 3801 publicationem
886 3749 972 3788 novas
984 3735 1162 3803 probationes
1173 3733 1331 3803 exquirere,
1343 3749 1405 3786 cuni
1419 3737 1489 3802 agat

308 3839 403 3892 favore
423 3839 605 3907 Sacramenti,
625 3844 653 3894 et
673 3857 814 3910 nunquam
835 3841 900 3893 bina
918 3841 1059 3896 sententia
1080 3840 1219 3895 nullitatis
1238 3839 1387 3894 conformis
1408 3844 1488 3892 tran·

308 3953 369 3998 seat
388 3945 415 3997 in
436 3961 492 3999 rem
515 3945 675 4011 indicatam,
694 3963 727 4001 ac
746 3948 880 4001 reassumi
900 3963 1000 4001 caussa
1019 3947 1106 4016 possit
1124 3947 1208 4002 etiam
1223 3952 1287 4016 post
1299 3948 1385 4001 initas
1399 3963 1488 4003 noras

309 4051 420 4119 nuptias
445 4069 462 4106 a
490 4052 616 4120 partibus
635 4053 714 4106 iuxta
733 4053 884 4106 constitut.
903 4053 1014 4121 saepius
1032 4053 1148 4106 citatam
1165 4051 1250 4107 «Dei
1267 4053 1448 4107 miseratione
1460 4066 1487 4108 ta.

381 4155 514 4209 Omnibus
534 4155 680 4222 absolutis,
699 4161 808 4210 etcum
829 4155 869 4210 nii
889 4154 1010 4225 amplius
1027 4155 1217 4212 deducendum
1235 4155 1376 4210 censuerit
1388 4154 1489 4209 Defen-

310 4277 355 4314 sor
375 4261 558 4327 Matrimonii,
578 4263 747 4318 senteutiam
766 4264 889 4332 proferet
907 4263 1068 4332 Episcopus.

381 4366 408 4420 Si
429 4366 480 4420 hac
494 4367 666 4421 Matrimonii
680 4367 795 4422 nullitas
807 4367 920 4423 decreta
932 4369 1026 4431 fuerit,
1040 4368 1152 4422 debebit
1165 4368 1299 4423 Defensor
1311 4367 1486 4422 Matrimonii
