3350 5100
326 268 392 335 350
837 285 920 331 reas
945 284 994 331 111.

326 410 493 475 dumtaxat
503 410 770 491 praesentanea.
789 409 933 491 Namque
949 409 1086 473 clericos
1103 426 1319 491 praeservare
1337 414 1412 473 nata
1427 413 1500 471 sunt

326 556 346 599 a
367 536 583 620 pravioribus
606 537 708 621 culpis
732 536 788 601 sed
810 537 950 620 aliquam
974 537 1026 601 vel
1051 538 1212 603 leviorem
1243 536 1370 621 culpam
1393 542 1500 602 enter-

326 680 409 725 nam
420 659 466 744 (l)
478 667 739 746 praesupponunt
757 661 967 745 eamdemque
982 682 1189 747 compescere
1206 660 1386 728 intendunt.
1399 660 1500 735 Quam

326 787 366 851 ob
389 806 459 851 rem
483 786 677 852 Ordinarius
699 790 871 869 antequam
893 788 988 852 alicui
1009 789 1163 871 impingat
1187 786 1341 850 eiusmodi
1365 786 1500 870 culpam,

326 910 501 975 decadem
526 917 619 976 caute
647 913 814 995 inquirere
847 910 942 975 debet
967 932 1026 997 per
1051 912 1280 976 sammariam
1307 910 1391 993 facti
1422 928 1500 975 con·

325 1034 532 1121 qnilionem;
555 1035 610 1100 ille
630 1056 719 1104 vero.
736 1038 790 1119 qui
813 1036 854 1100 de
878 1037 972 1120 culpa
995 1036 1176 1120 postulatur
1191 1043 1224 1101 et
1239 1037 1329 1101 hisce
1354 1032 1502 1099 remediis

268 1204 272 1213 ·
326 1158 477 1231 afficitur,
494 1160 543 1225 ius
561 1160 661 1225 habet
676 1182 712 1249 se
728 1160 920 1227 defendendi
938 1163 1032 1225 etiam
1049 1182 1109 1245 per
1131 1180 1298 1227 recursum
1314 1180 1371 1225 eeu
1394 1160 1502 1245 appel·

217 1300 221 1307 ·
327 1284 478 1349 lationem
498 1285 806 1351 entraiaclicialem.
823 1284 952 1350 Exinde
969 1285 1164 1351 Ordinarius
1184 1284 1411 1368 appellatione
1433 1303 1504 1369 pro

330 1414 464 1475 visatur
485 1408 569 1494 apud
593 1409 729 1475 iudicem
746 1412 946 1493 superiorem
972 1416 1006 1474 ut
1029 1409 1144 1494 probet
1159 1430 1249 1475 suam
1271 1408 1386 1494 agendi
1410 1409 1504 1483 ratio·

328 1553 401 1597 nem
420 1534 577 1599 adversus
596 1537 804 1618 exceptiones
820 1535 1032 1600 recurrentis.
1051 1537 1094 1599 nt
1110 1533 1307 1601 Ordinarius
1322 1533 1504 1599 destituitur

328 1655 501 1723 efficaciori
525 1659 714 1743 probatione
736 1663 764 1725 si
787 1660 930 1725 obiicere
947 1680 1010 1723 non
1026 1660 1133 1725 valeat
1150 1678 1233 1743 quae
1256 1658 1313 1723 sibi
1340 1664 1415 1723 nota
1430 1662 1504 1723 sunt

328 1800 370 1845 ex
386 1782 519 1866 praevia
534 1783 748 1866 inquisitione,
765 1782 851 1848 unde
873 1784 1012 1853 evincat,
1029 1788 1062 1847 et
1076 1784 1179 1869 ipsum
1200 1782 1378 1868 prudenter
1400 1783 1505 1867 egisse

328 1906 362 1970 in
386 1905 535 1970 remediis
553 1906 753 1992 applicandis
768 1914 801 1972 et
817 1913 1041 1972 recurrentem
1066 1908 1137 1972 iure
1161 1908 1314 1989 conqueri
1333 1926 1396 1971 non
1412 1924 1505 1991 posse

330 2030 369 2094 de
392 2029 451 2093 sibi
475 2030 562 2095 facta
585 2033 713 2096 iniuria.

418 2152 494 2220 280.
518 2154 555 2217 ln
570 2154 823 2238 prolepomenis
845 2155 907 2217 iam
928 2155 1006 2217 satis
1023 2153 1257 2239 explicavimus
1274 2152 1450 2238 quotuplex
1465 2153 1506 2215 sit

329 2276 491 2358 inquisitio
508 2276 621 2341 iudicis
635 2277 857 2342 criminalibus
872 2280 978 2343 causis
994 2278 1218 2363 praeambula;
1233 2284 1266 2343 et
1282 2276 1375 2342 modo
1390 2274 1505 2341 sufficit

330 2403 477 2468 recolere
488 2404 726 2488 inquisitionem
738 2406 920 2487 specialem
932 2411 966 2470 et
980 2405 1262 2489 specialissimam
1276 2404 1504 2490 comprehendi

330 2527 363 2591 in
378 2529 571 2594 summaria
585 2528 668 2612 (acti
683 2530 873 2614 capnitione
890 2534 923 2596 et
937 2530 974 2596 in
991 2530 1085 2604 actis,
1102 2551 1185 2614 quae
1201 2529 1276 2595 inde
1292 2526 1507 2596 conficiuntur
1566 2555 1570 2566 ·

331 2658 364 2718 et
385 2660 568 2725 servantur,
582 2657 688 2738 prouti
712 2662 808 2725 caret
830 2660 892 2718 art.
910 2655 941 2718 V
965 2655 1017 2720 cil.
1036 2655 1114 2720 Inst.
1133 2689 1150 2702 -
1170 2655 1273 2720 Huius
1297 2654 1508 2738 inquisitionis

331 2777 458 2839 occasio
480 2783 536 2842 aut
558 2777 705 2841 stimulus
728 2781 777 2841 est
800 2783 857 2844 aut
879 2778 948 2861 ipsa
971 2777 1132 2860 inquisitio
1155 2777 1327 2862 petieratis
1349 2775 1389 2841 ab
1411 2773 1507 2842 Ordi-

331 2892 428 2962 nario'
443 2917 543 2982 usque
562 2899 719 2983 praestita
732 2917 838 2981 snper
853 2899 1051 2966 eorumdem
1067 2897 1289 2983 (clericorum)
1305 2898 1393 2964 vitae
1407 2896 1508 2962 ralio-

331 3040 409 3087 nem
431 3021 617 3108 pipilando,
634 3029 691 3088 aut
712 3043 835 3090 samar
857 3043 913 3089 seu
935 3023 1034 3106 fama
1050 3029 1105 3089 aut
1123 3023 1350 3090 denunciatio.
1370 3021 1508 3087 -ludex

331 3146 462 3213 conficit
483 3149 719 3231 inquisitionem
743 3151 924 3230 specialem
947 3157 980 3215 et
1002 3150 1296 3232 specialissimam,
1312 3151 1507 3234 potissimum

333 3295 392 3358 per
406 3276 557 3339 examina
571 3277 710 3345 testium,
727 3277 781 3359 qui
797 3275 950 3340 dicuntur
970 3277 1168 3359 interrogari
1188 3295 1248 3360 pro
1266 3275 1509 3356 infamatione

333 3402 460 3472 ennae,
484 3405 530 3467 uti
554 3403 696 3487 explicat
721 3402 897 3486 Pellegrini
922 3404 943 3466 l.
968 3401 1020 3466 cit.

422 3524 498 3589 281.
522 3524 688 3599 Quaenam
712 3525 836 3589 sintin
857 3525 968 3606 specie
992 3525 1073 3588 haec
1099 3525 1240 3588 remedia
1271 3523 1363 3586 modo
1387 3542 1510 3607 expcn-

334 3647 454 3713 demus.
482 3651 519 3713 ln
541 3668 665 3732 penere
694 3651 869 3714 instructio
899 3648 1049 3714 recolens
1078 3648 1221 3713 remedia
1251 3648 1400 3733 poenalia
1429 3647 1511 3712 haec

335 3771 429 3836 docet
451 3777 513 3836 art.
531 3773 573 3837 ll.
594 3773 685 3838 «aa
708 3773 760 3838 ltin
782 3773 943 3856 remediis
967 3773 1038 3838 alia
1057 3773 1288 3855 praeveniant
1310 3773 1382 3836 alia
1404 3773 1511 3853 repri-

336 3899 434 3958 mant
463 3900 494 3959 et
523 3895 690 3960 medelam
722 3897 881 3980 afferant.
907 3896 1040 3962 Parcas
1071 3897 1117 3961 ad
1145 3895 1208 3962 hoc
1237 3895 1445 3960 ordinantur
1475 3899 1511 3958 at

423 4089 461 4159 (l)
481 4089 510 4142 Si
523 4090 597 4143 enim
611 4090 694 4159 culpa
707 4091 750 4145 vel
765 4091 875 4145 occasio
888 4089 1067 4160 delinquendi
1081 4093 1123 4142 ast
1136 4091 1249 4144 omnino
1267 4099 1375 4143 secretu
1392 4089 1423 4141 fit
1437 4085 1514 4140 locus

338 4196 468 4252 remediis
486 4196 532 4251 vel
550 4197 723 4268 applicandis
744 4205 852 4254 tantum
872 4199 900 4252 in
921 4201 984 4268 foro
1003 4198 1122 4262 interno,
1141 4196 1185 4252 vel
1204 4197 1352 4251 sententiis
1371 4213 1405 4250 ex
1425 4195 1514 4264 infor·

334 4315 410 4358 muta
428 4307 629 4359 sanctonensi
642 4304 826 4377 resquamvie
839 4306 951 4358 omnino
967 4315 1085 4368 secretu,
1099 4311 1191 4360 tamen
1206 4305 1322 4360 effectus
1337 4319 1433 4374 parere
1447 4305 1513 4356 nata

337 4410 374 4462 sit
393 4410 422 4462 in
440 4411 500 4462 foro
520 4422 645 4466 anteriso.
