3350 5100
386 315 429 361 DE
453 314 592 361 molens
616 316 860 363 catntnanlnus
886 316 920 362 IN
944 316 1061 362 SPEClE
1248 298 1313 362 &7

131 436 269 503 tradunt
282 436 434 503 sufficere
446 439 671 521 semiplenam
684 437 917 521 probationem.
931 438 979 502 Ol.
995 442 1077 503 Acta
1089 442 1120 503 S.
1135 438 1225 503 Sedis
1238 438 1313 519 XV,

128 582 158 646 p.
180 561 263 627 378.
280 562 407 627 Verum
430 565 524 626 certa
547 562 663 647 regula
687 583 740 627 res
764 584 828 627 non
852 570 957 647 potest
980 560 1108 627 definiri
1136 564 1210 647 quia
1233 562 1315 628 haec

129 686 287 771 prauitas
309 694 358 751 est
380 687 535 752 relativa.
564 707 680 772 nempe
712 690 817 751 maior
847 688 898 751 rel
931 690 1036 751 minor
1067 710 1125 772 pro
1156 687 1315 753 adiunctis

129 832 242 875 rernm
269 817 303 879 et
326 830 538 896 personarum
563 812 737 897 pensandis
760 834 780 877 a
803 814 974 897 prudentia
998 814 1158 899 Episcopi.

265 936 301 1019 2)
325 937 505 1003 Praeterea
520 939 554 1002 in
575 940 749 1002 monitione
770 944 928 1020 paterna.
946 945 1055 1023 utpote
1070 945 1196 1003 secreto
1212 940 1314 1009 mani-

129 1058 258 1139 testata,
270 1060 298 1123 si
311 1057 432 1124 indicia
447 1078 512 1124 non
527 1061 592 1123 sint
606 1060 723 1145 gravia
739 1067 771 1125 et
786 1061 926 1125 animum
943 1058 1110 1144 prudentis
1126 1060 1312 1144 relinquant

130 1182 316 1266 ancipitem.
338 1181 425 1246 utilis
448 1188 498 1247 est
519 1184 652 1247 monitio
674 1201 758 1267 quae
781 1192 888 1247 tameo
914 1183 1050 1269 culpam,
1069 1184 1112 1247 uti
1137 1184 1313 1265 incertam,

131 1306 252 1390 pandat
275 1328 319 1372 ex
342 1307 513 1373 charitatis
526 1304 655 1383 affectu,
675 1328 739 1392 quo
758 1310 861 1393 magis
881 1308 1032 1374 sollicitet
1054 1308 1250 1373 admonitum
1273 1310 1314 1373 ad

131 1430 382 1515 propulsandam
405 1452 535 1497 omnem
557 1434 772 1517 suspicionem
796 1452 987 1517 omnemque
1009 1434 1125 1517 culpae
1149 1430 1263 1498 laberii.

266 1556 301 1636 3)
319 1557 357 1621 ln
372 1558 548 1621 monitione
564 1557 666 1642 tepoli
683 1559 896 1639 requiruntur
920 1558 1074 1641 graviora
1096 1558 1224 1623 indicia
1241 1559 1315 1641 quia

130 1679 201 1755 ista,
218 1677 261 1743 ob
286 1696 376 1743 suam
399 1680 548 1749 formam,
565 1681 640 1743 exui
666 1699 728 1742 non
754 1685 859 1763 potest
882 1681 1059 1743 intentione
1089 1678 1219 1744 remedii
1245 1700 1313 1763 poe·

132 1803 222 1867 nelis.
242 1805 368 1869 Verum
392 1806 420 1869 si
444 1824 486 1869 ox
508 1804 701 1869 macenaria
712 1804 803 1885 ,facti
819 1804 1008 1889 repetitione
1025 1823 1089 1867 non
1110 1804 1215 1886 pleno
1239 1824 1313 1887 pro-

132 1925 217 1993 balio
242 1937 361 1993 exorta
376 1931 418 1994 sit
431 1928 488 1993 sod
505 1930 613 2012 aliqua
628 1928 775 2014 probatio
790 1949 873 2012 quae
888 1930 1081 2013 Episcopum
1103 1929 1315 1993 vehementer

133 2064 291 2134 provocat
312 2053 353 2116 ad
376 2052 482 2117 media
500 2054 664 2135 poenalia
683 2052 876 2133 adhibenda,
893 2054 1089 2137 potissimum
1110 2072 1311 2136 praeserva-

132 2176 210 2252 tiva,
227 2196 274 2243 ex
288 2177 338 2243 his
355 2178 461 2243 leuius
485 2179 628 2264 applicat
652 2177 827 2243 remedium
845 2180 877 2242 in
894 2179 1079 2244 monitione
1103 2179 1213 2263 leporii,
1231 2197 1313 2261 quae

132 2300 205 2366 dum
229 2304 368 2388 corripit
391 2304 476 2367 viam
501 2303 611 2388 pandit
634 2305 788 2369 intimiori
814 2305 959 2367 veritatis
983 2304 1231 2387 investigationi.

269 2427 303 2512 4)
328 2429 478 2493 Ceterum
506 2435 672 2493 secretum
699 2427 871 2509 aliquando
900 2428 1049 2511 religiose
1077 2424 1313 2491 observandum

135 2553 165 2616 in
192 2554 257 2620 hac
285 2556 477 2620 monitione.
504 2556 660 2638 prospicit
690 2561 757 2618 tum
789 2554 895 2618 famae
922 2553 1038 2618 subditi
1067 2555 1091 2618 si
1122 2555 1245 2618 crimen
1273 2555 1311 2616 sit

133 2680 265 2743 omnino
288 2681 457 2745 occultum
479 2684 546 2744 tom
571 2678 720 2762 prudenti
747 2679 895 2763 Episcopi
921 2678 1144 2744 deliberationi
1169 2681 1194 2742 si
1219 2679 1314 2763 culpa

135 2799 246 2867 forsan
272 2823 336 2867 non
360 2801 510 2868 videatur
533 2805 611 2867 satis
634 2802 780 2887 probata.

267 2931 301 3013 5)
326 2929 436 3002 Quare
458 2930 485 2993 si
508 2927 548 2992 ab
573 2929 664 2992 initio
688 2928 901 3010 inquisitionis
927 2927 977 2991 vel
1002 2947 1045 2991 ex
1071 2927 1313 2991 denuntiatione

136 3061 306 3139 erumpant
329 3073 388 3116 eae
411 3050 617 3136 probationes
639 3071 721 3134 quae
745 3050 954 3134 expostulare
985 3049 1134 3114 videntur
1157 3051 1312 3116 monitio·

136 3195 209 3241 aem
233 3176 397 3262 lepalem,
422 3175 634 3259 praetermitti
663 3179 769 3258 potest
791 3181 958 3256 poteram.
983 3175 1245 3256 quotiescumque
1272 3194 1312 3238 ex

137 3298 195 3364 hac
217 3301 328 3366 nullus
350 3304 502 3382 speretur
525 3295 669 3363 effectus.

267 3422 302 3506 6)
328 3424 364 3485 in
389 3427 464 3486 actu
488 3421 714 3485 admonitionis
738 3419 773 3484 tlt
796 3419 958 3484 admonito
983 3421 1074 3504 copia
1101 3419 1313 3493 defensionis;

138 3550 284 3628 quoniam
307 3548 338 3610 ei
362 3548 524 3631 integrum
548 3554 598 3610 est
620 3545 748 3616 docere.
766 3545 851 3609 haud
876 3565 957 3611 vera
979 3565 1050 3608 esse
1074 3564 1155 3627 quae
1179 3546 1236 3628 ipsi
1261 3546 1311 3642 tri-

137 3667 295 3752 boantum
318 3691 466 3736 necnon
491 3671 594 3736 eidem
618 3670 750 3735 corucedi
777 3672 862 3735 valet
884 3671 1101 3735 necessarium
1126 3676 1251 3753 tempus
1273 3667 1314 3732 ad

139 3796 311 3875 parandam
324 3795 555 3872 defensionem.
572 3797 715 3878 Namque
726 3795 801 3860 dum
815 3793 850 3858 fit
861 3794 1052 3860 summaria
1067 3793 1151 3876 farti
1168 3793 1314 3878 roqaitio

139 3923 277 3988 examini
304 3921 463 3987 subicitur
484 3921 667 4006 iaqumitus
691 3921 762 4000 (nisi
791 3921 984 4004 gravissima
1012 3917 1116 3982 obstet
1149 3919 1229 3982 ratio
1259 3924 1315 3982 aut

140 4044 248 4112 inutile
271 4048 313 4112 sit
341 4065 478 4110 examen
502 4044 542 4108 ob
564 4043 758 4108 evidentiam
790 4041 935 4126 cnlpae);
966 4043 997 4104 in
1030 4041 1179 4106 examine
1207 4048 1311 4105 autem

140 4165 173 4233 fit
193 4171 341 4254 aliqualis
364 4171 578 4234 accusationis
600 4169 801 4237 contestatio,
823 4186 906 4250 quae
929 4169 1007 4230 satis
1031 4165 1141 4252 pandit
1165 4167 1314 4249 inquisito

142 4291 262 4377 culpam
283 4311 367 4375 quae
382 4292 411 4354 ei
429 4291 617 4375 impingitur
639 4308 785 4373 quaeque
808 4287 925 4352 deinde
948 4289 980 4352 in
1005 4288 1189 4353 monitione
1213 4305 1314 4353 coao-

142 4415 214 4481 m'ca
236 4418 372 4481 sortitur
395 4416 563 4500 poenalem
592 4414 913 4480 animadversionem.
940 4413 1083 4496 Denique
1114 4414 1140 4476 si
1172 4412 1315 4477 subditus
