3350 5100
423 288 466 333 nn
492 286 631 334 uomens
655 286 899 335 onruruemans
924 288 958 333 ru
983 284 1100 333 sescus
1287 266 1353 331 473

170 409 297 476 iudiciis
313 408 500 475 scandalum
519 411 694 494 provenire
713 411 746 473 in
770 410 931 495 populum.
948 408 1011 475 Sed
1033 408 1116 474 haec
1131 409 1214 473 ratio
1234 408 1353 473 nullius

169 540 220 599 est
243 532 405 619 ponderis,
423 536 540 619 quippe
556 531 702 599 fidelibus
725 534 779 599 ius
795 534 923 598 estimo
942 553 1030 601 ocus
1048 531 1222 599 accusandi
1244 534 1354 598 mutri-

169 660 324 733 monium‚
340 661 447 744 aliquo
463 676 507 724 ex
521 658 759 744 impedimento,
773 658 921 724 nullitate
940 657 1103 723 laborans.
1117 692 1135 707 ·
1148 654 1353 723 Probabiiior

169 786 282 851 forsan
300 787 383 849 ratio
406 784 550 849 scandali
565 783 705 865 videtur,
722 784 748 849 si
764 791 881 869 agatur
903 782 944 848 de
965 782 1166 868 imploranda
1189 781 1353 866 dispensa·

168 912 259 977 tione
274 928 295 975 a
310 915 407 975 metr.
420 914 491 975 rato
503 917 536 975 et
551 928 617 974 non
629 914 861 990 consummato,
873 911 948 993 quie
960 911 1083 975 oratori
1094 908 1219 974 nullum
1230 908 1354 975 adsistit

169 1034 235 1109 ius;
260 1040 294 1098 et
317 1032 380 1097 bac
404 1031 444 1097 de
468 1050 575 1105 causa,
597 1033 747 1118 Episcopi
767 1033 970 1117 frequentius
989 1031 1281 1128 oontmdicuntliis.
1299 1033 1352 1115 qui

170 1160 258 1224 hanc
274 1157 547 1243 dispensationem
567 1162 734 1242 expetunt.
753 1192 771 1207 -
789 1156 913 1221 Verum
937 1164 1016 1222 tunc
1030 1176 1085 1221 res
1108 1156 1226 1242 pendet
1241 1176 1261 1221 a
1275 1176 1351 1240 pru-

171 1282 282 1347 dentie
298 1282 435 1346 Romani
454 1278 630 1363 Pontificio,
647 1281 701 1363 qui
721 1300 777 1345 sua
793 1285 950 1365 potestate
965 1281 1067 1345 utitur
1087 1282 1123 1345 in
1145 1279 1352 1364 aedificatio·
1378 1252 1387 1271 ’

169 1426 259 1487 mem
285 1425 349 1471 non
370 1406 404 1471 in
420 1404 692 1472 destructionem.
711 1405 753 1469 ut
768 1405 863 1469 hodie
887 1407 920 1470 in
943 1406 1024 1470 locis
1039 1404 1092 1470 ubi
1108 1406 1197 1490 viget
1211 1404 1353 1470 infausta

170 1534 226 1598 lex
242 1531 382 1612 divortii,
399 1529 595 1615 dispensatio
618 1548 639 1594 a
658 1528 752 1595 rnat'r.
771 1534 843 1594 rato
859 1535 893 1595 et
907 1548 971 1595 non
987 1536 1209 1595 consummato
1225 1531 1353 1615 saepius

171 1656 312 1723 consulit
334 1674 532 1741 magnopere
547 1654 631 1720 bono
648 1656 840 1720 animarum.
857 1653 984 1719 Fideles
1003 1660 1111 1721 autem
1126 1653 1262 1720 docendi
1279 1661 1353 1721 sunt

171 1780 211 1846 de
227 1779 291 1847 hac
306 1783 475 1865 potestate.
492 1798 555 1864 que
571 1778 863 1864 providentissime.
874 1779 975 1864 pollet
998 1779 1164 1844 Romanus
1186 1778 1351 1844 Pontifex.

363 2030 385 2112 ἓ
408 2030 441 2094 2.
466 2028 515 2095 De
537 2028 716 2112 defensore
738 2029 951 2095 matrimonii
973 2048 1017 2094 ex
1040 2026 1155 2095 officio.

172 2239 389 2297 summarium.
409 2267 444 2283 -
463 2240 524 2295 439.
543 2240 662 2302 Quinam
685 2256 771 2309 egere
795 2239 891 2295 valeat
914 2257 1015 2293 munus
1039 2240 1192 2295 defensoris
1213 2247 1294 2294 matr.
1318 2258 1354 2295 ex

261 2345 359 2416 officio.
373 2374 407 2387 -
427 2345 487 2399 440.
508 2344 570 2399 Non
590 2344 747 2399 necessario
765 2345 978 2400 constituendus
996 2349 1040 2400 est
1058 2361 1121 2399 cum
1139 2344 1235 2399 stabili
1254 2344 1352 2399 officio.

262 2450 294 2504 ui
316 2447 424 2506 utiliter
442 2450 592 2520 deputatur
609 2452 759 2505 adiunctus
777 2467 826 2505 seu
846 2452 1017 2506 substitutus.
1036 2479 1070 2493 -
1088 2450 1149 2505 441.
1170 2450 1201 2506 In
1218 2466 1352 2521 quecum-

260 2575 314 2631 que
332 2559 468 2614 instantia
487 2559 547 2613 eius
572 2574 656 2628 opera
681 2559 841 2614 necessaria
859 2564 911 2613 est.
930 2585 964 2600 —
983 2558 1044 2611 442.
1062 2557 1207 2620 Quomodo
1229 2556 1352 2626 suppleri

172 2717 177 2724 .
260 2667 348 2738 possit
365 2667 426 2721 eius
444 2665 575 2736 legitime
592 2667 729 2721 absentia.
742 2691 778 2707 -
796 2664 858 2718 tea
878 2665 1022 2726 Quodnam
1040 2665 1078 2719 sit
1096 2665 1156 2720 eius
1174 2665 1303 2719 officium.
1317 2693 1352 2708 —

261 2772 322 2825 444.
331 2769 484 2839 Praecipue
495 2770 585 2842 quoad
595 2787 695 2824 munus
704 2768 923 2840 appeliationem
934 2769 1137 2839 interponendi.
1145 2797 1179 2810 —
1190 2770 1251 2823 445.
1260 2769 1353 2824 Poena

259 2877 400 2930 nullitetis
418 2882 544 2932 aetorum
563 2877 717 2932 constituta
736 2881 779 2931 est
798 2877 821 2930 si
841 2883 905 2931 aeta
923 2877 1099 2931 instruentur
1116 2893 1173 2932 non
1192 2877 1246 2932 rite
1264 2877 1352 2930 citato

259 2985 403 3039 defensore
428 2989 510 3038 metr.
529 3013 565 3026 -
583 2985 644 3037 446.
667 2987 710 3038 An
735 2983 867 3039 Defensor
892 2989 974 3038 metr.
998 2984 1186 3038 iuramentum
1210 2989 1352 3054 praestare

260 3088 363 3143 debeat
381 3089 432 3142 sub
451 3089 533 3142 initio
552 3103 707 3157 processus.
728 3117 761 3129 -
781 3089 842 3140 447.
861 3087 901 3142 De
920 3088 981 3142 eius
1000 3088 1135 3144 mercede.
1150 3116 1184 3130 -
1203 3089 1265 3142 448.
1284 3088 1352 3150 eui·

260 3196 378 3249 busnem
397 3195 427 3249 in
450 3195 540 3249 causis
565 3194 700 3250 Defensor
725 3199 806 3248 matr.
832 3195 945 3249 intersit
969 3198 1089 3265 oportet.
1109 3223 1143 3237 -
1162 3195 1223 3249 449.
1249 3195 1352 3250 Utrum

260 3307 327 3372 aget
347 3305 440 3372 partes
459 3303 563 3356 sotoris
580 3305 631 3356 aut
650 3303 690 3356 rei
710 3307 739 3357 et
758 3304 905 3374 quomodo.

262 3519 336 3584 439.
362 3518 556 3584 Benedictus
573 3519 656 3584 XIV
672 3520 705 3583 iu
723 3519 830 3584 Consi.
856 3543 874 3581 ‹
891 3519 953 3586 Dei
975 3521 1193 3586 miseratione
1208 3543 1241 3601 »,
1256 3521 1351 3585 huius

171 3641 318 3709 officialis
341 3643 510 3727 qualitates
537 3643 726 3728 personales
749 3644 795 3708 ita
818 3643 1012 3710 determinat
1033 3645 1053 3726 5
1071 3645 1115 3711 5.·
1141 3645 1226 3710 «Ab
1249 3647 1350 3710 omni·

171 3769 229 3834 bus
253 3773 285 3833 et
308 3769 443 3853 singulis
473 3769 622 3834 locorum
655 3769 840 3835 Ordinariis
863 3771 896 3833 in
919 3771 985 3835 suis
1012 3771 1198 3855 respective
1224 3769 1352 3835 dioece-

170 3893 258 3959 sibus
281 3913 421 3979 persona
436 3895 546 3976 aliqua
568 3894 684 3958 idonea
699 3882 840 3979 eligetur
854 3900 897 3969 et,
913 3895 943 3960 si
957 3895 1034 3980 fieri
1049 3899 1169 3978 potest,
1186 3915 1229 3960 ex
1244 3895 1350 3960 eoele-

170 3989 299 4084 siastico
323 4027 427 4091 coetu,
444 4020 524 4084 iuris
548 4019 683 4084 scientia
707 4020 831 4104 pariter
849 4025 883 4085 et
901 4021 988 4084 vitae
1011 4020 1171 4104 probitate
1194 4019 1350 4105 praedite,
1404 4039 1407 4046 ·

170 4162 253 4226 quae
276 4145 472 4209 matrimonii
500 4143 653 4209 defensor
684 4143 951 4209 nominabitur».
977 4144 1056 4209 Inde
1080 4149 1175 4210 cavet
1198 4145 1352 4209 Pontifex

171 4265 234 4331 boc
257 4265 396 4331 officium
421 4265 604 4332 habendum
629 4287 700 4332 esse
723 4268 903 4336 amoeibite
925 4270 973 4334 ad
994 4274 1128 4334 mutum.
1150 4305 1168 4317 -
1193 4269 1353 4333 Defensor

171 4393 277 4468 matr,
293 4387 323 4452 si
345 4388 421 4472 {iem
439 4391 560 4472 potest,
576 4388 743 4474 eligendus
760 4394 809 4455 est
824 4403 868 4456 ex
882 4400 977 4456 coetu
993 4391 1110 4457 eccles.
1127 4390 1184 4456 sed
1200 4388 1353 4456 deiicien-
