3350 5100
338 224 382 290 50
868 243 951 290 rins
974 243 997 290 1.

338 389 403 432 non
427 373 593 453 patratur,
618 367 724 453 prouti
756 367 1000 452 explicavimus.
1029 402 1045 416 -
1072 368 1164 442 Quod
1188 389 1268 434 vero
1299 372 1370 453 quis
1402 373 1519 457 accipit

339 475 524 575 temporale
548 493 637 576 quasi
657 491 809 574 pretium
831 492 881 555 rei
903 492 1095 574 spiritualis
1117 500 1280 578 acceptae,
1306 495 1405 559 veluti
1429 495 1519 560 abso-

296 631 299 642 '
337 618 467 684 lotionis
490 617 747 697 sacramentalis,
765 616 1022 701 dispensationis,
1039 617 1102 682 hoc
1125 619 1264 704 pretium
1281 639 1346 684 non
1363 627 1413 686 est
1428 623 1518 686 resti«

337 742 489 806 tuendum
516 761 563 808 ecc
584 741 722 812 iustitio,
747 761 802 805 seu
828 749 904 804 ante
927 743 1118 807 sententiam
1148 741 1261 808 iudicis
1288 743 1515 810 condemnato-

337 869 428 942 riam,
446 869 521 952 quia
544 873 594 932 est
608 867 728 952 aliquid
745 867 784 932 ob
808 887 939 932 causam
955 868 1113 952 quamvis
1128 875 1263 951 turpem
1284 869 1403 948 datum,
1421 889 1517 935 causa

337 1001 458 1060 secuta.
487 994 558 1058 Non
582 1012 676 1058 secus
700 993 846 1064 sicarius,
871 994 1030 1057 meretrix
1053 995 1198 1058 retinere
1223 1003 1355 1079 possunt
1378 997 1515 1080 pretium

336 1121 384 1184 sui
401 1119 565 1193 facinoris
582 1124 695 1184 secuta
709 1117 866 1182 facinoris
880 1118 1162 1182 consummatione.
1182 1119 1263 1183 Nam
1286 1119 1312 1184 si
1337 1121 1407 1202 quis
1429 1121 1515 1184 acci-

336 1246 402 1328 piat
424 1247 562 1330 pretium
586 1245 795 1310 simoniacum
820 1248 853 1308 et
876 1250 987 1326 postea
1009 1263 1074 1307 non
1103 1249 1246 1328 praestat
1271 1264 1338 1310 rem
1370 1247 1515 1311 simonia·

336 1389 416 1442 cam,
442 1377 478 1434 ut
500 1389 577 1434 ecce
601 1369 870 1453 dispensationem
891 1368 1170 1439 matrimonialem,
1187 1371 1326 1455 pretium
1343 1372 1515 1437 restituere

335 1491 439 1563 debet,
458 1491 612 1576 siquidem
629 1489 737 1556 datum
754 1488 793 1554 ob
810 1509 950 1570 causam,
964 1510 1062 1555 causa
1077 1510 1141 1556 non
1157 1497 1278 1556 secuta.
1292 1492 1384 1558 Haec
1399 1494 1514 1578 probat

335 1617 493 1681 Sohmalz.
516 1617 546 1680 b.
564 1621 585 1680 t.
603 1635 637 1680 a.
653 1615 737 1688 283,
763 1615 902 1700 Pirhing
925 1615 956 1679 b.
975 1623 995 1680 t.
1019 1635 1054 1680 a.
1071 1616 1130 1681 181
1145 1635 1225 1701 req„
1251 1614 1417 1683 Reiffenst.
1444 1620 1473 1682 b.
1492 1627 1512 1684 t.

333 1759 366 1805 a.
391 1739 465 1806 286
483 1758 550 1824 seq.
577 1739 724 1804 Haecin
748 1756 888 1823 genere;
912 1740 946 1802 in
970 1739 1078 1822 specie
1101 1739 1183 1803 haec
1206 1746 1398 1806 teneantur:

471 1865 502 1950 1)
527 1866 632 1929 Porro
648 1863 752 1948 quoad
769 1884 822 1929 res
838 1882 920 1949 pure
942 1864 1126 1949 spirituales
1142 1883 1199 1929 seu
1214 1885 1279 1928 non
1296 1864 1449 1949 adnexas,
1467 1870 1512 1932 uti

333 1990 482 2062 diximus,
496 1988 735 2075 temporalibus,
752 1990 856 2072 qualis
873 1995 922 2053 est
937 1994 1077 2072 potestas
1094 1990 1268 2075 spiritualis
1284 1991 1512 2058 iurisdictionis

332 2119 388 2178 aut
410 2115 576 2178 concessio
600 2112 754 2178 eiusmodi
778 2115 953 2197 potestatis,
971 2113 1124 2178 videlicet
1146 2114 1343 2195 absolvendi,
1368 2137 1510 2182 commu-

332 2238 418 2303 tandi
443 2243 533 2324 vota,
559 2237 718 2324 largiendi
742 2236 974 2322 indulgentias,
1000 2236 1215 2322 dispensandi,
1239 2239 1273 2301 in
1297 2239 1347 2304 his
1371 2243 1508 2325 pretium

331 2369 499 2447 acceptum
524 2368 573 2428 est
595 2363 813 2430 simoniacum,
831 2363 906 2444 quia
929 2361 1018 2426 nulla
1041 2367 1091 2428 est
1113 2365 1310 2446 comparatio
1334 2365 1419 2429 inter
1439 2366 1509 2448 spi-

330 2486 454 2552 ru'tuole
478 2489 510 2550 et
529 2483 734 2567 temporale‚·
757 2483 819 2546 nisi
842 2482 927 2546 forte
950 2483 984 2547 in
1007 2481 1103 2547 dante
1119 2482 1172 2546 vel
1195 2484 1374 2568 accipiente
1393 2484 1507 2558 adsint,

330 2613 520 2696 respective,
546 2610 695 2677 damnum
723 2631 765 2675 ex
792 2630 866 2682 una,
894 2610 1021 2676 lucrum
1045 2629 1088 2674 ex
1111 2610 1175 2674 alia
1202 2617 1294 2695 parte
1319 2631 1506 2697 emergens;

330 2742 442 2822 utputa
464 2738 591 2802 ratione
609 2736 818 2803 lacertorum
841 2735 1016 2801 redituum
1036 2755 1116 2818 quos
1136 2736 1333 2803 cousuetudo
1357 2738 1418 2803 loci
1442 2738 1509 2803 fert

329 2884 387 2950 pro
413 2884 470 2927 usu
494 2860 658 2927 cuiusdam
683 2861 848 2945 potestatis
871 2862 930 2925 etsi
952 2860 1153 2945 spiritualis,
1174 2861 1274 2926 veluti
1297 2882 1357 2947 pro
1380 2863 1506 2947 dispen-

327 2984 504 3050 sationibus
527 2982 821 3047 matrimonialibus.
853 3017 870 3030 -
903 2982 1049 3047 Pretium
1073 2989 1180 3048 autem
1204 2984 1388 3051 amoniaca
1410 3004 1506 3050 acce-

328 3114 425 3194 ptum,
451 3114 562 3173 secuta
585 3108 634 3171 rei
658 3107 833 3191 spiritualis
857 3106 996 3188 datione,
1021 3109 1190 3180 retinetur,
1220 3109 1282 3172 nisi
1304 3108 1403 3174 iudex
1427 3128 1504 3174 con·

329 3233 458 3297 demuet
481 3231 521 3295 ad
545 3231 792 3302 restitutionem,
817 3232 862 3295 uti
887 3251 995 3316 supra.

460 3356 493 3441 2)
518 3356 629 3429 Quoad
655 3376 708 3420 res
731 3356 926 3440 temporales
949 3355 1093 3421 adnexas
1117 3355 1345 3441 spiritualibus,
1367 3356 1505 3423 vidimus

326 3480 453 3565 quando
477 3482 696 3545 committatur
715 3482 860 3545 simonia.
878 3479 990 3553 Quoad
1013 3479 1158 3545 adnexas
1174 3481 1439 3547 concomitanter
1455 3488 1504 3546 est

326 3607 487 3691 prohibita
510 3608 613 3671 omnis
639 3606 782 3691 receptio
805 3607 962 3689 pecuniae
985 3606 1019 3669 in
1032 3611 1206 3670 sacrorum
1229 3605 1378 3670 oudinum
1403 3606 1504 3671 colla·

325 3730 422 3809 tione,
439 3750 498 3815 pro
521 3728 633 3793 labore
657 3746 781 3812 quoque
804 3728 1015 3811 eootrtase005
1030 3747 1101 3814 arg.
1118 3750 1144 3793 c.
1162 3749 1190 3793 c.
1207 3729 1226 3791 1
1241 3734 1271 3793 et
1295 3727 1352 3800 39,
1370 3728 1403 3793 b.
1422 3734 1442 3792 t.
1461 3730 1502 3802 X,

324 3858 358 3918 in
382 3874 444 3938 quo
467 3859 631 3939 postremo
655 3854 759 3937 capite
786 3854 870 3918 haec
892 3853 980 3918 iubet
1007 3855 1214 3919 Innocentius
1238 3854 1303 3920 Ill:
1331 3875 1349 3915 s
1375 3853 1416 3919 Ut
1434 3873 1502 3937 pro

324 3977 376 4043 lu's
400 3974 588 4063 (ordinibus)
611 3978 681 4043 sive
704 3968 919 4059 conferendis
941 3977 1011 4041 sive
1039 3976 1168 4043 collatis
1191 3976 1502 4062 (consecrationibus

323 4099 565 4185 Episcoporum,
582 4097 857 4165 benedictionibus
880 4098 1042 4179 abbatum,
1059 4104 1092 4163 et
1107 4098 1274 4189 ordinibus
1289 4098 1502 4182 clericorum)

323 4242 417 4287 nemo
433 4222 552 4306 aliquid
567 4242 766 4308 quocumque
781 4228 956 4309 praetextu
971 4224 1105 4309 exigere
1121 4229 1177 4287 aut
1192 4229 1390 4308 extorquere
1405 4242 1500 4309 prae·

323 4353 443 4421 sumat;
467 4347 609 4432 alioquin
632 4354 664 4413 et
687 4348 740 4431 qui
764 4349 925 4432 receperit
948 4349 1056 4431 etqui
1080 4347 1205 4413 dederit
1228 4348 1407 4414 huiusmodi
1423 4368 1501 4433 pre·
