3350 5100
353 316 417 382 186
864 337 948 385 enas
980 337 1016 384 11.

349 461 520 525 clationem
543 461 749 536 iudicialem,
774 461 828 544 (ci.
851 481 950 546 supra
971 481 1005 525 n.
1023 461 1096 545 110)
1112 467 1222 526 161666
1246 462 1315 545 ipse
1337 480 1403 524 non
1426 462 1533 544 ingre·

349 583 437 648 ditur
458 583 611 649 iudicium
634 585 803 650 criminale
827 587 916 668 quasi
942 590 1055 668 actor;
1078 584 1335 668 quandoquidem
1358 605 1419 669 per
1442 603 1534 650 suam

349 710 629 775 denunciationem
653 711 784 789 excitat,
801 710 955 776 sollicitat
971 711 1185 775 ministerium
1202 711 1316 775 iudicis
1336 730 1392 774 seu
1415 729 1533 796 procu-

350 835 469 898 ratoris
493 830 629 904 fiscalis,
657 837 754 916 atque
780 834 963 918 suppeditat
990 835 1214 919 probationum
1237 841 1408 906 momenta,
1433 833 1535 898 seda
1644 853 1645 862 ³

348 957 466 1022 iudicio
496 957 708 1022 instaurando
730 961 765 1022 et
791 940 1016 1041 prosequendo
1040 959 1108 1043 ipse
1131 979 1166 1023 se
1194 957 1352 1029 abstinet,
1380 977 1437 1022 seu
1468 976 1534 1022 non

348 1082 483 1146 assumit
503 1101 585 1147 onus
609 1080 777 1166 probandi.
806 1081 949 1148 Proinde
978 1083 1064 1145 inter
1089 1083 1328 1147 accusationem
1353 1087 1386 1147 et
1408 1079 1534 1146 denun-

348 1206 518 1270 ciationem
546 1224 586 1269 ea
612 1205 749 1269 interest
778 1206 974 1271 necessaria
996 1201 1197 1287 differentia,
1225 1206 1343 1290 quippe
1368 1204 1534 1270 accusatio

348 1334 397 1394 est
428 1334 519 1394 actus
545 1329 730 1401 iudicialis,
759 1329 964 1395 denunciatio
1000 1329 1281 1396 eumuiudieiclis.
1318 1328 1533 1394 Denunciatio

348 1451 484 1537 proinde
508 1451 636 1517 definiri
659 1458 782 1538 potest:
811 1453 967 1518 Alie-uiua
990 1454 1145 1520 6111111616
1167 1453 1396 1536 manifestatio
1421 1453 1534 1534 Supe-

347 1576 557 1658 1161116616,
582 1576 629 1641 ad
647 1575 825 1658 publicam
849 1555 1004 1642 crimina
1034 1596 1216 1643 censuram
1244 1583 1303 1643 out
1325 1577 1533 1656 uindictam,

347 1721 418 1767 uon
440 1707 617 1783 assumpto
637 1701 813 1784 probandi
835 1721 948 1768 onere.

440 1825 513 1889 132.
539 1825 634 1889 Hanc
656 1825 916 1890 denunciationis
939 1826 1079 1911 speciem
1097 1828 1284 1891 canonistae
1306 1824 1534 1890 166611111ιά1-

348 1950 486 2030 6161611,
510 1955 627 2035 nempe
650 1971 693 2015 ex
716 1971 774 2015 suo
804 1970 920 2035 scopo.
946 1952 1062 2036 quippe
1095 1950 1176 2016 haec
1207 1951 1311 2018 tendit
1332 1952 1371 2016 ad
1400 1969 1533 2035 promo·

346 2072 485 2137 nendum
501 2073 653 2137 iudicium
673 2075 897 2156 inquisitionis,
915 2093 961 2140 eu
984 2073 1094 2158 officio
1110 2094 1130 2138 a
1145 2073 1251 2139 iudice
1273 2071 1532 2140 instaurandum.
1644 2107 1645 2158 3

349 2197 415 2259 lsta
437 2195 644 2260 denunciatio
670 2217 736 2260 non
760 2201 811 2261 est
833 2196 1062 2262 confundenda
1085 2217 1163 2262 oum
1176 2197 1383 2283 evacuation,
1402 2195 1443 2260 de
1466 2213 1535 2278 qua

345 2320 523 2405 loquuntur
535 2321 733 2402 Decretales,
746 2341 841 2404 quam
860 2323 1047 2388 necessario
1063 2322 1262 2408 praecedere
1278 2322 1372 2387 debet
1387 2319 1532 2386 monitio

347 2443 552 2510 charitativa
574 2443 615 2509 ad
638 2464 786 2509 normam
809 2449 920 2510 textus
944 2446 1100 2510 Matthaei
1125 2444 1179 2528 (61.
1204 2465 1303 2530 supra
1323 2464 1357 2508 a.
1374 2441 1449 2526 110)
1472 2441 1533 2507 sad

347 2568 484 2633 dicenda
518 2573 567 2634 est
601 2569 652 2633 vel
693 2570 851 2653 querela,
887 2570 939 2633 vel
980 2570 1104 2635 delatio
1139 2570 1284 2633 criminis
1322 2587 1381 2653 pro
1416 2570 1535 2632 notitia

346 2694 458 2758 curiae
490 2692 607 2756 eccles.
632 2698 668 2756 ut
690 2694 773 2759 haec
800 2694 956 2778 procedat
983 2694 1190 2759 iudicialiter
1212 2693 1253 2757 ad
1280 2693 1532 2777 applicationem

345 2818 744 2908 mediorumupoenalium.

435 2943 589 3016 Quaestio
609 2944 766 3025 practica
782 2950 840 3013 est,
860 2963 902 3008 an
925 2943 1132 3008 denunciatio
1148 2943 1320 3009 iudicialis
1333 2940 1404 3006 fieri
1429 2942 1533 3026 possit

345 3068 465 3150 absque
481 3067 613 3134 actione
636 3070 798 3136 iudiciali.
824 3070 866 3135 Et
880 3070 1035 3154 distingui
1058 3069 1152 3136 debet
1167 3069 1306 3154 simplex
1322 3068 1531 3133 denunciatio

345 3213 403 3258 seu
426 3193 551 3260 delatio
576 3196 723 3259 criminis
738 3215 758 3259 a
773 3196 924 3279 querela.
950 3230 968 3243 ·
994 3195 1118 3261 Delatio
1142 3193 1213 3260 fieri
1238 3199 1342 3279 potest
1365 3194 1442 3277 quin
1460 3193 1532 3258 ulla
1644 3202 1645 3284 ᾗ

344 3314 428 3379 adsit
458 3316 562 3389 actio;
597 3317 643 3380 ita
676 3315 778 3380 laicus
812 3316 1003 3381 denunciari
1038 3317 1126 3381 valet
1156 3316 1195 3381 de
1228 3335 1430 3400 quocumque
1462 3317 1530 3380 cri-

344 3441 431 3504 mine
453 3439 539 3524 apud
563 3439 699 3503 iudicem
724 3441 840 3505 eccles.
858 3442 955 3506 etiam
970 3460 1010 3506 aa
1026 3444 1206 3508 intentione
1229 3448 1264 3506 ut
1287 3443 1384 3508 iudex
1407 3443 1527 3508 eccles.

343 3564 396 3628 vel
420 3565 490 3649 ipse
512 3569 589 3649 agat
612 3564 662 3628 vel
687 3583 757 3628 rem
781 3564 910 3630 deferat
932 3565 973 3630 ad
998 3566 1135 3631 iudicem
1159 3566 1318 3631 laicalem.
1352 3568 1398 3631 Eo
1423 3568 1530 3650 magis

344 3694 449 3774 potest
479 3686 551 3752 fleri
576 3689 732 3753 eiusmodi
755 3688 976 3761 denunciatio.
1002 3691 1128 3774 quando
1152 3690 1260 3762 deest,
1286 3710 1328 3755 ex
1351 3696 1529 3777 praecepto
1644 3667 1645 3745 1

343 3814 423 3883 iuris
447 3814 583 3898 positivi,
606 3815 705 3888 actio;
729 3815 776 3878 ita
798 3816 870 3879 iure
894 3834 975 3879 rom.
992 3836 1107 3880 seruus
1131 3836 1195 3880 non
1219 3822 1348 3901 poterat
1370 3835 1530 3881 accusare

343 3936 516 4017 dominum,
532 3936 589 4001 sed
608 3943 736 4022 poterat
751 3938 959 4003 denunciare.
979 3974 996 3987 -
1014 3939 1062 4006 cf.
1082 3940 1270 4025 Pellegrini,
1288 3941 1399 4005 Praoe.
1416 3940 1527 4012 crim,

343 4059 427 4127 8661.
449 4062 475 4142 1,
500 4061 604 4126 1112.
631 4098 648 4110 -
676 4063 831 4143 Querela,
856 4065 963 4149 prouti
988 4064 1197 4149 distinguitur
1216 4085 1235 4128 a
1251 4064 1527 4131 &mundatione

343 4192 500 4250 econtra
523 4184 594 4250 lieri
618 4185 714 4251 debet
741 4185 859 4259 abeo,
885 4188 939 4270 qui
971 4186 1068 4253 habet
1102 4190 1278 4261 actionem,
1307 4209 1365 4255 seu
1392 4190 1442 4253 ius
1465 4188 1527 4253 sibi

343 4310 545 4393 recognitum
570 4311 641 4393 iure
663 4311 801 4396 positivo
824 4311 1039 4376 conveniendi
1062 4313 1201 4377 alterum
1225 4332 1335 4377 coram
1360 4311 1467 4377 iudice
1491 4318 1529 4377 ut
1644 4310 1645 4397 ζ

343 4433 402 4498 sibi
426 4434 465 4499 de
489 4433 605 4498 damno
629 4441 662 4499 61
683 4436 742 4501 1611
766 4436 910 4501 societati
936 4436 1130 4521 respondeat
1153 4436 1193 4502 de
1214 4438 1360 4503 crimine.
1389 4470 1407 4485 -
1433 4436 1527 4505 Unde
1644 4489 1645 4534 3
