3350 5100
81 3 406 111 W
410 5 518 8 -----

500 329 544 376 nn
568 329 707 378 inmens
731 329 985 379 casurusnrsns.
1270 312 1334 378 163

240 453 400 540 Purgatio
421 455 576 536 aetnam
598 456 671 519 iure
693 458 880 540 germanico
904 453 997 522 alteri
1017 475 1115 542 scopo
1135 456 1334 524 inserviebat

152 585 182 643 et
203 578 284 642 hinc
306 579 393 645 dirta
415 583 466 646 est
479 579 644 645 iudicium
660 579 724 659 (cf.
742 579 955 665 Van-Espen.
972 581 992 645 l.
1018 581 1070 646 cit.
1087 600 1121 644 a.
1141 580 1193 668 9);
1217 582 1333 667 quippe

150 722 214 766 non
237 696 429 768 intendebat
451 704 625 769 consulere
654 704 761 769 famae
791 708 938 772 accusati
966 705 1024 771 sed
1051 706 1189 791 legalem
1214 709 1332 772 consti-

149 825 261 893 tuebat
283 826 509 910 probationem
531 826 573 892 ab
596 831 665 913 ipsc
686 835 840 893 accusato
863 827 1081 896 exhibendam
1105 829 1144 894 de
1160 849 1218 894 sua
1242 831 1334 894 inno
1423 839 1427 850 ’

148 951 269 1015 centia
285 954 331 1016 At
346 951 503 1018 eiusmodi
518 952 684 1019 iudwbvm
694 955 916 1039 perpatioets
932 974 1009 1018 sane
1028 953 1332 1040 reprehendendum

148 1081 211 1146 est,
237 1077 317 1158 quia
339 1095 422 1140 onns
444 1075 602 1162 probandi
625 1083 783 1144 accusato
807 1079 911 1163 magis
934 1097 1029 1162 quam
1061 1079 1253 1145 acmantum·
1275 1081 1333 1143 im-

147 1201 238 1283 ponit
273 1205 309 1265 et
337 1200 415 1267 iude
452 1201 596 1267 funditus
633 1204 794 1287 pervertit
831 1205 1092 1270 constitutionem
1131 1202 1332 1268 iudiciorum.

148 1323 234 1390 Sane
267 1326 445 1390 necessitas
465 1327 684 1412 purpotioais
706 1330 884 1412 persentita
907 1333 984 1392 tunc
1008 1333 1057 1393 est
1083 1327 1158 1412 quia
1188 1327 1333 1394 delectus

147 1449 307 1532 probatae
333 1451 548 1516 accusationis
570 1459 738 1536 promotae
760 1471 806 1516 ece
827 1451 936 1536 officio
960 1471 1016 1516 sen
1040 1470 1060 1514 a
1082 1451 1225 1523 testibus.
1242 1453 1332 1536 quasi

147 1571 311 1656 pubblicis
321 1575 572 1647 accusatoribus,
585 1573 746 1659 (Scobiai,
759 1575 802 1639 ct.
816 1573 1050 1656 Hildenbraud‚
1064 1573 1084 1639 l.
1099 1595 1126 1641 c.
1134 1593 1172 1657 p.
1183 1575 1251 1640 166
1257 1575 1330 1664 sp),

147 1696 186 1760 ob
194 1699 425 1782 imperfectam
438 1697 629 1764 indiciorum
642 1699 887 1772 ordinationem,
901 1719 965 1763 non
979 1705 1051 1766 erat
1062 1699 1159 1765 iudici
1171 1698 1332 1767 sufficiens

144 1829 379 1907 argumentum
402 1823 444 1888 de
466 1824 652 1889 innocentia
672 1826 817 1890 accusati
832 1829 866 1889 et
880 1824 921 1889 de
936 1828 1137 1890 accusatoris
1160 1826 1332 1892 calumnia.

238 1949 375 2014 Revera
390 1952 487 2014 etiam
502 1951 536 2014 in
551 1951 651 2015 curiis
667 1950 784 2016 eccles.
797 1951 952 2015 institutis
963 1950 1099 2016 testibus
1114 1950 1332 2036 synodalibus,

146 2080 179 2138 et
210 2073 371 2158 deinceps
400 2073 666 2159 procuratoribus
697 2071 859 2140 fiscalibus
887 2075 943 2154 (cf.
970 2075 1043 2139 Vol.
1069 2071 1097 2161 1)
1121 2076 1176 2159 qui
1197 2094 1331 2142 accusa-

147 2199 258 2263 tiones
282 2200 527 2265 instaurantem
549 2198 667 2284 officio,
684 2218 754 2264 mos
770 2199 907 2262 invaluit
930 2196 1064 2283 cogendi
1089 2203 1274 2264 accusatum
1298 2206 1333 2266 ut

146 2343 182 2386 se
205 2330 373 2408 purgaret
386 2321 427 2388 ab
450 2324 536 2387 omni
560 2324 743 2408 suspicione
766 2323 1085 2406 criminis,.quamvis
1106 2342 1172 2387 non
1194 2324 1335 2390 valuerit

144 2453 325 2512 accusator
340 2448 464 2512 invicte
478 2446 619 2532 probare
633 2467 726 2513 suam
739 2448 996 2522 accusationem
1010 2445 1219 2531 quamobrem
1236 2449 1332 2513 etiam

145 2573 303 2656 purgatio
320 2572 485 2635 canonica
496 2572 728 2656 aliquantisper
743 2568 876 2635 deflexit
891 2590 911 2635 a
929 2590 986 2635 suo
1001 2572 1147 2635 instituto
1170 2576 1203 2636 et
1218 2568 1334 2637 effecta

143 2702 195 2761 est
218 2696 351 2780 species
361 2695 575 2779 probationis
589 2696 770 2763 iudiciales.
789 2695 869 2761 Inde
885 2696 1026 2761 clericus
1041 2698 1094 2779 qui
1115 2697 1331 2763 iuramentum

144 2823 197 2887 vel
211 2822 328 2888 dicere
344 2821 476 2886 nolebat
487 2824 540 2887 vel
552 2843 617 2887 non
633 2822 861 2888 adinveniebat
872 2824 1105 2895 coniuratores.
1119 2826 1333 2891 vehementer

143 2946 247 3013 fiebat
277 2953 449 3032 suspectus
472 2946 513 3012 de
542 2949 679 3013 crimine
712 2956 744 3013 et
774 2946 950 3032 aliquando
973 2948 1013 3012 ob
1036 2948 1187 3015 adiuncta
1209 2968 1331 3032 rerum,

145 3068 300 3134 defectus
319 3069 541 3153 parpalioais
563 3072 740 3134 canonicae
772 3090 815 3135 ex
848 3076 939 3155 parte
969 3071 1081 3137 clerici
1109 3052 1272 3138 efficiebat
1299 3079 1332 3139 ut

146 3195 296 3259 clericus
327 3192 508 3259 haberetur
532 3212 601 3277 pro
632 3192 785 3277 confesso
795 3215 809 3278 ,·
831 3216 858 3261 c.
884 3215 910 3269 c,
943 3195 996 3275 12,
1031 3194 1082 3272 13,
1107 3196 1156 3263 De
1185 3196 1267 3263 Sim.
1300 3200 1331 3264 Χ

145 3314 202 3401 (V.
229 3317 286 3402 3);
310 3322 344 3381 et
359 3317 393 3387 8,
410 3316 461 3382 De
483 3316 601 3383 cobob.
625 3317 734 3383 cleric.
753 3317 787 3381 X
808 3314 883 3400 (ΙΙΙ,
907 3318 950 3402 2).
974 3316 1148 3402 Postquam
1173 3323 1330 3386 Innocen-

144 3444 213 3507 tius
247 3442 298 3505 lll
330 3460 533 3523 processum
564 3441 799 3525 inquisitionem
836 3440 974 3506 reddidit
1001 3441 1200 3508 ordinarium
1236 3450 1332 3527 atque
1461 3426 1463 3429 ⁵

144 3566 303 3650 perfecit,
325 3564 491 3649 purpurio
514 3565 681 3630 cononica
704 3565 808 3628 evasit
837 3563 1037 3648 probationis
1060 3566 1199 3630 medium
1230 3566 1330 3631 subsi-

144 3690 298 3759 diarium,
315 3688 419 3753 donec
442 3695 539 3753 antea
555 3690 588 3752 in
612 3690 712 3753 curiis
734 3688 954 3753 saecularibus
977 3695 1010 3753 et
1033 3696 1144 3773 postea
1163 3692 1195 3753 in
1214 3691 1329 3754 eccles.

144 3814 269 3879 sensim
286 3812 445 3887 desuevit
468 3811 674 3877 pudefactus
690 3816 740 3876 est
753 3812 844 3877 locus
860 3811 1050 3897 systhemati
1066 3810 1234 3897 probativo
1251 3814 1331 3878 iuris

146 3938 291 4002 Romani
307 3944 341 4001 et
353 3937 555 4021 parpalioni
570 3933 705 4002 suffecta
720 3941 771 4001 est
786 3941 930 4002 tortura.
948 3936 1022 4000 Van
1041 3938 1158 4021 Espen.
1177 3938 1197 4001 l.
1211 3958 1238 4002 c.
1254 3956 1289 4001 n.
1302 3939 1328 4001 1.

147 4098 166 4111 -
193 4063 269 4127 Hac
284 4060 325 4126 de
340 4081 442 4126 causa
456 4063 558 4145 ipsum
575 4063 790 4126 iuramentum
814 4062 1039 4146 purgatorium
1064 4063 1244 4126 institutum
1260 4063 1331 4125 iure

146 4207 220 4251 can.
245 4186 287 4251 ad
319 4186 553 4272 protegendam
583 4186 788 4250 sacerdotnm
811 4185 928 4250 bonam
953 4185 1088 4266 famam,
1118 4188 1151 4250 in
1179 4184 1329 4251 desuetu-

147 4311 259 4376 dinem
274 4310 363 4380 abiit.
384 4317 417 4374 et
441 4310 546 4374 ferme
561 4312 618 4375 vix
633 4310 730 4375 hodie
749 4310 952 4395 intelligitur.
979 4344 996 4358 -
1022 4308 1157 4384 Giraldi‚
1175 4312 1329 4393 neposve.

147 4435 217 4499 iser.
244 4440 340 4517 pont.
358 4435 380 4500 Ι
381 4485 390 4517 ,
413 4434 529 4517 ξ894.
557 4468 575 4483 -
600 4436 645 4500 At
664 4436 725 4499 ista
747 4433 894 4499 absoluta
909 4434 1104 4520 proscriptio
1121 4454 1186 4499 nou
1202 4434 1330 4500 videtur
