3350 5100
525 303 570 348 nn
593 301 732 349 ionicus
756 302 998 351 caiumamaus
1288 286 1353 349 319

175 445 271 511 quam
294 426 550 491 extraiudicialis
580 424 729 491 habenda
751 432 831 491 est...
849 449 881 489 ›.
909 428 1040 493 Paucis.
1067 427 1227 493 confessio
1251 428 1352 513 impu·

175 553 270 636 gnari
294 552 381 615 valet
402 552 603 636 argumentis
618 550 763 617 deductis
780 552 832 616 vel
847 571 891 617 ex
907 550 1034 617 defectu
1057 551 1257 617 substantiali
1283 572 1354 637 pro

175 694 286 739 cessus
314 673 474 739 iudicialis
489 674 546 758 (1).
571 675 623 739 vel
653 694 697 739 ex
719 673 813 738 modo
836 674 942 739 editae
966 675 1193 749 confessionis,
1219 682 1253 740 ut
1278 684 1354 759 puta

174 816 218 863 ex
240 820 366 879 errore,
383 819 425 864 ex
452 806 549 865 metu.
573 819 616 865 ex
640 801 785 884 apposita
808 800 1001 865 conditione.
1020 799 1091 864 Hae
1119 800 1231 864 faciles
1257 818 1353 864 exce

175 921 303 1027 ptiones
328 925 536 1009 expostulant
559 930 594 990 ut
616 946 672 990 reo
698 926 901 1007 relinquatur
923 926 1015 1010 copia
1038 924 1244 989 defensionis.
1266 924 1353 998 Quas

174 1050 382 1133 exceptiones
413 1050 440 1112 si
476 1068 552 1113 reus
584 1051 713 1115 incaute
743 1068 808 1114 non
839 1055 983 1123 moveat,
1013 1048 1110 1115 iudex
1145 1048 1354 1113 nihilominus

174 1190 220 1237 aa
234 1172 343 1257 officio
355 1173 568 1258 perpendere,
581 1176 781 1259 investigare
797 1174 893 1239 debet
907 1193 949 1239 an
966 1192 1084 1239 causae
1099 1173 1205 1238 adsint
1218 1172 1352 1238 vocandi

174 1298 207 1359 in
231 1296 361 1363 dubium
378 1298 522 1362 valorem
547 1298 758 1363 confessionis
773 1304 830 1365 aut
845 1298 956 1363 saltem
974 1298 1170 1387 extenuandi
1196 1300 1265 1363 eius
1289 1300 1351 1361 vim

175 1421 384 1506 probativum.
404 1422 584 1489 Usuvenire
606 1424 691 1487 enim
716 1428 828 1507 potest,
847 1427 882 1487 ut
900 1424 970 1505 quis
986 1423 1127 1487 fateatur
1150 1440 1183 1486 se
1208 1422 1352 1487 criminis

174 1552 340 1613 auctorem
363 1557 399 1611 ut
420 1547 529 1623 alium,
552 1552 730 1622 auctorem,
754 1567 774 1610 a
797 1546 1064 1613 condemnatione
1088 1546 1213 1613 liberet.
1303 1568 1306 1574 ·

263 1671 338 1737 247.
364 1672 435 1736 Bao
457 1677 565 1737 autem
589 1691 652 1736 non
676 1677 801 1739 tantum
825 1677 875 1736 est
897 1670 1106 1750 concedenda
1127 1672 1272 1737 defensio
1296 1670 1352 1735 sed

173 1798 369 1865 defensionis
392 1801 451 1870 ius
474 1800 501 1863 si
526 1804 734 1883 comparetur
749 1818 822 1863 cum
839 1798 1065 1879 acmsatioae,
1083 1798 1202 1863 fruitur
1220 1796 1351 1880 favore.

175 1928 309 2008 inquam
332 1960 347 1971 ·
361 1923 484 2007 fauore
500 1960 523 1997 ·,
541 1943 605 1987 non
626 1924 817 2009 psiaitepio,
833 1924 909 2007 quia
931 1923 978 1989 ad
1001 1922 1241 2007 aequalitatem
1260 1940 1353 1985 exer-

174 2050 242 2115 ceri
271 2047 369 2113 debet
398 2054 434 2114 et
459 2048 685 2113 comisationis
708 2052 740 2112 et
763 2047 971 2131 defectionis
995 2048 1052 2117 ius,
1081 2049 1113 2109 in
1142 2048 1227 2111 omni
1259 2050 1352 2131 panto

80 2218 87 2229 -
174 2172 304 2247 iudicii;
335 2173 399 2237 hoc
428 2171 517 2237 iubet
543 2173 670 2257 Regula
692 2171 737 2239 32
761 2174 792 2235 in
816 2172 839 2236 6
865 2194 883 2235 ‹
906 2170 986 2237 Noa
1016 2172 1090 2237 ticet
1121 2171 1229 2236 actori
1259 2170 1352 2255 qaod

172 2316 232 2363 rao
256 2297 384 2363 licitum
405 2316 477 2363 aaa
500 2296 613 2361 emittit
629 2317 657 2360 ».
676 2296 948 2379 Quotiescumque
970 2314 1050 2359 vero
1074 2295 1264 2379 aequalitas
1287 2313 1353 2357 sei·-

173 2423 244 2485 vari
275 2442 340 2485 aon
372 2428 486 2505 potest.
510 2421 610 2487 veluti
633 2441 707 2485 cum
729 2420 863 2486 decerni
890 2419 1006 2486 debeat
1027 2440 1069 2483 an
1093 2420 1275 2485 accusatori
1299 2419 1351 2482 vel

173 2547 278 2630 potius
300 2550 463 2624 accusato,
488 2552 651 2630 postremo
674 2544 746 2610 loco
769 2543 977 2610 concedenda
999 2546 1040 2610 sit
1063 2543 1202 2609 facultas
1216 2542 1349 2608 interlo-

173 2668 289 2751 quendi
306 2667 358 2732 vel
374 2687 447 2733 cum
469 2666 634 2732 dubitatur
655 2687 699 2732 an
721 2670 883 2753 integrum
908 2669 949 2732 sit
971 2667 1153 2732 accusatori
1176 2664 1351 2750 prohibere

172 2794 324 2856 accusato
338 2775 508 2873 quominus
531 2809 632 2854 novos
655 2795 753 2856 testes
776 2789 942 2875 producat,
960 2809 1074 2873 nempe
1097 2807 1171 2854 oum
1194 2789 1259 2853 sint
1281 2808 1350 2872 par·

172 2915 251 2980 tium
273 2916 348 2980 iura
369 2913 518 2987 obscura,
542 2921 620 2980 tunc
643 2915 817 2981 favendum
841 2921 890 2980 est
912 2917 1013 3001 magis
1037 2935 1095 2981 neo
1118 2935 1213 2999 quam
1236 2917 1349 2986 actori,

172 3041 271 3106 veluti
294 3040 490 3126 indulgendo
514 3061 570 3106 reo
593 3047 629 3105 ut
651 3041 782 3106 ultimus
796 3041 915 3106 habeat
930 3040 1116 3106 facultatem
1132 3041 1291 3124 loquendi,
1309 3041 1350 3106 ad

173 3167 408 3250 praescriptum
425 3166 507 3251 Reg.
527 3166 565 3230 ll
591 3167 624 3230 in
647 3165 669 3230 6
694 3165 817 3231 «Cum
840 3171 920 3231 aiat
939 3165 1094 3249 partium
1109 3167 1190 3230 iura
1205 3165 1350 3233 obscura

172 3308 232 3356 reo
254 3289 443 3373 favendum
466 3295 516 3356 est
533 3290 649 3372 potius
670 3309 776 3374 wem
799 3291 941 3358 actori»
961 3288 1018 3376 (2).

261 3413 337 3480 248.
364 3416 430 3480 Iste
460 3415 555 3479 favor
585 3414 781 3480 defensionis
811 3415 1010 3499 expostulat,
1036 3433 1092 3478 reo
1123 3416 1349 3501 assignandum

261 3679 302 3749 (1)
313 3679 344 3733 ln
358 3697 389 3735 ne
401 3681 540 3736 criminali
559 3681 726 3736 confessioni
739 3680 817 3735 deest
833 3681 1044 3736 fundamentum
1062 3682 1085 3734 si
1105 3684 1189 3736 antea
1202 3683 1347 3749 probatum

172 3800 229 3838 non
245 3785 333 3840 fuerit
350 3802 453 3856 capus
473 3787 578 3852 delicti,
591 3803 640 3842 seu
653 3786 707 3840 nisi
723 3791 833 3840 constet
851 3786 957 3840 crimen
975 3786 1060 3840 fuisse
1079 3790 1229 3855 patratum.
1249 3785 1301 3838 Hic
1320 3791 1349 3840 et

171 3891 245 3944 alius
262 3891 387 3946 defectus
404 3893 599 3946 substantialis
623 3893 713 3962 excipi
735 3897 835 3962 potest,
859 3891 946 3947 veluti
971 3893 1203 3962 incompetentia,
1224 3893 1349 3948 defectus

171 3997 323 4053 citationis.
338 4028 353 4040 -
369 4000 474 4054 Varum
492 3999 543 4053 alii
561 3999 686 4055 defectus
697 4005 763 4054 sunt
780 4001 969 4054 accidentales
987 4001 1015 4053 in
1034 4000 1104 4053 actis
1124 3999 1227 4064 iudicii,
1240 4000 1287 4071 qui
1304 4001 1349 4056 de·

170 4109 260 4162 fectus
278 4113 428 4164 censentur
447 4110 540 4163 sanam
559 4126 593 4164 ex
613 4110 801 4164 confessione:
821 4110 859 4163 cf.
879 4109 933 4163 vol.
953 4109 973 4173 1,
993 4127 1020 4163 n.
1041 4108 1094 4161 447
1113 4125 1170 4178 seq.

259 4214 299 4286 (2)
318 4213 359 4270 Cf.
374 4211 496 4284 Vigneli.
517 4244 532 4255 -
554 4216 594 4270 Da
617 4216 729 4272 iudiciis
748 4233 899 4272 causarum
924 4216 1123 4279 criminalium,
1143 4233 1202 4287 cap.
1222 4217 1274 4281 36,
1296 4216 1349 4272 Ge-

171 4335 251 4386 nuae,
268 4319 344 4385 1684,
362 4321 483 4374 Attinas
495 4347 510 4362 ·
525 4319 696 4391 Deliatqaens
713 4323 855 4392 desanaus,
875 4319 957 4375 lenae
973 4317 1049 4386 1714,
1063 4319 1211 4376 Chauveau
1226 4351 1241 4361 -
1257 4321 1347 4377 Etude

171 4441 223 4479 sur
240 4427 270 4481 ta
284 4429 432 4497 parmae
450 4427 611 4482 criminalia
630 4445 666 4483 en
684 4429 862 4498 Anatetarre.
