3350 5100
398 309 441 357 nn
466 309 606 356 merens
631 309 874 379 cnmmsnmus
899 310 935 358 1u
957 309 1075 357 erecte
1259 291 1325 356 423

141 434 204 499 rsit
226 434 269 500 de
287 434 447 501 restricta
463 439 493 500 et
509 435 664 518 apposita
675 453 841 518 processu
857 435 953 518 apud
967 435 1114 500 iudicem
1129 436 1323 502 relatorem.

142 557 186 621 ll.
205 555 350 632 Quoties,
375 555 416 623 ab
439 575 564 622 causae
586 558 795 641 quatitatern,
819 557 979 623 uideatur
992 555 1081 624 Erite
1100 557 1203 623 Card.
1220 557 1325 623 Prae·

139 679 229 760 fecto
257 685 500 764 opportunum,
520 681 738 764 praecipitur
768 681 943 765 defensori
963 686 1004 746 ut
1024 687 1188 747 secatum
1216 687 1325 747 seruet

141 805 343 887 interposita
358 803 461 870 etiam
476 805 662 872 iuramenti
677 805 852 891 retipioue.
866 806 925 871 111.
947 805 1059 876 Quum
1073 805 1238 872 deductae
1251 805 1325 887 sue·

139 929 213 994 rint
234 929 383 1011 scriptae
409 929 734 1010 animaduersiones,
759 929 832 1010 tiae,
849 949 957 1015 quum
975 929 1068 995 istud
1090 934 1323 1014 opportunum

139 1052 255 1118 uisum
276 1051 385 1134 fuerit
394 1049 480 1120 Etim
507 1053 686 1120 cardinali
704 1053 895 1137 Praefecto,
908 1060 1054 1136 possunt
1076 1053 1324 1120 communicari

135 1176 363 1257 procuratori
377 1177 486 1261 fiscali
509 1177 627 1242 auriae
649 1197 671 1244 Α
695 1195 770 1252 cue,
786 1177 923 1242 undosi
940 1177 1002 1244 troc
1015 1176 1247 1244 necessarium
1261 1176 1325 1242 iste

140 1300 339 1382 arbitretur,
354 1301 490 1384 seriptis
504 1303 766 1385 responsiorum¹
776 1303 941 1388 conficiat.
959 1303 1018 1366 lV.
1035 1302 1085 1368 De
1102 1302 1323 1386 responsione

136 1425 377 1507 procuratoris
399 1426 524 1510 maelis
539 1425 701 1510 defensor
715 1427 871 1493 aetitiam
892 1444 1016 1508 capere
1034 1431 1146 1509 petest
1168 1443 1246 1492 eum
1268 1444 1323 1492 ae·

139 1551 292 1618 cessaria
307 1553 606 1633 circunspectione
619 1553 713 1635 apud
724 1553 872 1618 iudicem
883 1554 1067 1618 relatorem
1081 1557 1121 1618 at
1131 1551 1324 1634 replicandi

139 1677 213 1758 ipse
232 1677 360 1760 potteat
381 1676 556 1759 facultate,
584 1683 757 1759 postremo
786 1678 858 1744 tace
882 1683 914 1742 et
936 1678 974 1742 iu
995 1676 1141 1759 scriptis.
1166 1675 1208 1740 V.
1236 1676 1323 1741 Gete-

139 1820 222 1865 rum
253 1799 456 1884 prohibetur
491 1801 685 1869 omnimode
717 1801 910 1885 defemoris
938 1802 991 1868 rei
1021 1807 1054 1868 et
1081 1800 1324 1884 procuratoris

138 1923 266 2010 fiscalis
280 1921 490 1992 interuentus
501 1926 538 1990 ia
552 1925 790 1992 Cardiuatium
803 1931 1014 2006 concentum,
1028 1925 1112 1991 dum
1124 1943 1229 1991 causa
1243 1944 1323 2007 pra·

134 2052 280 2133 ponitur
302 2051 349 2116 ad
372 2049 603 2138 definitionem
618 2073 648 2115 a.
676 2053 712 2116 ln
737 2052 872 2136 reliquis
896 2049 1132 2118 confirmantur
1154 2053 1322 2117 anteriora

138 2174 274 2238 decreta
296 2175 402 2259 prouti
419 2173 508 2240 iubet
521 2182 585 2240 art.
602 2175 651 2240 VI
667 2175 807 2241 ultimus.
827 2211 845 2224 -
863 2175 968 2241 Hodie
988 2177 1085 2242 etiam
1101 2179 1203 2262 magis
1227 2195 1321 2243 aeeo-

136 2298 275 2364 nomica
298 2297 495 2383 procedendi
520 2300 601 2363 ratio
625 2299 776 2374 invaluit,
801 2319 918 2386 nempe
941 2305 977 2365 ut
999 2320 1074 2365 reus
1097 2319 1157 2385 per
1180 2319 1229 2372 se,
1254 2319 1322 2364 non

138 2422 313 2486 constituto
335 2420 518 2494 defensore,
543 2442 643 2508 agere
665 2427 699 2488 et
722 2422 921 2509 respondere
943 2425 1061 2491 valeat.

229 2546 323 2633 Apud
348 2547 378 2614 S.
404 2547 522 2635 Gongr.
548 2550 681 2615 Consilii
706 2548 924 2636 expediuntur
953 2569 1079 2635 quoque
1110 2569 1228 2615 causae
1251 2550 1317 2614 ari·

137 2671 276 2736 minales
299 2672 492 2737 clericorum
524 2672 747 2757 disciplinares
771 2672 811 2737 ad
836 2693 982 2774 normam
1006 2673 1127 2740 concil.
1152 2672 1240 2738 Trid.
1265 2672 1319 2739 sed

137 2796 228 2860 nulla
243 2795 392 2861 ordinata
405 2802 454 2862 est
469 2798 619 2882 specialis
635 2797 831 2883 procedendi
843 2817 959 2863 norma
970 2805 1005 2864 et
1018 2799 1115 2884 plena
1130 2795 1167 2863 fit
1182 2798 1320 2863 facultas

136 2927 206 2984 tum
230 2938 288 2985 rea
311 2940 371 3005 per
393 2940 437 2993 se.
455 2927 510 2987 aut
533 2940 593 3007 per
607 2921 822 2995 defensorem,
840 2928 909 2987 tum
931 2925 1053 2995 curiae,
1077 2925 1169 2988 auius
1191 2927 1319 2987 senten·

136 3046 183 3107 tia
205 3044 368 3129 appellata
394 3051 454 3121 est,
478 3044 657 3112 deducendi
688 3048 865 3113 ulteriores
889 3048 1102 3133 allegationes
1126 3054 1157 3112 et
1179 3047 1321 3113 animad-

137 3169 317 3233 versiones.
343 3168 493 3234 Omnium
516 3175 624 3235 autem
648 3176 795 3237 actorum
819 3171 1022 3237 secretarius
1045 3170 1176 3237 conficit
1191 3173 1320 3237 relatio·

137 3310 213 3354 nem
238 3291 271 3357 in
294 3289 377 3373 satio
401 3292 488 3377 typis
510 3291 596 3357 edito
620 3299 652 3358 et
676 3294 742 3359 ΕΕ.
769 3294 835 3358 ΡΡ.
860 3294 1079 3360 distribuendo
1102 3314 1164 3360 nec
1187 3314 1253 3359 non
1280 3315 1320 3360 ea

137 3414 239 3479 edere
261 3420 355 3480 curat
377 3415 569 3481 documenta
587 3417 625 3481 iu
647 3419 837 3485 summario
862 3438 907 3483 ca
930 3419 1038 3504 officio
1062 3419 1210 3491 collecta,
1235 3439 1318 3504 quae

138 3555 257 3602 causae
280 3539 455 3623 cognitioni
485 3542 671 3606 necessaria
699 3540 881 3627 videantur.
906 3542 938 3607 Si
966 3560 1046 3607 vero
1077 3546 1134 3607 aut
1159 3563 1234 3607 reus
1262 3548 1319 3608 aut

137 3662 232 3726 curia
246 3666 303 3726 aut
317 3668 452 3747 uterque
477 3665 650 3731 constituat
664 3664 880 3746 defensorem,
897 3666 992 3731 huius
1011 3674 1062 3734 est
1080 3672 1113 3732 et
1131 3668 1317 3732 restrictum

135 3784 222 3867 faeti
236 3791 268 3851 et
282 3786 379 3859 iuris,
399 3806 461 3853 nec
483 3808 548 3853 non
571 3791 801 3855 summarium
817 3790 1083 3857 documentorum
1106 3793 1194 3877 typis
1209 3790 1317 3874 edere,

137 3912 245 3996 prouti
268 3932 337 3977 mos
361 3918 419 3979 est.
444 3912 491 3979 Cf.
518 3914 591 3981 Vol.
618 3914 660 3989 II,
687 3936 718 3978 n.
745 3915 810 3982 165
833 3936 880 4000 sq.

227 4036 303 4101 363.
332 4036 379 4103 De
401 4036 553 4103 remediis
584 4040 875 4106 eatraordiaare'is
905 4038 1035 4127 (quippe
1065 4041 1237 4127 appellatio
1268 4047 1318 4107 est

136 4159 277 4225 medium
300 4161 532 4247 ordinarium)
555 4160 693 4228 sufficiat
715 4163 835 4247 aliquid
856 4166 1000 4230 innuisse
1022 4165 1055 4229 in
1078 4166 1317 4253 prolegomenis

136 4304 169 4347 n.
193 4282 257 4348 261
290 4284 328 4351 ia
357 4290 449 4357 nota,
474 4291 506 4350 et
533 4286 574 4351 cf.
599 4286 674 4351 Vol.
700 4288 724 4358 1,
757 4306 789 4349 n.
814 4286 881 4351 652
903 4307 949 4373 sq.
974 4285 1061 4352 Sane
1089 4289 1255 4355 restitutio
1278 4289 1317 4353 ia

136 4388 309 4495 inteprum
325 4427 389 4473 non
407 4414 511 4494 potest
526 4417 710 4495 competere
734 4414 851 4498 quippe
867 4412 950 4477 haec
969 4415 1111 4497 pertinet
1132 4412 1173 4479 ad
1197 4415 1317 4479 rescin-
