3350 5100
338 283 404 349 156
851 299 937 349 raus
965 302 1002 348 11.

425 426 562 502 Quando
582 447 665 492 tero
686 425 884 492 admittimus
906 426 1064 491 nonnulla
1085 427 1224 490 crimina
1249 427 1359 510 impeti
1382 425 1519 489 iudicia·

335 552 413 618 liter
427 557 552 618 nutum
566 551 608 616 ad
626 552 794 636 querelam
813 552 929 634 partis
951 552 1073 619 laesa.
1097 571 1163 615 non
1178 550 1358 614 inducimus
1376 549 1518 632 prtvota

335 675 470 744 delicta
493 695 577 759 quae
599 677 672 740 iura
694 695 768 739 cau.
791 694 857 739 non
879 677 993 760 vigere
1015 673 1156 739 diximus
1175 671 1263 756 (Vol.
1279 674 1304 739 l.
1328 693 1361 737 n.
1384 671 1438 754 ll)
1460 669 1517 736 sed

335 798 562 885 distinguimus
583 805 676 864 certa
697 799 826 880 delicta,
841 819 925 884 quae
941 801 985 863 nti
1006 799 1084 863 talia
1106 818 1171 862 non
1190 803 1266 862 sunt
1284 795 1516 881 persequenda.

297 1009 301 1016 ¹
338 924 401 988 uisi
434 921 476 986 ad
509 925 686 1008 quereiam
716 925 840 1007 partis
878 924 963 989 Sane
993 923 1156 988 calumnia
1186 929 1236 986 est
1266 921 1408 994 crimem
1440 923 1517 983 item

335 1044 525 1129 diffamatio,
541 1047 598 1114 sed
620 1049 684 1114 uisi
705 1051 740 1113 in
762 1049 1039 1120 calumniatorem,
1063 1049 1098 1111 in
1119 1043 1354 1111 diffamatorum
1377 1049 1519 1128 exurgat

335 1169 566 1244 calumniatus,
588 1168 784 1250 diffamatus,
808 1191 874 1235 non
897 1169 994 1237 datur
1019 1173 1203 1256 persecutio
1228 1169 1415 1234 criminalis:
1442 1167 1519 1251 quia

334 1313 400 1358 non
424 1302 474 1361 est
496 1295 587 1360 locus
610 1297 809 1368 calumniae,
836 1291 1047 1362 diffamationi
1070 1294 1297 1361 crimirsaiiter
1320 1301 1353 1358 et
1375 1291 1519 1359 nentur

335 1420 589 1503 persequendae,
613 1423 676 1486 nisi
698 1423 792 1486 mmm
816 1421 933 1507 probet
954 1422 1020 1500 ille,
1035 1421 1089 1504 qui
1110 1418 1255 1484 mandem
1278 1420 1408 1503 patitur.
1433 1417 1518 1481 Item

333 1543 387 1610 dic
408 1543 450 1610 de
474 1545 648 1610 violatione
671 1547 790 1612 secreti
817 1545 1061 1630 professiouuiis
1084 1550 1141 1609 aut
1163 1545 1337 1608 commissi.

424 1668 569 1752 Denique
584 1667 791 1735 denunciatio
812 1672 944 1755 proprie
958 1670 1078 1735 dicitur
1093 1670 1272 1739 canonico,
1289 1687 1372 1752 quae
1387 1665 1518 1732 iubetur

333 1794 407 1858 inre
422 1795 579 1858 canonico
594 1814 742 1880 quaeque
756 1814 821 1860 nou
838 1797 928 1880 viget
943 1797 975 1858 in
993 1795 1118 1880 legibus
1134 1793 1291 1858 civilibus
1311 1795 1376 1858 Ista
1394 1790 1516 1856 denun-

334 1919 430 1983 ciatio
458 1921 614 2004 prospicit
635 1925 692 1985 aut
725 1919 851 1985 delictis
874 1918 1123 2006 praeveniendis
1150 1925 1207 1983 aut
1232 1918 1358 1984 delictis
1381 1917 1518 2004 patratis

335 2040 530 2106 iudicialiter
561 2043 813 2128 compescendis.
850 2045 900 2108 lta
933 2043 1123 2109 denunciari
1157 2042 1276 2108 debent
1309 2044 1363 2126 qui
1392 2040 1528 2124 indigni¹

336 2172 513 2232 censentur
534 2169 637 2232 moris
659 2166 826 2233 ordinibus
849 2173 905 2234 aut
927 2168 1113 2252 praelatura
1136 2167 1357 2233 ecclesiastica
1382 2173 1440 2231 aut
1462 2165 1517 2249 qui

335 2507 447 2561 «nuo
472 2506 563 2560 ciuilis
590 2509 721 2561 exerceri
748 2506 825 2560 calet
853 2507 1023 2561 mmnuutm
1050 2523 1114 2561 aem
1140 2507 1248 2560 oenone
1276 2505 1391 2576 ponmii
1421 2519 1520 2558 coram

336 2614 430 2669 iudice
456 2614 600 2667 criminali
618 2630 643 2665 s.
661 2642 697 2652 -
715 2612 788 2667 Idem
808 2612 895 2667 codex
914 2628 969 2666 non
988 2614 1100 2682 penitus
1118 2612 1242 2666 abolevit
1261 2616 1386 2681 systema
1403 2628 1518 2665 accusa·

336 2719 440 2772 terium
467 2716 515 2773 scd
542 2717 643 2771 statuit
669 2718 877 2773 accusationem
906 2734 1014 2788 semper
1041 2717 1196 2772 faciendam
1224 2734 1284 2771 esse
1309 2733 1327 2770 a
1351 2717 1518 2769 Promotore

335 2824 438 2878 Fiscaii
458 2823 504 2877 cui
531 2829 625 2879 umen
654 2826 813 2880 adhaerere
840 2825 917 2879 valet
945 2826 1070 2894 privatus
1098 2825 1169 2878 civis
1196 2824 1237 2877 uti
1262 2830 1424 2887 accusator;
1452 2840 1518 2876 nam

334 2930 473 2984 statuitur
496 2939 552 2983 art.
579 2928 612 2983 9:
630 2943 647 2984 tt
668 2930 847 3001 Quacumque
871 2934 982 2987 ratione
1004 2934 1163 2985 inmorata
1185 2933 1221 2983 sit
1245 2931 1386 2999 inquisitio
1411 2928 1518 2999 (idest

335 3036 450 3105 praevia
468 3036 685 3092 denunciatione
703 3042 753 3091 aut
770 3036 887 3107 querela
905 3042 955 3090 aut
968 3042 1077 3092 tantum
1090 3052 1124 3091 ex
1137 3036 1236 3090 iudicis
1255 3035 1356 3106 officio)
1374 3039 1518 3105 integrum

334 3151 376 3195 est
402 3143 479 3210 parti
506 3143 600 3196 laesae
628 3151 655 3195 et
679 3142 781 3195 domm
806 3143 925 3212 affectae
949 3152 1062 3211 partem
1090 3157 1236 3197 assumere
1263 3143 1294 3193 in
1320 3142 1457 3195 iudicium
1486 3158 1518 3194 se

333 3246 508 3302 ‹10ch
527 3262 606 3303 risco
625 3263 852 3313 concussurum,
870 3259 935 3304 ante
953 3264 1104 3319 processus
1121 3249 1349 3318 publicationis,
1361 3250 1436 3303 mide
1455 3250 1518 3319 ipsc

333 3354 449 3409 msumit
467 3354 628 3424 qualitatem
647 3356 818 3408 crematoris
831 3372 857 3407 s.
871 3356 932 3408 Art.
946 3356 990 3409 11:
1004 3372 1020 3406 ‹
1033 3356 1113 3409 Actio
1124 3356 1255 3425 poenalis
1267 3372 1323 3409 non
1334 3357 1518 3425 suspenditur

334 3476 371 3515 ea
388 3476 524 3515 consensu
534 3462 627 3531 portis
637 3477 727 3530 neque
739 3463 923 3529 ecttnpuinsr,
936 3463 991 3514 nisi
999 3477 1055 3531 per
1067 3470 1187 3517 mortem
1199 3462 1397 3531 delinquentis,
1406 3478 1518 3531 poeitae

336 3570 461 3634 tuitione,
476 3569 701 3639 praescriptione
719 3586 739 3621 a
758 3568 820 3637 iege
840 3570 988 3622 constituta
1007 3579 1040 3623 et·
1048 3586 1105 3638 per
1121 3571 1245 3638 qratiam
1262 3588 1280 3623 a
1300 3568 1434 3639 Principe
1452 3586 1518 3623 con·

334 3692 412 3729 cessa
430 3689 456 3732 s,
477 3674 505 3728 in
524 3674 621 3729 eodem
641 3674 700 3727 cod.
719 3673 903 3743 distinguitur
921 3676 1099 3729 denunciatio
1124 3692 1141 3727 a
1166 3676 1284 3744 querela
1308 3680 1337 3729 et
1355 3676 1390 3729 de
1408 3677 1518 3729 denun-

334 3783 453 3837 oiatione
468 3780 539 3836 haec
551 3786 715 3835 emittuntur
726 3795 751 3837 s.
766 3783 827 3835 Art.
843 3782 903 3835 135
909 3800 917 3835 .·
930 3798 946 3832 ‹
961 3782 1140 3851 Quicumque,
1151 3800 1208 3852 per
1225 3800 1306 3837 suom
1314 3784 1516 3853 praesentiam,

334 3892 410 3945 testis
428 3891 518 3960 suerit
536 3888 682 3943 cuiusdam
702 3890 828 3943 criminis
840 3899 890 3942 aut
907 3890 944 3943 dc
962 3890 1060 3944 eodem
1079 3891 1152 3952 aiios
1166 3892 1320 3944 instructus
1338 3892 1382 3955 sit,
1394 3890 1420 3942 st'
1437 3890 1515 3954 uelit,

332 4006 424 4065 potest
442 4000 592 4050 certiorem
610 3998 734 4051 reddere
755 3995 964 4049 cancellariam
984 3996 1089 4050 Iudicis
1108 4007 1157 4050 aut
1184 3999 1334 4051 tribunalis
1359 3996 1517 4051 criminalis

335 4100 392 4153 loci
406 4105 513 4169 patrati
530 4102 665 4160 criminis,
683 4110 732 4153 aut
750 4104 844 4170 ipsum
866 4099 1021 4170 officialem
1039 4102 1166 4171 politiae,
1184 4106 1210 4155 si
1228 4104 1296 4156 inibi
1313 4105 1478 4172 reperiatur
1490 4116 1516 4157 s.

335 4208 396 4260 Art.
418 4206 520 4262 tam«
535 4209 706 4277 Quicumque
725 4208 917 4277 Magistratus,
930 4209 1097 4278 quicumque
1113 4208 1255 4279 officiatis,
1268 4211 1324 4279 qui,
1338 4210 1517 4263 inscensum

334 4332 453 4369 suarum
472 4318 657 4385 stsnmionum,
672 4316 802 4369 notitiam
819 4317 918 4369 habeat
936 4325 985 4368 aut
1002 4318 1246 4371 denunciationem
1266 4318 1388 4386 excipiat
1405 4317 1442 4369 de
1461 4316 1516 4369 cri·

334 4422 410 4475 mine
435 4422 569 4487 admisso,
588 4437 723 4475 runurun
742 4424 869 4475 eiusdem
893 4424 1018 4475 notitiam
1044 4428 1158 4494 refem
1183 4423 1277 4478 Indici
1294 4433 1343 4477 aut
1367 4424 1518 4477 Tribunaii
