3350 5100
528 338 573 387 os
595 337 749 387 narreris
773 341 815 388 nr
841 341 961 389 rocam
1291 327 1337 392 83

154 461 271 528 Laicus
286 461 470 528 fornicator
484 462 663 550 sacrilegus
679 464 860 549 puniendus
875 471 934 546 est,
950 467 977 530 si
993 485 1090 532 casus
1108 467 1205 550 serat,
1226 471 1338 555 poenis

152 586 218 668 ser.
243 592 326 653 sent.
352 593 386 652 et
409 586 584 672 privandus
612 593 699 653 esset
727 588 843 654 eccles.
866 589 1051 674 sepultura.
1075 591 1103 655 si
1125 592 1340 678 impoenitens

154 710 394 776 demereretur.
411 747 428 759 -
446 709 506 786 Qui
524 709 638 778 iudicis
653 714 813 778 sententia
829 717 886 778 aut
901 715 1095 781 notorietate
1110 715 1189 782 lacti
1213 713 1254 782 de
1275 716 1341 784 hoc

157 836 294 901 crimine
325 836 543 908 convincitur,
575 834 611 902 lit
640 835 768 902 infamis
799 837 948 920 infamia
976 837 1071 922 facti.
1103 839 1339 912 cf.v0l.111‚

157 981 190 1024 n.
213 959 291 1035 261,
317 965 350 1026 et
378 959 582 1032 Thesaurus,
608 959 646 1024 P.
671 962 714 1033 ΙΙ,
739 981 770 1025 v.
799 959 970 1028 Olaasura
994 961 1099 1035 Mon„
1123 983 1152 1029 c.
1177 965 1254 1030 Vll.

248 1085 303 1150 58.
321 1084 368 1150 De
394 1083 523 1150 incestu
549 1083 632 1149 haec
660 1088 844 1150 teneantur.
864 1089 1048 1153 -Incestus
1067 1059 1193 1154 'crimen
1215 1093 1343 1154 constat

155 1229 202 1273 ex
218 1208 446 1288 fornicatione,
458 1209 505 1274 uti
521 1228 563 1273 ex
574 1227 708 1295 genere,
722 1209 778 1274 sed
790 1210 937 1294 speciem
948 1211 1090 1279 desumit
1104 1231 1148 1278 ex
1160 1212 1343 1280 conditione

158 1352 321 1419 personae
344 1353 416 1398 cum
441 1352 504 1417 qua
527 1333 642 1418 copula
664 1333 803 1399 babetur
827 1335 1013 1417 fornicaria,
1035 1337 1161 1403 scilicet
1181 1356 1342 1424 personae

156 1458 438 1543 emesanpuineue
460 1462 516 1524 aut
530 1457 654 1540 affinis.
672 1492 689 1506 ·
707 1457 849 1543 Copulae
864 1460 1068 1526 incestuosae
1091 1461 1214 1533 crimen
1233 1466 1341 1546 patra·

157 1589 216 1646 tur
237 1579 412 1666 aliquando
427 1579 485 1646 sub
501 1577 606 1668 figura
626 1582 834 1658 matrimonii3
858 1588 892 1650 et
914 1585 948 1647 in
971 1583 1044 1648 illos
1066 1585 1121 1669 qui
1144 1585 1345 1651 incestuosas

157 1709 323 1771 attentant
347 1705 482 1788 nuptias,
500 1723 542 1769 ex
559 1704 657 1769 Glem.
675 1707 760 1770 unic.
779 1725 797 1767 ‹
814 1705 866 1771 De
887 1707 1202 1794 consanguineitatc
1218 1729 1236 1770 e
1255 1709 1346 1774 latae

154 1835 243 1898 sent.
274 1829 564 1895 excommunicatio
593 1828 725 1894 decreta
748 1829 825 1902 fuit.
850 1848 933 1914 quae
963 1830 1060 1896 bodie
1085 1835 1195 1897 amen
1225 1830 1346 1897 obsole-

160 1957 217 2019 vit.
236 1989 256 2002 ·
275 1955 455 2018 Praeterea
477 1951 598 2020 Concil.
616 1953 694 2018 Trid
716 1971 795 2020 sess.
810 1953 872 2026 25.
897 1973 974 2038 cap.
989 1922 1025 2028 ὅ,
1045 1955 1094 2022 De
1107 1955 1171 2038 νοῇ
1197 1955 1348 2041 probibet

158 2077 332 2162 quominus
348 2075 542 2160 dispensatio
566 2074 764 2142 concedatur
779 2076 844 2142 illis
859 2079 912 2161 qui
930 2079 1017 2143 intra
1031 2077 1152 2164 gradus
1167 2079 1346 2166 prohibitos

158 2205 307 2268 scienter
329 2201 567 2271 matrimonium
589 2200 786 2267 contrahere
809 2203 1095 2288 praesumpserint
1123 2237 1141 2252 ·
1166 2200 1216 2268 Ad
1247 2201 1346 2284 haec,

159 2326 396 2412 consanguinei
418 2327 471 2410 qui
494 2327 697 2392 matrimonio
712 2345 747 2392 se
763 2327 915 2411 copulant
937 2328 1132 2400 incestuoso,
1152 2329 1180 2392 si
1203 2326 1348 2413 legitima

160 2452 403 2538 dispensatione
416 2449 585 2523 donentur,
599 2455 706 2518 amen
718 2470 738 2514 a
751 2450 885 2516 Dataria
894 2449 1025 2517 additur
1039 2450 1200 2517 clausula:
1220 2472 1238 2512 c
1252 2451 1348 2522 Quod

160 2576 252 2640 atter
268 2572 369 2639 alteri
383 2572 603 2655 supmmocns
616 2578 780 2655 perpetua
795 2572 924 2659 absque
943 2574 1101 2660 cantapia
1116 2576 1295 2639 ramaeat
1312 2591 1348 2648 »;

163 2701 190 2764 si
213 2717 297 2764 vero
319 2696 513 2783 dispensatio
529 2716 594 2761 non
610 2696 802 2777 obtineatur,
819 2702 898 2765 tunc
915 2697 1151 2783 consanguinei
1172 2697 1348 2762 incestuosi

158 2822 339 2908 separandi
362 2827 446 2901 sunt,
463 2821 582 2887 eisdem
605 2821 765 2908 denegata
782 2823 880 2886 venia
894 2820 1109 2887 contrahendi
1125 2819 1205 2885 alias
1221 2820 1349 2905 nuptias

161 2969 235 3035 arg.
250 2968 278 3013 c.
292 2968 320 3014 c.
334 2945 368 3027 3,
382 2965 472 3013 caus.
486 2945 545 3020 35,
558 2966 589 3032 q.
603 2946 628 3013 8
642 2952 675 3015 et
688 2948 720 3022 9,
737 2966 829 3013 cous.
843 2945 902 3028 35,
915 2965 948 3031 q.
961 2944 994 3013 3.
1010 2946 1054 3011 At
1071 2944 1134 3011 hoc
1145 2944 1350 3030 impedimen·

161 3080 233 3139 tum
249 3091 331 3139 sane
346 3077 395 3137 est
410 3076 533 3137 tantum
556 3072 745 3155 impediens
749 3092 763 3154 ;
786 3077 819 3138 et
834 3072 898 3136 hoc
921 3072 992 3136 lere
1015 3070 1133 3156 ubique
1148 3072 1182 3136 in
1198 3070 1350 3137 danem-

161 3196 274 3264 dinem
298 3197 377 3263 abiit
399 3216 503 3281 neque
526 3202 632 3283 urget,
655 3198 717 3261 nisi
740 3216 896 3283 expresse
922 3198 1054 3261 Dataria
1075 3196 1140 3262 hoc
1161 3198 1351 3282 apposuerit

165 3321 340 3399 Ecclesiae
355 3321 501 3386 vetitum.
517 3322 693 3403 -Denique
708 3318 847 3384 conditio
864 3319 1001 3404 copulae
1017 3320 1219 3386 incestuosae
1235 3339 1350 3384 neces·

162 3448 255 3511 sario
279 3442 491 3529 exprimenda
506 3449 578 3508 erat
592 3444 625 3507 in
642 3442 791 3528 precibus
803 3462 863 3527 pro
879 3442 1085 3528 impetranda
1100 3442 1351 3528 dispensatione,

163 3572 250 3635 adeo
274 3574 311 3635 ut
333 3570 360 3633 si
384 3568 510 3633 reticita
539 3567 668 3639 luisset,
694 3568 888 3651 rescriptum
914 3565 1162 3650 dispensationis
1184 3563 1354 3630 laborabat

167 3696 247 3760 vitio
271 3692 487 3777 subreptionis
510 3694 567 3757 aut
589 3689 794 3776 obreptionis.
821 3689 883 3755 Sed
911 3689 1008 3754 bodie
1030 3690 1094 3754 alio
1120 3690 1194 3754 iure
1222 3690 1353 3769 utimur,

165 3838 268 3904 quum
292 3816 423 3882 decreto
448 3814 479 3881 S.
497 3811 559 3882 Off.
585 3814 652 3881 diei
670 3814 721 3879 25
737 3812 813 3879 lun.
830 3813 922 3879 1885
946 3813 1085 3879 edictum
1107 3812 1216 3883 fuerit,
1241 3811 1353 3876 adiun-

167 3950 259 4010 ctum
282 3943 425 4025 copulae
447 3940 656 4007 incestuosae
677 3940 839 4004 reticitum
863 3940 896 4002 in
919 3938 1080 4022 precibus,
1097 3937 1355 4021 dispensationes

170 4088 236 4135 non
260 4068 403 4133 irritare.
429 4064 478 4130 Gi.
503 4064 577 4128 Vol.
603 4065 647 4139 ΙΙ,
670 4084 703 4128 n.
726 4063 803 4130 279.

263 4189 399 4273 Coniugi
423 4189 603 4253 incestuoso
626 4187 680 4269 qui
704 4182 870 4251 affinitatis
894 4184 1059 4249 vinculum
1087 4184 1254 4249 contraxit
1282 4203 1356 4249 cum

168 4335 231 4383 sua
261 4332 373 4385 uxore,
398 4314 449 4377 ius
475 4310 613 4393 petendi
635 4308 784 4376 debitum
807 4308 996 4394 denegatur,
1021 4313 1072 4372 ast
1101 4307 1257 4394 obligatio
1280 4308 1357 4373 recl·

170 4440 277 4508 desidi
301 4439 396 4503 inest.
