3350 5100
425 341 468 386 oa
494 340 632 387 runicus
655 340 897 387 onruruaumus
921 341 956 389 ru
981 342 1097 389 sancus
1284 324 1344 390 411

174 468 207 530 in
229 472 292 529 art.
308 465 440 531 XXXV
465 466 627 545 statuitur,
650 467 914 551 disceptationem
938 466 1117 533 habendam
1140 488 1212 533 esse
1239 490 1347 535 coram

174 589 290 671 iudice,
313 593 400 656 inter
423 595 639 676 promotorem
655 589 721 657 fisc.
746 598 779 656 et
800 596 943 658 accusati
968 592 1172 660 defensorem
1194 600 1227 661 et
1246 598 1349 681 ipsum

173 721 369 797 accusatum,
387 719 414 781 si
438 717 518 782 velit
540 718 716 792 interesse;
732 717 859 793 deinde,
879 719 978 783 veluti
994 739 1064 786 sono
1088 725 1257 801 contemtu,
1281 740 1350 786 sen·

173 842 307 906 tentiam
331 840 381 905 edi
405 840 620 917 definitivam
644 842 730 907 hanc
753 842 889 926 proinde
912 844 939 907 si
962 844 1100 928 percipit
1129 844 1195 909 suis
1218 843 1350 909 auribus

174 970 346 1031 accusatus
367 970 425 1029 aut
445 968 588 1032 accusati
612 965 764 1031 defensor
795 966 892 1051 (quod
915 974 964 1033 est
988 966 1083 1053 idem)
1115 988 1174 1033 cur
1205 967 1349 1033 eamdem

174 1089 263 1157 iubet
274 1093 459 1165 Instructio
476 1112 533 1156 reo
549 1092 806 1157 denunciandum
822 1090 912 1159 esset
926 1128 943 1141 -
958 1094 1083 1158 Verum
1096 1092 1258 1178 expeditio
1273 1090 1351 1157 diffi-

176 1216 305 1281 cultatis
319 1214 409 1281 clare
421 1216 592 1283 deducitur
602 1237 645 1281 ex
656 1218 764 1285 relato
776 1223 838 1285 art.
853 1216 919 1282 452
931 1216 1006 1283 (lod.
1021 1218 1118 1305 Greg.
1133 1218 1217 1283 unde
1229 1218 1353 1283 desum·
1452 1210 1454 1213 ’

176 1345 249 1424 ptus
271 1339 332 1406 fuit
354 1346 415 1406 art.
440 1343 599 1407 XXXVI.
627 1378 644 1390 -
669 1343 796 1408 Etenim
821 1342 1033 1427 prolationem
1061 1345 1241 1409 sententiae
1264 1348 1353 1429 patet

176 1470 328 1531 constare
350 1467 495 1553 pluribus
510 1468 689 1533 momentis.
706 1468 827 1535 Primo
842 1469 938 1535 datur
957 1469 1130 1553 dispositio
1146 1470 1352 1537 condemno·

177 1592 266 1657 toria
281 1598 337 1658 aut
358 1592 576 1667 absolutoria,
593 1612 676 1678 quae
691 1596 798 1660 statim
814 1596 1019 1663 cancellario
1035 1596 1161 1663 dictato
1181 1595 1353 1661 mandatur

177 1718 225 1782 ad
250 1725 328 1784 octa
351 1718 426 1803 (art.
453 1720 610 1801 XXXV).
639 1720 719 1785 Dum
750 1720 858 1786 editur
888 1720 1086 1805 dispositiva
1113 1728 1298 1821 accusatus,
1325 1723 1353 1787 si

176 1864 342 1929 praesens,
366 1852 423 1912 aut
444 1848 513 1911 eius
536 1846 696 1920 defensor,
720 1848 787 1912 suis
809 1846 941 1913 auribus
965 1847 1103 1934 percipit
1121 1847 1352 1913 absolutionem
1386 1944 1388 1949 Ι

177 1974 234 2034 aut
255 1970 565 2037 condemnationem,
591 1975 643 2045 At,
660 1977 842 2059 praeterea,
860 1971 1102 2039 deliberandum
1127 1979 1175 2038 est
1196 1993 1238 2038 an
1259 1993 1353 2058 expe-

178 2095 243 2160 diat
273 2098 519 2182 appellationem
551 2098 744 2165 instaurare.
772 2100 834 2165 Sed
865 2099 1057 2185 prudentem
1090 2099 1352 2165 deliberationem

177 2238 344 2286 assumere
366 2241 430 2285 non
455 2229 559 2307 potest
581 2244 657 2289 reue
673 2224 903 2289 condemnatus
927 2224 987 2289 nisi
1011 2242 1089 2309 prae
1113 2224 1214 2290 oculis
1237 2223 1355 2289 habeat

177 2350 301 2412 textum
317 2349 507 2430 sententiae,
523 2350 714 2415 instructum
731 2349 918 2425 rationibus,
935 2368 1017 2435 quae
1036 2348 1157 2415 iudices
1173 2355 1352 2415 moverunt.

179 2471 261 2537 Sunt
282 2492 323 2537 ne
346 2473 426 2539 istae
444 2474 506 2539 iuri
521 2479 555 2539 et
576 2476 707 2540 veritati
723 2472 878 2540 innixaet
903 2476 1004 2542 ltecta
1020 2476 1134 2540 solutio
1151 2475 1245 2539 huius
1261 2494 1354 2558 quae·

179 2598 292 2662 ationis
305 2598 443 2664 interest
465 2599 562 2663 etiem
581 2598 789 2683 reipublicae,
806 2617 890 2682 quae
908 2598 1052 2682 proinde,
1070 2603 1200 2682 praeter·
1216 2599 1354 2680 disposi-

180 2723 267 2788 tiooe
297 2723 534 2808 evulgationem
564 2723 598 2786 in
628 2723 703 2787 aula
731 2721 925 2795 audientiae,
950 2727 1043 2786 curat
1064 2727 1100 2788 ut
1122 2721 1354 2788 condemnatus

180 2865 260 2930 prae
284 2847 386 2913 oculis
414 2846 533 2913 habeat
563 2849 731 2932 exemplar
760 2849 957 2912 sententiae:
986 2848 1051 2911 huc
1081 2851 1205 2930 spectat
1234 2847 1354 2910 iussum

180 2973 310 3038 articuli
335 2993 354 3038 ‹
376 2971 550 3040 Sententia
571 2973 736 3039 indicitur
758 2991 818 3040 reo
842 2993 873 3038 ›.

269 3097 345 3162 347.
370 3099 555 3170 instructio.
573 3099 604 3162 in
621 3117 754 3185 genere,
769 3098 912 3181 loquitur
928 3097 967 3162 de
983 3097 1162 3181 prolatione
1177 3098 1355 3161 sententiae

181 3228 214 3289 et
235 3225 316 3289 nihil
333 3229 428 3290 cavet
442 3224 483 3289 de
496 3225 658 3289 sententia
680 3222 877 3309 proferenda
892 3243 912 3286 a
926 3220 1031 3288 iudice
1051 3222 1227 3308 collepicli.
1253 3224 1356 3306 Appo-

180 3353 274 3415 situm
297 3351 494 3437 procedendi
516 3353 675 3416 rationem
699 3350 841 3435 explicat
863 3349 932 3416 cod.
959 3349 1056 3434 Greg.
1073 3349 1127 3414 cit.
1147 3354 1208 3412 art.
1226 3347 1291 3412 438
1307 3367 1353 3432 sq.

181 3481 215 3540 et
237 3495 296 3539 noe
317 3475 393 3559 quid
415 3474 566 3560 expediat
588 3475 700 3540 iacere
722 3475 755 3537 in
780 3474 852 3537 foro
875 3474 990 3539 eccles.
1014 3493 1113 3558 supra
1135 3473 1310 3538 docuimus.
