3350 5100
525 325 569 371 nn
598 323 751 371 nements
776 324 819 370 nu
844 323 962 371 rossus
1292 305 1337 369 47

156 449 336 515 dicatioam
360 448 579 530 inhabilitatis
604 449 733 512 diverso
756 453 961 512 tamencum
986 443 1112 528 effectu,
1133 446 1217 512 subit
1242 449 1338 512 etiam

156 576 346 640 simoniacus
368 575 540 640 innocen.

287 700 321 786 4)
350 701 431 764 Nem
461 699 654 764 simoniacus
684 717 764 763 rens
794 697 934 763 incurrit
964 696 1196 764 inhabilitatem
1230 699 1337 782 Papae

156 829 357 890 reservatam
373 824 412 889 ad
429 823 513 888 idem
528 821 719 888 beneficium
735 842 777 888 ea
792 822 865 888 nice
881 820 1133 905 assequendum:
1151 841 1193 886 ex
1209 841 1279 906 cap.
1293 821 1336 886 27

153 947 202 1012 De
218 949 310 1014 elect.
336 953 367 1011 et
391 967 433 1011 ex
457 947 564 1012 Const.
581 943 631 1012 Pii
647 947 690 1028 V,
715 946 801 1012 Cam
822 947 988 1029 primum.
1006 945 1074 1010 Imo
1091 965 1134 1010 ex
1149 945 1212 1008 hac
1228 945 1335 1010 const.

152 1073 250 1139 etiam
274 1072 315 1137 ad
338 1072 506 1157 quaelibet
527 1073 598 1138 alia
623 1071 806 1157 beneficia;
833 1069 889 1136 sed
912 1070 995 1134 haec
1025 1075 1190 1156 postrema
1216 1067 1338 1134 inhabi-

152 1198 226 1262 litas
253 1217 333 1262 sane
362 1217 427 1264 nou
461 1197 667 1264 contrahitur
697 1197 817 1280 absque
849 1195 1015 1262 scatentia
1042 1194 1196 1261 criminis
1226 1194 1336 1260 decla·

151 1325 296 1392 rasoria
327 1324 527 1390 simoniacus
556 1324 719 1390 innocens
749 1323 953 1406 dispensatur
987 1321 1083 1386 etiam
1110 1319 1151 1384 ab
1177 1321 1338 1404 Episcopo

152 1455 321 1534 postquam
337 1448 454 1515 lecerit
467 1445 615 1513 beneficii
634 1448 910 1512 renunciationem
933 1446 974 1511 ad
996 1442 1147 1512 effectum
1166 1452 1203 1510 ut
1224 1446 1338 1511 statim

151 1573 292 1656 recipiat
307 1570 390 1635 idem
402 1567 594 1635 beneficium
610 1570 638 1633 si
650 1569 799 1652 simplem
814 1575 871 1643 est,
889 1589 958 1654 arg.
973 1587 1042 1653 cap,
1057 1569 1100 1634 59
1113 1568 1163 1634 De
1174 1567 1339 1650 election.‚·

151 1698 215 1760 imo
232 1695 294 1760 etsi
318 1713 405 1761 ctera
427 1695 458 1759 ei
482 1694 563 1760 insit
584 1693 794 1766 animarum,
813 1691 983 1759 dummodo
1002 1693 1133 1759 collatio
1150 1713 1214 1756 non
1239 1692 1341 1758 fuerit

151 1820 259 1886 imita
281 1819 458 1885 declarata
481 1839 541 1903 per
563 1819 718 1894 iudicem;
743 1839 825 1903 quae
849 1819 1036 1884 declaratio
1060 1821 1086 1883 si
1106 1818 1337 1890 intercesserit,

150 1943 347 2010 beneficium
371 1945 520 2028 simplem
545 1950 659 2028 potest,
684 1945 739 2009 sed
764 1950 922 2010 curatum
945 1961 986 2008 ea
1008 1943 1080 2009 eice
1102 1944 1251 2029 recipere
1274 1963 1339 2008 non

151 2075 271 2155 potest.

289 2193 322 2278 5)
348 2193 510 2278 Deinceps
533 2192 617 2258 aliae
637 2211 761 2276 poenae
785 2191 962 2275 (ferendae
985 2189 1192 2277 sententiae),
1215 2190 1339 2256 scilicet

152 2317 353 2402 privationes
369 2316 538 2381 cuiuslibet
560 2314 707 2382 beneficii
732 2321 765 2380 et
780 2313 876 2380 officii
894 2321 927 2381 et
941 2316 1159 2399 suspensionis
1183 2335 1202 2378 a
1222 2314 1338 2378 divinis

151 2440 377 2506 decernuntur
400 2440 434 2504 in
458 2459 526 2524 cap.
552 2439 574 2505 2
596 2439 646 2504 De
671 2439 811 2522 consess.
836 2440 878 2519 X,
903 2437 960 2523 (Il,
988 2438 1040 2524 18)
1064 2444 1097 2502 et
1122 2439 1173 2508 ll,
1199 2436 1230 2502 b.
1255 2443 1276 2502 t.

291 2564 325 2650 6)
348 2566 483 2630 Demum
518 2567 712 2631 simoniacus
744 2586 806 2629 non
831 2564 954 2629 fruitur
987 2561 1145 2628 beneficio
1178 2562 1338 2647 praescri·

153 2690 291 2774 ptionis,
315 2695 387 2774 post
409 2690 602 2754 triennalem
625 2689 868 2774 possessionem,
893 2690 925 2751 vi
951 2689 1030 2773 Reg.
1056 2687 1109 2760 36,
1136 2687 1232 2752 Cone.
1257 2688 1337 2770 Ap,

153 2832 239 2897 quae
275 2814 310 2876 in
345 2810 409 2878 dne
444 2819 554 2878 cavet:
592 2812 761 2877 «Verum
796 2812 825 2877 si
857 2830 1034 2893 possessor
1067 2809 1219 2895 beneficii
1251 2810 1339 2875 illud

154 2936 339 3003 obtinuerit
366 2956 433 3019 per
468 2938 661 3023 inpressam
696 2935 922 3003 simoniacam
959 2934 1138 3001 triennalis
1171 2934 1338 3017 possessio

157 3084 232 3129 non
255 3065 399 3147 prodest
429 3064 460 3129 ei
485 3085 516 3127 r.
549 3062 612 3147 Sed
643 3064 706 3128 hac
740 3063 869 3148 regula.
890 3061 930 3125 de
966 3061 1127 3126 triennali
1161 3082 1196 3126 se
1229 3066 1340 3127 tuetur

155 3190 353 3253 simoniacus
383 3190 557 3256 innocens.
1197 3263 1201 3269 ‘

247 3312 301 3377 33.
326 3314 365 3377 In
389 3314 555 3377 simoniam
573 3312 852 3398 confidentialem
869 3310 901 3396 l)
918 3312 1025 3376 Const.
1042 3308 1109 3393 Ap.
1132 3311 1209 3377 Sed.
1227 3311 1340 3375 statuit

158 3439 525 3503 excommunicationem
549 3437 651 3521 simpl.
682 3438 719 3499 P.
745 3440 946 3500 reservatam
973 3434 1032 3500 sub
1060 3456 1091 3499 n.
1117 3436 1177 3515 IX,
1201 3436 1234 3499 in
1261 3454 1339 3499 reos

158 3564 326 3631 simoniae
350 3564 597 3649 confidentialis
623 3564 660 3627 in
684 3562 851 3648 benefieiis
874 3560 1073 3646 quibuslibet
1097 3561 1339 3642 cuiuscumque

159 3690 227 3753 sint
249 3689 436 3775 dipnitatis.
450 3688 513 3754 Sed
529 3689 611 3753 haec
628 3687 741 3753 dictio:
760 3688 1002 3771 mainsenmqne
1016 3686 1084 3750 sint
1103 3683 1287 3769 dipnitatrs,
1304 3689 1339 3747 ut

159 3808 241 3874 bene
265 3804 502 3894 interpretatur
525 3807 747 3881 D'Annibale,
775 3809 959 3875 Continent.
983 3828 1016 3871 n.
1042 3804 1119 3877 133,
1148 3824 1213 3867 non
1239 3805 1339 3889 signi-

160 3930 241 3999 ficar
269 3932 372 4016 (quasi
406 3951 426 3997 e
459 3951 555 3997 sensu
585 3931 763 4015 contrario)
796 3950 870 3994 reos
904 3930 1059 3994 simoniae
1093 3926 1198 3992 realis
1227 3926 1339 3991 cuins-

162 4074 307 4139 cumque
336 4056 403 4120 sint
429 4054 604 4141 dipnitatis
631 4073 695 4118 uon
724 4054 830 4117 teneri
857 4070 1006 4124 censura,
1030 4052 1106 4133 quia
1132 4049 1216 4114 haec
1239 4047 1340 4112 verba

162 4179 268 4247 addita
295 4180 429 4246 fuerunt
457 4180 497 4246 ad
528 4180 737 4245 auferendam
773 4178 968 4243 dubietatem
991 4196 1012 4240 a
1034 4176 1194 4261 theologis
1220 4182 1338 4238 motam

163 4300 264 4384 quoad
280 4321 355 4367 reos
370 4302 536 4369 simoniae
551 4301 805 4388 confidentialis.
823 4336 840 4348 -
855 4300 979 4363 Verum
995 4298 1058 4362 hoo
1074 4297 1204 4362 decreto
1220 4295 1338 4360 adver·

163 4430 248 4492 tatur
272 4446 336 4491 non
361 4426 591 4511 comprehendi
614 4445 801 4510 eorumque
824 4424 1003 4506 mespileas
1017 4423 1124 4507 prouti
1143 4421 1283 4486 habetur
1306 4422 1338 4484 in
