3350 5100
335 271 401 339 432
595 224 604 245 .
844 294 929 343 rias
953 296 1005 344 111.

335 414 473 497 gesserit
498 414 617 498 prioris
644 415 815 481 instantiae
840 414 946 489 iudex,
976 416 1140 502 denegans
1170 416 1299 501 plenam
1331 421 1459 485 testium
1483 423 1516 483 et

282 570 285 576 ,
334 539 574 604 attestationum
597 540 753 604 notitiam.
770 540 897 607 -Haec
920 560 1001 605 vero
1025 542 1188 611 conclusio
1205 542 1350 608 continet
1372 540 1515 607 adamus

335 665 394 728 sim
416 671 624 750 praeceptum
646 666 735 731 iaris
756 666 927 732 naturalis
954 671 986 731 et
1007 666 1138 752 planum
1164 670 1222 731 est.

424 788 500 855 375.
525 788 617 855 Haec
646 790 896 863 animadversio,
921 791 954 855 ni
978 809 1039 876 ego
1069 790 1177 864 fallor,
1203 796 1252 857 est
1282 792 1415 855 maximi
1446 810 1514 855 mo·

332 915 442 993 menti,
459 915 577 999 quippe
599 915 685 979 viam
707 916 814 1000 aperit
836 915 1018 999 expeditam
1039 920 1072 980 et
1095 920 1218 981 certam
1243 912 1420 981 definitioni
1443 898 1515 1000 pro·

334 1039 457 1123 positae
486 1041 662 1123 practicae
696 1038 909 1109 difficultatis.¹
934 1040 1026 1115 Quod
1058 1042 1174 1126 passim
1207 1062 1271 1107 non
1306 1040 1514 1107 advertentes

334 1162 501 1229 Ordinarii
515 1165 569 1229 vel
585 1168 848 1251 praetermittunt
864 1185 937 1232 reos
953 1186 1161 1251 compescere
1177 1167 1397 1233 ecclesiastica
1419 1186 1512 1233 coer·

333 1290 461 1363 sitione,
486 1295 605 1376 utpote,
621 1296 803 1376 temporum
820 1292 948 1365 iniuria,
972 1311 992 1356 a
1013 1312 1070 1357 suo
1093 1292 1274 1357 ministerio
1290 1289 1443 1378 impediti,
1461 1290 1513 1355 vel

333 1419 509 1480 recurrunt
530 1414 570 1479 ad
592 1416 785 1481 remedium
808 1416 1084 1489 eatraiaateiate,
1117 1435 1233 1502 nempe
1255 1415 1296 1479 ad
1319 1418 1511 1481 sententiam

333 1537 590 1621 eaicsomnata
620 1515 844 1621 conscieatia3
866 1545 900 1605 at
926 1539 1073 1605 incidunt
1102 1540 1139 1607 ia
1167 1540 1317 1626 Scyllam
1347 1542 1512 1625 cupientes

273 1638 280 1648 ’
331 1663 436 1727 vitare
455 1663 649 1749 carybdim.
668 1666 784 1730 -Nam
809 1683 853 1729 ex
875 1664 1064 1747 informata
1085 1666 1291 1732 conscientia
1310 1686 1375 1730 non
1391 1665 1441 1730 fas
1461 1669 1512 1730 ost

331 1786 522 1871 procedere,
535 1788 597 1852 nisi
608 1788 642 1852 in
654 1788 799 1853 marina
813 1790 951 1863 occulto,
965 1789 1072 1873 prouti
1087 1788 1175 1853 infra
1190 1788 1388 1863 docebimus;
1406 1807 1510 1871 neque

332 1912 365 1975 in
395 1929 473 1976 casu
495 1932 516 1975 a
541 1911 634 1978 nobis
664 1931 807 1997 expenso
837 1912 934 1979 huius
965 1911 1219 1978 extraiudicialis
1250 1912 1384 1977 remedii
1417 1918 1511 1999 urget

331 2037 515 2101 necesitas.
541 2033 760 2116 Quamobrem
784 2036 979 2103 Ordiuarius
1001 2042 1114 2103 utatur
1137 2038 1209 2103 iure
1235 2056 1292 2102 suo
1324 2038 1510 2102 instaurans

331 2178 518 2245 processum
541 2160 771 2244 inquisitivum,
787 2165 885 2244 atque
900 2162 1028 2225 enixius
1052 2167 1148 2227 curet
1162 2165 1261 2226 testes
1283 2160 1439 2227 adhibere
1456 2162 1508 2245 qui

330 2303 395 2349 non
419 2284 613 2350 erubescant
636 2286 824 2359 veritatem
841 2286 964 2349 sivero
988 2284 1117 2351 timidos
1141 2286 1348 2350 nanciscatur
1362 2285 1511 2350 veritatis

330 2408 460 2489 amicos,
476 2410 530 2492 qui
545 2428 611 2473 non
626 2408 751 2474 faciunt
765 2411 1002 2475 attestationem
1023 2408 1084 2473 nisi
1108 2428 1220 2474 eorum
1236 2410 1367 2473 nomina
1383 2408 1511 2475 occulta

330 2555 431 2619 usque
454 2554 588 2600 manere
604 2536 820 2620 promittatur,
837 2554 900 2599 nec
922 2534 978 2599 alii
997 2538 1170 2621 suppetant
1186 2530 1290 2598 idonei
1308 2536 1416 2608 testes,
1433 2539 1511 2600 tunc

330 2660 428 2727 iudex
450 2661 596 2728 collectis
622 2659 881 2727 attestmionibus
911 2661 1045 2745 aliisque
1072 2658 1273 2724 documentis
1300 2677 1360 2743 per
1381 2658 1511 2741 specia-

331 2783 496 2850 tissimam
519 2783 766 2866 inquisitionem,
791 2781 993 2854 deliberabit,
1020 2801 1063 2845 an
1086 2779 1240 2846 eiusmodi
1266 2780 1397 2845 testium
1424 2779 1510 2844 dicta

330 2910 395 2976 sint
416 2913 575 2994 suspecta,
599 2913 632 2972 et
654 2911 763 2972 utrum
787 2927 807 2971 a
829 2907 969 2972 veritate
993 2905 1100 2970 aliena
1121 2905 1175 2970 vel
1200 2904 1302 2989 magis
1326 2923 1398 2969 cum
1424 2905 1508 2967 rori·

329 3038 396 3100 tate
427 3013 608 3099 cohaerere
637 3031 819 3096 videantur.
852 3031 1003 3097 Ceterum
1033 3029 1132 3095 iudex
1167 3030 1374 3114 interrogans
1409 3031 1509 3094 testes

331 3155 485 3223 eiusmodi
509 3158 664 3236 occultos,
681 3161 775 3220 caute
798 3157 957 3221 rationem
978 3155 1136 3238 exquiret,
1154 3152 1193 3218 ob
1212 3172 1306 3236 quam
1322 3153 1436 3217 nolunt
1452 3171 1510 3217 sua

329 3282 460 3346 nomina
483 3280 641 3365 evulgari.
665 3280 708 3346 Et
723 3279 867 3344 rationes
889 3298 955 3344 non
977 3277 1078 3342 semel
1097 3277 1209 3361 vigent
1223 3275 1303 3341 adeo
1319 3280 1509 3370 perspectae

330 3409 365 3470 ut
387 3406 447 3470 has
471 3403 648 3489 reprobare
662 3422 729 3468 non
752 3403 853 3488 possit
867 3401 975 3475 iudex,
992 3401 1046 3484 qui
1069 3400 1250 3466 arbitratur
1271 3397 1415 3484 prudens
1437 3416 1509 3463 esse

329 3549 447 3595 nomen
458 3529 623 3594 occultare
635 3528 726 3592 testis
741 3531 774 3591 et
786 3525 888 3590 nihilo
903 3526 1011 3590 secius
1026 3525 1154 3608 plenam
1165 3520 1262 3588 fidem
1278 3522 1399 3586 mereri
1411 3521 1507 3587 buius
1545 3523 1549 3540 '

329 3655 578 3720 attestationem.
590 3688 607 3701 -
621 3651 659 3719 Iri
676 3651 862 3720 constitutis
877 3643 1008 3714 reorum
1024 3647 1060 3714 iit
1075 3647 1269 3716 contestatio
1282 3647 1508 3732 probationum

330 3784 363 3845 et
385 3777 626 3846 attestationum
652 3781 779 3842 scaete
807 3781 1018 3861 exceptarum
1046 3776 1079 3838 ct
1104 3773 1267 3838 accusatio
1294 3772 1339 3836 ita
1360 3772 1507 3855 aperitur

330 3904 480 3988 inquisito
510 3907 546 3968 ut
576 3903 644 3987 ipse
675 3899 837 3966 efficacius
869 3899 1016 3966 consulat
1042 3917 1119 3962 suae
1143 3896 1333 3970 defensioni,
1357 3895 1507 3978 quoniam

329 4027 391 4091 etsi
414 4027 544 4111 ignorat
566 4041 683 4088 nomen
706 4023 807 4095 testis,
830 4027 939 4086 tamen
964 4021 1130 4105 cognoscit
1144 4017 1354 4083 substantiam
1378 4020 1507 4082 attesta-

330 4148 434 4216 tionis.
453 4184 471 4197 -
489 4148 667 4214 Processus
690 4151 796 4211 autem
820 4146 960 4211 habetur
982 4141 1180 4209 sufficienter
1203 4143 1388 4214 instructus,
1410 4160 1508 4224 quum

330 4273 427 4338 iudici
449 4271 621 4337 videantur
637 4292 679 4336 ex
694 4272 778 4337 actis
797 4276 829 4336 et
845 4269 999 4357 attcpatis
1022 4269 1164 4354 inquisiti
1180 4272 1307 4334 scatere
1330 4270 1385 4332 aut
1407 4267 1508 4330 reitas

329 4405 385 4465 aut
400 4399 603 4473 innocentia;
620 4397 828 4483 quamobrem
844 4393 1090 4482 pronuncianda
1104 4400 1154 4460 est
1176 4394 1337 4460 sententia
1351 4397 1407 4457 aut
1432 4409 1509 4458 coa·
