3350 5100
408 337 452 389 1111
476 338 882 391 1uo1ensoa1nmnnmus
906 343 941 390 111
965 342 1082 390 sonore
1268 323 1332 387 409

148 475 295 550 possum
310 469 379 534 nisi
401 470 492 534 edito
515 470 682 536 decisione
706 475 766 534 etc.
784 492 815 532 a.
841 472 935 535 Ratio
959 476 1017 542 est,
1035 473 1108 554 quia
1130 471 1262 544 iudices,
1279 474 1332 555 qui

152 593 260 657 aulam
277 594 460 658 audientiae
477 615 541 658 non
558 595 712 660 deserunt
728 597 786 659 nisi
805 594 936 661 delinita
952 616 1058 676 causa,
1074 597 1161 661 hanc
1175 595 1334 661 deliniunt

151 736 225 780 cum
249 717 346 801 plena
361 721 407 783 rei
433 719 617 804 cognitione
633 739 708 783 mox
723 719 890 804 desumpta
913 740 955 784 ex
978 723 1047 805 ipso
1069 723 1333 788 contendentium

152 861 229 916 ore;
255 849 288 906 et
303 819 400 926 quum
424 846 585 908 neminem
609 845 815 928 alloquantur
838 851 913 911 ante
936 816 1234 930 pronunciationem
1258 869 1329 912 sen-

151 970 286 1049 tentiae,
314 971 359 1034 ita
380 971 521 1034 animum
553 977 687 1035 servant
717 973 888 1036 immunem
920 974 1015 1036 etiam
1042 993 1062 1035 a
1087 975 1268 1057 suspicione
1291 993 1333 1037 ne
1369 1024 1373 1030 .

152 1096 359 1178 importunae
374 1097 678 1168 commendationes,
696 1106 751 1162 aut
774 1073 1038 1162 extraiudiciales
1053 1098 1185 1162 notitiae
1200 1117 1333 1182 praeva-

151 1218 277 1283 luerint
300 1221 432 1285 intimae
455 1223 655 1306 persuasioni
680 1243 721 1286 ex
749 1242 904 1306 processu
931 1224 1074 1287 haustae.
1101 1257 1120 1270 -
1146 1224 1245 1286 Nemo
1269 1243 1332 1286 non
1408 1304 1412 1311 .

153 1344 242 1408 videt
255 1345 390 1411 utillime
406 1350 502 1413 etiam
518 1350 551 1412 in
564 1349 635 1412 1010
648 1347 764 1414 eccles.
782 1348 908 1412 servari
921 1349 1006 1412 hanc
1018 1367 1175 1429 normam,
1188 1350 1334 1430 quamvis

151 1491 312 1556 expresse
328 1473 411 1537 haec
426 1493 490 1538 non
508 1473 656 1538 iubeatur
672 1476 703 1537 in
721 1476 774 1539 cit.
792 1482 854 1539 art.
873 1511 891 1521 -
909 1475 1019 1548 Quare
1037 1483 1162 1559 tempus
1178 1474 1333 1538 intermit-

149 1605 225 1664 tere
248 1600 336 1662 inter
354 1599 617 1684 disceptationem
642 1619 759 1664 causae
774 1606 807 1664 et
822 1599 1040 1664 definitionem
1061 1619 1126 1663 non
1150 1601 1213 1664 erit
1235 1617 1334 1663 causa

150 1722 322 1796 nullitatis,
347 1722 403 1787 sed
428 1726 509 1788 ratio
533 1723 739 1808 procedendi,
765 1726 825 1788 nisi
851 1726 933 1791 ratio
956 1731 1104 1809 suppetat
1126 1726 1246 1808 gravis,
1271 1729 1334 1791 erit

150 1849 261 1914 minus
292 1850 434 1934 prudens
462 1857 494 1914 et
523 1858 623 1918 recta.
649 1887 666 1899 -
695 1852 810 1916 Partes
834 1871 924 1922 vero,
948 1851 1073 1915 scilicet
1102 1856 1273 1915 accusator
1300 1856 1334 1918 et

149 1979 326 2040 accusatus
353 1977 470 2040 iterum
494 1974 722 2060 ingrediuntur
744 1975 851 2038 aulam
873 1974 1057 2038 audientiae
1080 1980 1115 2038 ut
1138 1975 1331 2038 sententiam

148 2102 297 2167 audiant.

243 2226 320 2290 344.
345 2227 512 2292 Articulus
536 2230 588 2292 cit.
614 2229 735 2308 statuit,
756 2229 956 2293 sententiam
971 2228 1027 2292 edi
1041 2227 1201 2292 dictando
1218 2227 1332 2308 dispo·

148 2351 298 2424 ducam,
315 2353 479 2436 quocirca,
496 2357 630 2437 praeter
653 2352 897 2435 dispositioom,
922 2353 1002 2415 nihil
1026 2351 1112 2415 aliud
1137 2352 1264 2416 videtur
1279 2370 1331 2416 rc-

149 2474 247 2560 quiri
269 2477 301 2538 in
327 2477 498 2540 sententia.
512 2477 637 2541 Verum
654 2477 782 2560 exquiri
801 2481 928 2562 partem
944 2477 1040 2539 etiam
1059 2475 1276 2540 aromaticam
1300 2480 1333 2538 et

148 2604 316 2670 motioom
332 2604 420 2668 inira
435 2604 548 2670 dicam.
567 2604 651 2670 Sane
667 2605 828 2670 sententia
843 2623 953 2688 perse
970 2604 1153 2668 continetur
1175 2604 1207 2667 in
1223 2603 1333 2685 dispo·

148 2729 264 2801 sitioo,
282 2733 315 2793 et
330 2728 474 2812 reliquae
498 2734 617 2813 partae,
636 2734 766 2811 posteo,
783 2748 910 2811 quoque
925 2726 997 2791 addi
1014 2727 1133 2797 valent,
1150 2726 1191 2790 ad
1206 2731 1332 2790 senten·

149 2856 231 2917 tiam
254 2854 382 2939 integre
405 2850 644 2937 perficiendam.
667 2852 776 2917 Codex
800 2854 854 2915 cit.
880 2853 977 2937 Greg.
1002 2852 1047 2915 ita
1062 2872 1132 2916 rem
1155 2824 1330 2935 distinguit,

150 2977 268 3043 iubens
292 2980 325 3041 in
341 2984 402 3042 art.
421 2978 501 3043 450:
521 2978 723 3043 «Sententia
742 2979 810 3041 sive
833 2974 1040 3055 absolutoria,
1057 2976 1125 3039 sive
1141 2974 1332 3039 condemna-

149 3106 238 3168 toria
261 3104 405 3167 continet
429 3101 558 3173 iactum,
574 3107 606 3166 et
622 3103 691 3166 eius
707 3101 900 3186 principalia
922 3100 1084 3172 adiuncta,
1108 3098 1214 3164 refert
1228 3098 1331 3163 decla·

150 3228 297 3292 rationes
320 3225 422 3292 editas
437 3246 458 3290 a
474 3226 628 3291 tribunali
648 3234 690 3299 et,
707 3227 740 3289 in
762 3245 840 3291 casu
856 3223 1143 3297 condemnationis,
1158 3223 1330 3288 articulum

150 3354 231 3417 citat
259 3357 317 3416 aut
347 3352 502 3417 articulos
531 3353 613 3437 legis
641 3351 718 3416 inibi
749 3352 977 3437 applicatae».
1011 3352 1130 3415 Postea
1163 3351 1331 3415 seiunctim

150 3483 388 3544 enumerantur
404 3484 512 3563 partes
522 3478 720 3551 sententiae,
736 3477 862 3541 scilicet
876 3479 910 3540 in
922 3483 982 3540 art.
998 3476 1073 3541 451:
1092 3474 1208 3539 «Pars
1223 3476 1333 3559 dispo·

148 3603 251 3668 silico
267 3622 288 3666 a
303 3602 451 3688 praeside
467 3602 638 3668 tribunalis
653 3602 835 3687 subscripta
851 3607 882 3665 et
898 3621 918 3665 a
933 3600 1090 3666 iudicibus
1102 3601 1283 3666 immediate
1299 3602 1332 3665 in

149 3728 264 3793 eodem
288 3728 365 3793 folio
389 3726 529 3793 traditur
551 3728 758 3801 cancellaria
782 3746 887 3810 aquo
911 3746 1021 3792 coram
1045 3725 1211 3796 iudicibus,
1227 3744 1330 3811 prom.

150 3852 254 3919 fiscali
278 3858 312 3919 et
334 3852 551 3929 adhaerente,
575 3854 701 3918 eteius
731 3853 904 3918 defensore
928 3860 962 3917 et
987 3855 1130 3918 accusati
1160 3851 1332 3916 defensore

149 3982 272 4067 legitur
296 3986 329 4045 et
351 4001 416 4045 una
438 3980 532 4045 simul
557 3980 728 4064 evulgatur
751 3981 784 4053 in
807 3980 883 4044 aula
905 3980 1088 4044 audientiae
1103 4000 1134 4041 a,
1160 3978 1233 4042 Art.
1251 3978 1330 4045 452:

153 4130 171 4169 ‹
189 4106 364 4173 Sententia
384 4111 553 4171 erraretur
576 4124 598 4169 o
616 4104 779 4188 praeside
802 4104 984 4170 tribunalis
1005 4109 1065 4169 out
1087 4102 1130 4169 ob
1153 4102 1269 4187 aliquo
1288 4122 1333 4168 eoo

148 4230 328 4299 iudicibus,
354 4231 414 4316 qui
437 4231 483 4296 ort
507 4230 597 4297 hono
620 4232 773 4313 effectum
800 4230 978 4315 detegatur
1001 4234 1032 4295 et
1055 4231 1082 4294 si
1106 4228 1331 4292 obiectorum

148 4362 402 4446 implicationem
425 4366 490 4434 aut,
508 4358 547 4422 ob
564 4356 650 4424 aliud
666 4358 865 4429 adiunctum,
880 4378 945 4422 non
960 4363 1065 4441 potest
1084 4357 1171 4421 illico
1188 4358 1330 4430 exarari,

149 4489 182 4551 in
206 4488 347 4555 termino
371 4485 485 4550 saltem
509 4486 605 4551 trium
630 4484 765 4565 dierum,
789 4484 886 4549 datur
909 4483 1106 4549 cancellario
1130 4488 1163 4547 et
1178 4484 1332 4550 transcri-
