3350 5100
321 274 386 341 564
829 296 914 343 reas
938 294 989 341 111.

321 414 488 480 intellectis,
508 416 561 470 fuit
586 414 734 487 inquisitus
753 432 801 485 per
822 416 909 470 unum
935 416 1057 470 Iudicem
1082 417 1272 485 interrogatus
1292 420 1384 468 atrum
1403 430 1502 485 parere
1578 448 1585 465 .

319 522 456 579 intendat.
478 524 635 597 Habitaque
651 524 830 593 responsione
850 524 1027 589 affirmativa,
1039 525 1154 579 fuerunt
1171 522 1326 594 inquisitio.
1344 539 1393 591 per
1411 522 1500 576 Duum

320 628 439 684 ludicem
453 630 599 699 impositae
614 630 803 698 poenitentiae
817 628 956 683 salutares
970 628 998 683 in
1012 634 1108 685 senten
1114 626 1153 683 tia
1166 632 1324 683 contentae.
1344 626 1422 681 Tunc
1434 642 1501 681 vero

321 734 470 804 inquisitus
480 736 643 802 'genuflexus
656 750 749 789 coram
760 734 856 789 eodem
868 734 926 789 Duo
936 740 1021 806 atque
1031 739 1150 803 tangens
1160 734 1343 787 Sacrosancta
1353 733 1401 787 Dei
1413 733 1504 785 Eran-

319 842 395 912 gelia
413 845 479 896 ante
498 859 526 897 se
546 842 636 911 posits
654 842 795 896 abiuravit
814 841 945 897 haereses
963 846 992 895 et
1011 858 1128 907 errores,
1142 847 1224 911 prout
1242 841 1271 893 in
1291 840 1399 895 adnexa
1416 839 1498 894 sche-

319 948 384 1003 dula
408 950 592 1003 abiurationis
616 966 697 1011 suam
717 965 772 1021 qua
797 950 975 1006 abiuratione
1000 956 1126 1019 peracta,
1144 948 1237 1002 adbuc
1261 948 1421 1018 genedexus
1444 949 1500 1001 tuit

318 1052 463 1109 absolutus
481 1056 509 1108 in
528 1056 617 1108 torma
643 1054 785 1109 Ecclesiae
805 1061 938 1109 consueta
956 1072 973 1109 a
991 1055 1133 1109 sententia
1155 1053 1451 1108 excommunicationis
1469 1060 1500 1107 et

319 1162 345 1216 S.
367 1162 405 1216 M.
425 1163 455 1215 E.
475 1162 681 1228 reconciliatus,
695 1162 827 1217 adhibitis
846 1164 1020 1217 orationibus
1032 1168 1061 1217 et
1074 1163 1258 1217 caeremoniis
1276 1162 1368 1216 solitis
1386 1166 1415 1216 et
1434 1178 1500 1215 con·

318 1268 412 1321 suetis.
438 1266 543 1328 Quibus
562 1266 680 1331 habitis,
700 1266 830 1321 dimissus
856 1267 925 1330 mit,
945 1268 1053 1320 iuratus
1072 1267 1106 1319 ad
1132 1270 1238 1321 tactum
1257 1284 1278 1319 s.
1299 1264 1445 1335 Evangelii
1464 1264 1498 1319 de

316 1376 424 1428 secretu
443 1372 578 1429 serrendo
597 1374 687 1443 quoad
706 1373 790 1439 elios,
811 1378 896 1445 atque
916 1374 1044 1443 praevia,
1063 1376 1091 1427 in
1111 1374 1326 1443 praemissorum
1350 1373 1500 1425 conflrma-

317 1480 430 1545 tienem,
450 1480 545 1549 ipsius,
565 1480 688 1543 testium,
709 1480 819 1551 meique
839 1480 1052 1551 subscriptione.

1066 1603 1100 1657 N.
1119 1603 1153 1656 N.
1175 1603 1354 1673 (subscriptio
1371 1603 1424 1674 rei)

1064 1709 1096 1764 N.
1117 1710 1148 1763 N.
1170 1710 1348 1781 (subscriptio
1367 1710 1477 1780 ludicis)

1066 1814 1098 1867 N.
1119 1814 1151 1867 N.
1172 1814 1263 1869 Testis

1066 1922 1098 1975 N.
1120 1921 1152 1975 N.
1173 1920 1271 1977 Testis.

407 2049 477 2102 Acta
496 2052 561 2101 sunt
580 2064 628 2117 per
647 2064 690 2103 me
710 2028 850 2101 notarium
869 2052 1043 2117 assumptum

860 2170 895 2223 N.
914 2170 949 2223 N.

403 2348 559 2433 Equidem
581 2349 814 2415 Instructienes
838 2348 941 2415 editas
957 2370 977 2414 a
992 2350 1024 2416 S.
1043 2348 1161 2417 Officio
1177 2351 1229 2415 rel
1246 2312 1310 2415 alia
1333 2352 1493 2435 rescripta

312 2482 367 2539 aut
389 2474 522 2539 decreta
546 2494 610 2539 non
628 2474 780 2561 explicite
797 2475 922 2539 faciunt
945 2475 1032 2541 hanc
1054 2475 1159 2561 legem
1176 2474 1361 2540 Ordinariis
1383 2481 1419 2540 ut
1434 2477 1493 2560 ipsi

312 2620 407 2684 quum
430 2600 613 2667 ordinaria
636 2601 816 2685 procedunt
840 2605 1017 2686 potestate,
1042 2599 1186 2665 eamdem
1211 2607 1389 2683 sequantur
1416 2619 1490 2664 nor·

312 2746 412 2807 mam,
436 2725 492 2791 sed
520 2731 610 2790 certe
638 2726 723 2790 hanc
754 2744 927 2811 processus
957 2726 1116 2791 rationem
1148 2743 1228 2810 prae
1258 2725 1361 2790 oculis
1391 2744 1492 2808 usque

311 2849 433 2915 habere
456 2849 575 2917 debent
591 2853 625 2914 ut
640 2849 818 2934 prudenter
835 2856 867 2914 et
882 2855 976 2915 caute
1000 2849 1178 2934 procedant
1195 2851 1228 2914 in
1244 2853 1335 2916 tanto
1351 2853 1489 2936 negotio.

311 2974 416 3049 Quum
439 2993 518 3038 vero
542 2972 721 3058 procedunt
745 2991 787 3038 ex
811 2974 1040 3038 commissione
1063 2974 1095 3037 S.
1114 2970 1223 3040 Officii
1247 2973 1343 3038 huius
1366 2974 1490 3039 Instru-

311 3099 433 3164 ction'es
460 3099 548 3182 sequi
572 3097 690 3163 debent
713 3103 746 3164 et
768 3098 923 3183 specialia
945 3097 1057 3164 tacere
1080 3097 1232 3162 mandata
1254 3096 1435 3183 significata
1458 3099 1491 3164 in

310 3224 468 3306 rescripto
491 3223 724 3288 commissionis
748 3243 804 3288 seu
828 3223 1053 3308 delegationis.

397 3347 471 3412 544.
496 3346 592 3410 Modo
608 3365 668 3430 per
692 3354 865 3412 extensum
890 3346 1064 3411 referimus
1080 3347 1330 3413 instructionem
1344 3365 1376 3412 a.
1388 3345 1489 3428 1867,
1529 3334 1537 3344 ’

309 3471 364 3536 (lis
386 3469 437 3535 20
459 3469 558 3536 Febr.

395 3664 470 3724 Quae
489 3663 640 3732 Supremas
660 3664 789 3718 Pontifex
808 3665 847 3733 gl.
867 3681 948 3717 mem.
968 3664 1137 3718 Benedictus
1155 3664 1230 3729 XlV,
1242 3665 1271 3716 in
1287 3665 1490 3719 constitutione

306 3769 349 3824 die
371 3769 468 3824 llunii
488 3785 561 3824 anno
581 3769 645 3824 1741
667 3769 751 3837 edita,
771 3770 851 3824 euius
870 3770 981 3824 initium
1001 3770 1277 3826 est-sacrasanctam
1290 3772 1488 3841 poenitentioe,

303 3876 480 3930 confirmavit
498 3891 530 3930 ac
549 3876 683 3942 decrevit,
695 3877 729 3931 aa
748 3877 782 3958 sd
801 3875 871 3931 baec
887 3881 1008 3948 quatuor
1026 3877 1147 3931 maxime
1159 3878 1253 3946 capita
1265 3877 1444 3932 reducuntur.
1458 3877 1487 3930 lu

303 3983 407 4052 primis,
421 3983 650 4054 quemadmodum
662 3985 717 4037 ism
727 3987 813 4039 antee
821 3985 961 4038 sancitum
974 3985 1066 4039 fuerat
1075 3985 1238 4053 praesertim
1249 3983 1412 4054 adrogorio
1422 3985 1485 4050 XV,

303 4087 503 4143 constitutione
522 4105 593 4158 quse
612 4091 662 4142 sub
682 4090 726 4144 die
746 4089 920 4159 serraquae
947 4106 1020 4144 enno
1041 4090 1111 4145 1622
1129 4091 1194 4145 date
1219 4091 1321 4161 incipit
1350 4093 1487 4152 Universa

301 4209 396 4248 omnes
408 4193 533 4248 locorum
547 4194 684 4249 Ordinarii
701 4212 789 4268 eaque
802 4213 834 4250 ec
848 4197 1028 4268 inquisitores
1039 4197 1210 4265 deputantur
1224 4198 1330 4252 iudices
1348 4199 1382 4252 ad
1396 4199 1488 4269 inqui-

302 4299 416 4354 rendum
435 4304 465 4355 et
484 4301 685 4369 procedendum
704 4307 733 4356 et
751 4303 898 4373 condignis
917 4303 1013 4372 poenis
1031 4303 1308 4358 animadvertendum
1322 4304 1487 4360 centrasol·

302 4407 443 4460 licitantes
453 4407 486 4460 sd
497 4408 590 4476 turpia
604 4409 631 4460 in
642 4409 824 4475 consessione,
835 4410 962 4481 quamvis
971 4411 1006 4462 ab
1016 4410 1157 4464 ordinaria
1170 4411 1362 4467 iurisdictione
1371 4427 1486 4483 quomo-
